3774 6186
112 250 177 317 173

111 428 255 476 eausam
270 414 361 490 regis
373 411 520 492 ejusdem
536 415 704 491 propriam
711 415 910 492 reputemus.

735 253 961 316 EPISTOLAE.
985 255 1062 315 LIB.
1087 257 1142 317 ΙΙΙ.

1700 257 1754 316 til

968 415 1080 475 ventui
1107 416 1218 477 Sancti
1244 416 1372 487 Portus,
1403 415 1634 478 cisterciencis
1659 415 1753 477 ordi-

114 512 161 572 Ut
189 512 293 587 igitur
318 511 480 572 offensam
510 511 651 573 redimat
675 513 911 589 precedentem
968 512 1030 583 nis,
1047 512 1186 574 salutern
1203 512 1236 574 et
1250 513 1465 589 apostolicam
1480 512 1752 574 benedictionem.

113 609 150 669 et
161 609 279 684 gratie
294 623 330 670 se
344 609 484 685 coaptet,
500 609 541 670 de
552 624 615 686 qua
626 609 732 686 ipsum
748 624 814 669 non
829 625 911 670 con-

1002 609 1198 670 postulastis
1212 625 1230 670 a
1249 609 1354 680 nobis,
1374 612 1410 672 ut
1424 626 1497 672 curn
1512 612 1613 672 vestri
1630 611 1752 672 statuta

114 706 212 769 venit
245 706 434 783 desperare,
463 707 581 767 iterum
610 704 674 766 sibi
698 706 848 768 dedimus
875 709 911 768 in
966 706 1092 766 ordinis
1114 723 1173 767 vos
1199 707 1376 769 observare
1390 709 1539 784 oporteat
1561 708 1699 779 illibata,
1721 709 1755 769 et

115 804 292 874 mandatis,
314 805 351 864 ut
365 803 405 864 ad
429 802 741 879 praesentiamregis
762 804 910 880 ejusdem

115 897 341 962 indubitanter
367 900 539 971 accedens,
561 901 595 962 et
611 900 826 962 villicationis
840 916 909 962 suae

965 802 1183 865 dedicationis
1207 804 1356 865 ecclesiae
1384 805 1503 866 vestrae
1531 804 1693 866 festivitas
1713 820 1752 866 eo

942 948 944 955 .
965 899 1158 976 quandoque
1172 903 1319 977 tempore
1329 900 1524 962 celebranda
1534 901 1628 962 vobis
1641 915 1753 963 occur·

115 996 388 1059 reddatdebitam
411 997 585 1059 rationem.
608 999 659 1058 Ne
686 1012 767 1059 vero
785 1013 911 1059 merno-
964 997 1105 1073 ratque
1126 998 1307 1058 secundum
1328 998 1475 1073 ejusdem
1498 996 1624 1059 ordinis
1647 1000 1751 1060 vestri

116 1094 180 1155 rati
210 1095 301 1170 regis
326 1095 490 1173 justitiam
518 1095 687 1171 negligere
724 1095 906 1166 videamur,

115 1189 311 1253 discretioni
323 1195 390 1254 tuae
403 1209 462 1269 per
473 1193 661 1269 apostolica
677 1193 799 1269 scripta
814 1208 910 1252 man·

115 1287 244 1360 damus,
260 1291 423 1366 qnatenus
435 1291 463 1350 si
477 1290 585 1351 dictus
596 1290 799 1367 justitiarius
808 1306 907 1351 man-

113 1384 228 1446 datum
243 1386 391 1448 nostrum
406 1387 641 1464 contempserit
665 1387 856 1463 adimplere,
873 1388 908 1449 tu

108 1496 188 1542 eum
224 1483 319 1543 adid
345 1498 404 1560 per
435 1484 694 1545 ecelesiasticam
719 1499 905 1555 censuram,

107 1580 340 1656 appellatione
352 1583 489 1652 remota,
506 1580 696 1658 compellas.
715 1582 829 1641 Datum
844 1583 909 1641 La-

101 1676 233 1749 terani,
255 1680 299 1738 vl
322 1678 389 1739 kal.
415 1678 547 1755 aprilis,
571 1666 780 1754 pontificatus
802 1677 906 1739 nostrl

102 1775 323 1836 amoene.

437 1863 590 1950 CLXIV

102 1987 164 2047 Ad
178 1990 353 2061 episcopos
362 1991 400 2048 tn
413 1991 686 2068 repuoldruuetoe
693 1987 904 2049 constitutos.

400 2091 532 2149 1711611.
548 2091 626 2149 ille.

204 2184 339 2252 [bouquet
352 2188 455 2238 necasti
467 2189 510 2237 des
523 2189 598 2248 lbet,
610 2194 630 2238 1.
642 2186 709 2245 iiix,
718 2200 744 2252 p.
755 2187 814 2247 olm

312 2260 420 2320 Regest,
433 2258 478 2308 lib.
492 2257 699 2322 nimietate]

110 2347 206 2415 Quum
218 2347 360 2404 iionoriue
370 2347 529 2418 pactionem
547 2345 659 2404 iecbset
673 2362 738 2404 cum
756 2348 904 2421 163611111-

145 2435 224 2506 lippo
241 2433 280 2491 de
295 2434 455 2507 colligenda
471 2433 630 2493 reddituum
646 2436 904 2493 sedeciastioorum

147 2523 285 2578 vicesima
311 2521 427 2579 mandet
442 2523 585 2595 episcopie
600 2531 630 2580 ul
644 2533 818 2597 exemptesa
833 2524 905 2582 eolu-

144 2611 224 2667 tione
245 2610 320 2666 illins
333 2609 457 2667 babeant
475 2611 704 2670 cluniacensium
721 2614 867 2670 eeclesias.

152 2708 321 2770 Honorius
338 2709 548 2785 episcopus...
570 2710 815 2772 venerabilibus
832 2710 904 2772 lra-

112 2804 219 2865 tribus
243 2806 502 2884 archiepiscopis
530 2807 563 2868 et
585 2807 750 2883 episcopis
771 2824 830 2884 per
850 2824 905 2870 re-

112 2916 212 2981 gnum
228 2903 378 2963 Franciae
393 2903 578 2964 constitutis
594 2904 744 2976 salutem,
761 2906 822 2966 etc.

149 3000 243 3060 Licet
252 2998 426 3076 quamdam
446 3000 573 3076 partem
587 3001 754 3062 vicesimae
776 3006 906 3063 vestra-

114 3109 182 3155 rum
199 3095 462 3159 ecclesiarumet
476 3097 668 3158 dioecesium
684 3100 856 3161 carissimo
870 3101 903 3161 in

113 3192 243 3255 christo
266 3192 336 3254 tilio
352 3194 465 3255 nostro
481 3194 739 3271 Philippensem
758 3198 905 3259 Franco-

112 3302 180 3350 rum
206 3289 342 3361 illustri,
359 3306 418 3367 pro
442 3292 575 3367 negotio
600 3292 692 3367 pacis
716 3293 749 3354 et
769 3293 846 3354 ddei
868 3295 903 3355 in

109 3386 297 3449 Provincia
310 3387 458 3464 partibus
475 3388 695 3464 promovendo
711 3389 904 3452 duxerimus

104 3472 369 3559 concedendam
392 3484 426 3545 in
441 3485 562 3546 litteris
574 3489 685 3547 tamen
701 3486 805 3562 ipsius
818 3503 902 3550 oon-

99 3581 272 3642 cessionis
300 3581 535 3658 expressimus,
564 3582 650 3658 quod
671 3585 902 3646 concessiones

97 3680 205 3740 antea
230 3677 334 3739 factas
349 3678 460 3740 salvas
475 3679 619 3740 existere
634 3679 825 3741 volebamus
841 3680 900 3759 (l).

97 3774 213 3849 Quum
227 3774 331 3850 igitur
344 3777 412 3837 tam
425 3775 532 3838 felicis
545 3777 712 3838 memoriae
734 3781 902 3840 Innocen-

97 3871 171 3934 tius
193 3875 298 3949 Papa,
315 3872 540 3948 praedeeessor
563 3876 686 3944 noster,
710 3890 807 3951 quarn
828 3891 900 3947 nos,

97 3969 313 4031 monasterio
353 3969 562 4031 cluniacensi
600 3984 660 4046 pro
698 3970 901 4033 relevatione

97 4064 305 4134 debitorum,
327 4064 653 4142 quibusgravissime
678 4066 899 4142 premebatur,

97 4159 324 4221 ecclesiarum
334 4174 470 4219 suarum
484 4160 675 4221 vicesimam
693 4163 902 4223 concesseri-

97 4271 190 4327 mus,
208 4256 421 4333 praeseniium
436 4256 528 4318 vobis
542 4257 738 4319 auctoritate
758 4260 900 4321 manda-

97 4367 191 4425 mus,
206 4353 369 4429 quatenus
382 4353 617 4416 monasterium
632 4355 753 4431 ipsum,
763 4356 816 4417 vel
827 4359 900 4435 ejus

97 4450 352 4522 eeclesiasnon
362 4449 899 4528 requiratissuperipsavicesima‚

98 4561 167 4607 neo
191 4546 317 4623 requiri
345 4546 522 4624 abaliquo
548 4548 757 4623 permittatis.
782 4552 899 4612 Datum

103 4643 274 4715 laterani,
288 4644 331 4704 Vl
347 4642 413 4703 kal.
426 4644 554 4720 aprilis,
567 4644 777 4720 pontificatus
793 4650 899 4710 nostri

113 4739 322 4801 annotatio.

435 4829 568 4915 clxv

165 4952 217 5012 Ad
236 4951 392 5012 abactam
402 4951 436 5012 et
449 4953 655 5014 conuentum
663 4956 699 5016 S.
710 4955 839 5017 Portus

304 5039 540 5100 cisterciensis
552 5044 695 5107 ordinis.

388 5142 423 5199 le
434 5150 517 5199 mart.
532 5143 611 5200 1119.

284 5237 496 5301 [Hertauei'bes.
510 5239 607 5289 Anecd.
617 5240 636 5297 1,
647 5239 715 5306 alt]

236 5328 279 5383 De
292 5325 364 5384 lesto
382 5325 571 5384 dedicationis
585 5327 767 5391 celebrando.

145 5432 323 5503 Honorius,
340 5433 414 5503 etc..
426 5433 557 5495 dilectis
567 5433 644 5495 tiliis
658 5435 770 5499 abbati
778 5441 811 5501 et
823 5455 899 5501 oon·

965 1093 1086 1155 statuta
1099 1094 1226 1154 nullum
1244 1095 1337 1156 vobis
1361 1096 1411 1156 est
1425 1095 1550 1156 licitum
1571 1093 1749 1165 celebrare,

963 1191 1137 1266 providere
1166 1193 1259 1253 vobis
1278 1207 1379 1268 super
1404 1193 1466 1253 lroc
1494 1191 1752 1255 misericorditer

963 1287 1186 1364 dignaremur.
1210 1292 1278 1351 Nos
1302 1290 1404 1365 igitur
1424 1290 1544 1351 vestris
1568 1306 1668 1366 snper
1689 1290 1751 1351 boc

963 1386 1749 1463 postulationibuspiooondescendeutesaffeotu,

963 1483 1174 1557 praesentium
1189 1484 1386 1544 auctoritate
1403 1484 1588 1554 statuimus,
1607 1487 1642 1544 ut
1658 1483 1752 1544 teeti-

961 1579 1047 1638 11166
1060 1581 1249 1656 supradicta
1263 1581 1360 1642 tertio
1374 1596 1478 1640 nonas
1492 1580 1634 1641 octobris
1651 1581 1750 1641 antris

961 1675 1102 1750 singulis
1132 1678 1290 1753 perpetuo
1326 1677 1520 1739 celebretur.
1552 1676 1643 1737 Nulli
1671 1692 1751 1750 erpo

962 1771 1096 1833 omnino
1110 1774 1280 1834 hominum
1293 1773 1393 1835 liceat
1407 1774 1493 1834 hanc
1507 1774 1661 1849 paginam
1673 1789 1752 1834 nos·

961 1869 1020 1929 116
1050 1871 1294 1931 constitutionis
1318 1871 1510 1946 infringere,
1540 1870 1592 1931 vel
1613 1870 1643 1930 ei
1668 1886 1750 1930 ausu

960 1966 1137 2027 temerario
1153 1967 1330 2029 contraire.
1355 1968 1389 2027 Si
1405 1967 1479 2043 quis
1494 1969 1605 2028 autern
1620 1968 1682 2027 boo
1700 1969 1752 2027 at·

960 2063 1088 2124 tentare
1103 2064 1350 2148 praesumpserit
1365 2064 1625 2140 indignationem
1638 2065 1751 2124 omui-

961 2163 1102 2238 potentis
1113 2162 1173 2222 Dei
1185 2164 1218 2223 et
1227 2161 1397 2223 beatorum
1411 2161 1501 2222 Petri
1512 2160 1647 2222 etPauli
1658 2177 1752 2237 apos-

959 2258 1100 2319 tolorum
1112 2261 1183 2333 ejus
1198 2274 1233 2318 se
1248 2259 1380 2318 noverit
1394 2257 1614 2317 incursurum.
1632 2258 1748 2318 Datum

961 2354 1115 2415 Laterani
1131 2357 1158 2414 V
1174 2353 1241 2414 kal.
1263 2353 1391 2431 aprilis,
1416 2354 1624 2430 pontificatus
1644 2356 1748 2415 nostri

960 2450 1172 2513 annotertio.

1281 2539 1432 2625 CLXVI

959 2664 1010 2723 nd
1039 2664 1177 2735 priores
1209 2663 1345 2723 Sancto·
1379 2664 1610 2737 Rudepuudis,
1633 2662 1752 2724 Sancti

998 2761 1145 2829 Hilarii,
1175 2759 1210 2819 et
1243 2761 1488 2820 subdiaconum
1520 2759 1750 2820 Piciootensis

999 2859 1160 2917 ecclesiae.
1638 2867 1645 2903 t

1242 2932 1276 2989 18
1292 2939 1373 2989 mart.
1390 2932 1468 2989 1119.

990 3027 1109 3091 [aegest.
1122 3028 1167 3077 lib.
1181 3028 1224 3084 111,
1235 3027 1311 3091 epist.
1323 3027 1378 3078 310.
1387 3029 1444 3079 bles.
1453 3029 1489 3079 Le
1498 3029 1573 3078 Porto
1581 3028 1616 3077 du
1626 3027 1720 3092 visit]

959 3128 1033 3198 Erga
1047 3126 1201 3183 canonicos
1216 3124 1335 3182 rebelles
1352 3125 1401 3182 sed
1412 3127 1583 3197 prenitentes
1594 3126 1751 3182 misericor·
1863 3164 1869 3170 -

1205 3213 1278 3269 diter
1290 3212 1434 3286 egendum
1450 3220 1503 3270 est.

998 3313 1180 3385 Honorius,
1206 3313 1286 3383 eto,
1315 3311 1444 3373 dilectis
1474 3311 1588 3372 tiliis...
1620 3312 1749 3372 sancte

959 3409 1170 3485 Radegundis
1181 3411 1249 3471 et...
1265 3410 1377 3470 Sancti
1393 3409 1513 3485 Hilarii
1528 3409 1705 3486 prioribus,
1718 3412 1752 3471 et

958 3505 1159 3567 subdiacono
1180 3507 1293 3568 Sancti
1313 3505 1432 3567 Hilarii
1455 3506 1637 3578 pictaven..
1656 3505 1748 3566 salu-

957 3604 1035 3670 tem,
1049 3604 1111 3664 etc.

997 3700 1205 3762 Venerabilis
1225 3697 1328 3762 irater
1348 3703 1495 3763 noster...
1520 3701 1695 3777 episcopus
1717 3701 1750 3761 et

957 3796 1068 3858 dilecti
1085 3798 1145 3858 tilii
1158 3799 1339 3874 capitulum
1358 3798 1527 3859 Pictaven.
1547 3799 1669 3859 nostris
1689 3814 1751 3858 au-

957 3889 1049 3950 ribus
1064 3890 1269 3962 intimarunt,
1294 3892 1378 3967 quod
1395 3907 1495 3967 quum
1518 3891 1582 3967 ipsi
1597 3892 1632 3951 in
1647 3906 1750 3951 cano-

957 3985 1050 4047 nicos
1062 3985 1167 4048 beatas
1180 3988 1295 4047 Mariae
1305 3988 1442 4063 Majoris
1454 3988 1623 4048 Pictaveu.
1634 4003 1693 4063 pro
1709 4003 1748 4048 eo

957 4082 1748 4162 quodebedientiaeJugorejecto,inquaecclesiae

956 4179 1086 4242 matrici
1101 4181 1267 4253 tenentur,
1283 4181 1331 4241 eis
1347 4181 1518 4242 intendere
1533 4181 1749 4258 pertinaciter

956 4276 1219 4347 contemnebant,
1235 4278 1587 4340 excommunicationis
1613 4282 1749 4339 seuten-

955 4373 1037 4436 tiam
1046 4373 1290 4437 rationabiliter
1299 4374 1528 4452 protulissent;
1541 4375 1748 4452 postmodum

956 4470 1156 4533 venerabilis
1173 4470 1275 4534 irater
1289 4458 1438 4534 noster...
1451 4472 1669 4548 Burdegalen.
1686 4489 1747 4536 ar-

956 4568 1185 4644 chiepiscopus
1200 4570 1474 4645 metropolitanus
1490 4586 1603 4631 eorum
1621 4570 1654 4630 in
1675 4586 1747 4646 pro·

955 4665 1092 4726 vinciali
1121 4666 1263 4726 concilio
1301 4666 1390 4742 ipsos
1418 4667 1453 4726 in
1476 4682 1536 4727 sna
1563 4667 1745 4743 pertinacia

955 4761 1184 4838 perdurantes,
1202 4761 1323 4833 cilicio,
1335 4761 1561 4838 beneficioque
1583 4763 1747 4838 privasset

954 4858 1058 4919 donec
1082 4858 1257 4919 redeuntes
1280 4858 1320 4918 ad
1345 4858 1645 4920 corinobedientiae
1665 4859 1746 4921 vitio

954 4970 1012 5031 per
1024 4953 1277 5033 subsequentem
1292 4953 1512 5016 obedientiam
1527 4956 1671 5031 expiato,
1687 4972 1746 5033 per

954 5052 1072 5112 Sedern
1104 5051 1326 5128 apostolicam
1365 5052 1494 5114 restitui
1527 5055 1743 5114 mererentur.

954 5150 1050 5209 Nunc
1069 5149 1119 5209 illi
1134 5151 1255 5225 praeter
1265 5149 1405 5224 quatuor
1419 5150 1557 5221 tantum,
1568 5151 1745 5211 vexatione
1796 5172 1801 5176 ·

955 5246 1037 5322 ipsis
1064 5245 1229 5308 tribuente
1245 5244 1425 5307 salubriter
1448 5246 1660 5317 intellectum,
1675 5264 1745 5322 poe·

954 5342 1104 5405 nitudiue
1132 5343 1223 5404 ducti
1249 5343 1290 5403 ad
1314 5341 1535 5404 obedientiam
1565 5343 1743 5412 redieruut,

953 5440 1173 5502 restitutionis
1189 5440 1329 5514 gratiam
1345 5455 1365 5499 a
1382 5438 1476 5499 nobis
1497 5439 1665 5500 humiliter
1679 5441 1743 5502 tla-
1860 5436 1868 5451 '

139 5563 181 5633 (ll
202 5561 319 5620 llorroril
335 5562 371 5620 ad
383 5562 543 5636 Philippum
559 5564 657 5638 regein
674 5566 790 5638 litteras,
806 5569 869 5628 vide
882 5586 968 5647 supra
983 5580 1015 5628 1ο
1032 5570 1106 5639 xvi,
1122 5570 1174 5626 col.
1193 5569 1236 5626 11.
