3774 6186
116 282 178 344 603

117 439 172 502 vel
192 438 358 502 retinendi
381 438 578 500 auctoritate
602 437 726 499 sanctae
753 439 911 500 Romanae

119 536 275 598 Ecclesiae
289 536 456 598 licentiam
475 534 638 599 babeatis.
661 534 695 595 Si
715 549 795 596 vero
809 534 913 611 aliqui

118 633 236 695 borum
250 634 324 710 post
337 632 457 694 factam
471 631 710 709 professionem
725 631 912 692 turbatores

116 732 237 792 restrae
263 730 436 805 religionis
464 730 522 791 aut
550 729 667 790 domus
690 728 815 791 fuerint
841 728 913 788 for·

115 827 217 895 fassis
233 827 370 897 inventi,
388 826 489 887 liceat
502 825 596 887 vobis
612 842 669 887 eos
691 841 766 886 cum
789 824 913 886 saniori

115 925 209 1001 parte
229 923 366 1000 capituli
386 938 540 984 amovere
554 923 701 1000 ipsisque
719 920 912 984 transeundi

116 1021 158 1082 ad
173 1021 276 1082 alium
293 1020 454 1091 ordinem,
470 1020 525 1081 ubi
547 1019 727 1081 secundum
750 1022 853 1080 Deum
869 1019 914 1079 vi·

115 1132 195 1180 nere
217 1118 322 1179 velint
344 1119 378 1178 et
400 1117 544 1188 valeant,
575 1117 655 1177 dare
678 1116 858 1185 licentiam,
882 1116 915 1177 et

116 1215 190 1276 loco
211 1215 359 1290 ipsorum
382 1213 466 1275 alios
486 1214 622 1274 idoneos
640 1212 832 1288 subrogare,
858 1212 913 1288 qui

116 1312 217 1374 etiam
232 1312 330 1372 unius
345 1312 426 1372 anni
446 1311 552 1387 spatio
574 1311 608 1371 in
628 1312 741 1371 vestra
756 1310 914 1371 societate

116 1407 307 1485 probentur,
325 1423 429 1484 eoque
450 1411 595 1485 peracto,
614 1408 644 1467 si
663 1422 776 1468 eorum
792 1421 915 1481 exege-

115 1506 185 1568 rint
210 1521 318 1566 mores
344 1508 377 1567 et
401 1506 499 1567 utiles
524 1505 650 1565 fuerint
672 1504 714 1565 ad
738 1504 914 1564 servitium

116 1603 233 1663 domus
247 1604 371 1664 vestrae
383 1603 521 1672 inventi,
543 1604 622 1662 tunc
639 1601 770 1661 demum
786 1599 916 1676 profes·

116 1699 243 1760 sionem
262 1699 388 1760 faciant
404 1698 604 1775 regularem,
628 1698 857 1774 promittentes
879 1714 915 1759 se

116 1796 317 1872 regulariter
330 1797 443 1857 vivere
459 1813 497 1857 ac
513 1796 674 1871 magistro
692 1794 825 1870 proprio
840 1793 916 1855 obe·

117 1893 200 1964 dire,
234 1893 282 1954 ita
312 1895 423 1954 tamen
450 1893 536 1969 quod
570 1892 721 1954 eumdem
745 1891 915 1952 vobiscum

117 1989 243 2050 victum
262 1988 408 2050 habeant
428 1991 461 2050 et
484 1989 637 2050 vestitum
659 2003 787 2049 necnon
808 1988 917 2050 lectis-

117 2087 236 2157 ternia,
252 2086 315 2147 hoc
327 2090 466 2162 excepto
482 2085 567 2162 quod
585 2087 700 2148 clausa
715 2086 915 2146 vestimenta

116 2182 304 2260 portabunt.
323 2184 385 2245 Sed
408 2199 469 2244 nec
489 2184 570 2260 ipsis
589 2183 691 2245 liceat
712 2182 752 2244 de
768 2184 915 2260 capitulo

118 2281 171 2342 vel
187 2296 267 2342 cura
287 2280 403 2341 domus
418 2281 539 2341 vestrae
555 2297 590 2340 se
605 2282 730 2341 temere
745 2281 914 2341 intromit-

120 2380 203 2445 tere,
229 2377 297 2437 nisi
318 2380 476 2454 quantum
500 2377 601 2438 fuerit
624 2378 674 2439 eis
698 2393 717 2437 a
744 2377 838 2438 vobis
860 2377 915 2438 in-

117 2474 281 2552 junctum.

158 2572 326 2632 Praeterea
358 2572 443 2633 nulli
465 2587 617 2648 personae
648 2572 744 2633 extra
770 2573 915 2633 vestrum

119 2668 300 2744 capitulum
324 2669 393 2730 sint
416 2667 567 2746 subjecti,
583 2667 720 2745 tibique,
741 2668 860 2730 dilecte
881 2669 915 2729 in

121 2765 261 2826 Domino
276 2765 323 2826 tili
338 2766 506 2840 magister,
524 2767 655 2842 tuisque
670 2765 916 2827 successoribus

121 2864 281 2939 tanquam
300 2863 458 2937 magistro
473 2879 512 2923 ac
534 2864 672 2939 praelato
687 2878 747 2923 suo
767 2863 917 2924 deferant

126 2961 307 3021 secundum
328 2960 430 3021 vestri
452 2960 580 3021 ordinis
605 2960 768 3021 instituta.
792 2961 918 3021 Conse-

123 3057 289 3118 crationes
315 3072 394 3118 vero
416 3058 571 3117 altarium
596 3073 655 3118 seu
687 3056 913 3128 basilicarum,

120 3154 347 3216 ordinationes
362 3154 570 3225 clericorum,
588 3156 644 3232 qui
664 3154 705 3215 ad
727 3169 840 3216 sacros
856 3170 915 3215 or-

119 3250 215 3312 dines
231 3250 354 3312 fuerint
373 3251 599 3328 promovendi,
618 3252 651 3313 et
669 3254 790 3314 caetera
805 3252 916 3313 eccle-

119 3347 256 3410 siastica
267 3350 473 3409 sacramenta
487 3364 506 3408 a
517 3347 715 3409 dioecesanis
728 3349 916 3425 suscipiatis

118 3445 294 3523 episcopis,
334 3446 497 3522 siquidem
540 3445 696 3506 catholici
729 3444 854 3507 fuerint
885 3448 918 3508 et

119 3543 261 3616 gratiam
277 3544 377 3618 atque
389 3542 654 3602 communionem
672 3541 766 3601 Sedis
781 3543 918 3618 Aposto-

122 3637 197 3698 licae
212 3637 390 3699 habuerint
402 3641 434 3700 et
448 3653 487 3698 ea
503 3638 607 3712 gratis
620 3640 652 3699 et
667 3638 791 3715 absque
804 3640 918 3715 pravi-

121 3733 189 3794 tate
204 3733 317 3810 aliqua
331 3733 426 3794 vobis
445 3733 611 3794 voluerint
626 3732 802 3807 exbibere;
827 3735 915 3795 alio-

120 3828 200 3905 quin
220 3829 320 3891 liceat
340 3829 435 3890 vobis
453 3828 656 3890 catholicum
678 3845 916 3907 quemcumque

120 3926 304 3988 malueritis
315 3926 408 3988 adire
416 3926 608 3998 antistitem,
622 3927 678 4004 qui
691 3930 805 3988 nostra
816 3927 916 3990 fultus

119 4024 317 4085 auctoritate
344 4024 430 4100 quod
459 4023 647 4099 postulatur
674 4023 853 4100 impendat.
881 4025 914 4085 Si

121 4121 252 4196 quando
267 4136 346 4181 vero
360 4121 432 4180 loca
447 4121 578 4181 deserta
594 4120 717 4183 fuerint
731 4121 838 4181 eidem
853 4137 915 4182 ve-

116 4218 258 4278 nerabili
274 4217 385 4279 domui
402 4218 442 4278 ab
458 4219 570 4294 aliquo
586 4218 640 4294 pia
655 4218 831 4281 devotione
846 4219 917 4280 col·

116 4312 195 4385 lata,
223 4315 325 4376 liceat
349 4313 443 4375 vobis
468 4314 593 4376 ibidem
616 4316 783 4377 aedificare
805 4317 913 4389 villas,

118 4411 279 4471 ecclesias
303 4412 336 4472 et
357 4413 547 4473 coemeteria
574 4411 614 4473 ad
638 4427 721 4488 opus
746 4414 915 4474 hominum

116 4505 239 4567 ibidem
259 4509 463 4569 manentium
486 4508 661 4579 fabricare,
684 4510 731 4570 ita
751 4512 861 4572 tamen
881 4512 917 4573 ut

117 4604 152 4665 in
168 4605 225 4665 illa
239 4605 365 4666 vicinia
380 4605 512 4667 abbatia
536 4607 589 4667 vel
606 4606 840 4682 religiosorum
860 4609 915 4669 vi·

117 4716 230 4763 rorum
246 4703 424 4779 collegium
444 4719 510 4764 non
529 4704 660 4775 existat,
678 4720 763 4782 quae,
785 4703 825 4766 ob
841 4706 914 4789 hoc,

116 4799 230 4862 valeat
245 4801 445 4877 perturbari.
463 4802 543 4861 Cum
569 4803 677 4862 autem
700 4802 797 4864 terrae
819 4803 915 4865 cultae

116 4895 211 4956 vobis
227 4897 372 4973 quolibet
383 4899 474 4975 Justo
497 4899 594 4960 titulo
616 4897 838 4971 conferentur,
860 4899 914 4961 fa-

119 4993 275 5054 cultatem
298 4997 331 5056 et
354 4995 523 5058 licentiam
549 4997 699 5058 habeatis
728 4997 849 5058 ibidem
873 4998 914 5059 ad

120 5104 203 5166 opus
216 5091 459 5154 transeuntium
473 5100 632 5155 eteorum
647 5096 786 5167 tantum,
803 5096 860 5174 qni
874 5097 914 5157 de

119 5203 234 5247 mensa
248 5191 358 5250 vestra
379 5189 513 5262 fuerint,
537 5193 751 5253 construendi
768 5194 914 5254 oratoria

117 5287 151 5345 et
165 5286 355 5346 coemeteria
370 5286 529 5362 faciendi;
547 5291 598 5349 est
612 5290 700 5350 enim
715 5290 872 5351 indecens
882 5294 916 5353 et

117 5381 267 5458 periculo
291 5383 480 5460 proximum
513 5386 712 5457 animarum,
738 5388 913 5465 religiosos

116 5479 235 5539 fratres
249 5482 424 5542 occasione
437 5482 596 5544 adeundae
610 5484 761 5547 ecclesiae
772 5503 809 5548 sc
824 5488 915 5546 viro-

115 5592 188 5637 rum
206 5578 311 5638 turbis
330 5581 363 5639 et
381 5579 559 5640 mulierum
575 5579 770 5657 frequentiae
785 5583 913 5642 immis-

728 278 904 343 HONORII
927 279 971 338 111
993 280 1140 340 OPERA.

1703 280 1760 341 (idi

967 452 1054 499 cere.
1082 437 1286 516 Quicumque
1309 452 1390 500 sane
1419 438 1452 500 in
1482 438 1596 501 vestro
1623 437 1764 514 collegio

967 534 1200 612 suscipientur,
1227 534 1441 598 stabilitatem
1464 536 1541 607 loci,
1570 537 1766 597 conversio-

967 647 1044 693 nem
1060 648 1188 694 morum
1206 646 1308 710 seque
1322 634 1524 695 militaturos
1539 634 1682 694 Domino
1698 632 1767 694 die-

967 728 1028 790 bus
1043 729 1120 791 vitae
1136 745 1206 792 suae
1223 729 1284 792 sub
1304 729 1491 791 obedientia
1513 728 1668 806 magistri
1690 744 1766 790 ves-

967 827 1022 898 tri,
1052 827 1159 902 posito
1192 826 1314 904 scripto
1343 842 1444 903 super
1473 828 1592 898 altare,
1633 827 1670 887 in
1704 843 1766 902 quo

968 924 1200 986 contineantur
1222 925 1298 991 ista,
1320 925 1522 1001 promittant.
1548 923 1766 985 Decernimus

969 1036 1059 1095 ergo,
1075 1022 1110 1081 ut
1124 1022 1312 1097 receptores
1322 1021 1509 1083 vestrarum
1520 1020 1766 1082 fraternitatum

968 1117 1038 1178 sive
1067 1117 1292 1193 collectarum,
1322 1119 1417 1180 salvo
1445 1122 1522 1196 jure
1557 1117 1766 1179 dominorum

969 1230 1116 1285 suorum,
1132 1214 1266 1277 iubeati
1282 1217 1370 1277 Petri
1387 1218 1420 1277 et
1432 1217 1546 1278 nostra
1560 1216 1767 1292 protectione

969 1310 1152 1373 consistant
1171 1314 1205 1373 et
1219 1328 1299 1388 pace
1319 1312 1478 1384 interris,
1496 1312 1618 1390 quibus
1633 1311 1765 1383 fuerint,

969 1407 1149 1482 potiantur.
1175 1404 1284 1469 Simili
1307 1424 1438 1485 quoque
1461 1409 1559 1470 modo
1587 1408 1766 1478 sancimus,

970 1504 1080 1574 uthis,
1098 1505 1154 1580 qui
1170 1503 1295 1567 fuerint
1308 1505 1344 1566 in
1359 1506 1470 1568 vestra
1487 1506 1705 1568 fraternitate
1718 1521 1769 1566 re-

969 1601 1055 1678 cepti
1085 1601 1144 1673 ita,
1170 1602 1256 1679 quod
1285 1602 1396 1663 ordini
1420 1607 1531 1664 vestro
1557 1603 1670 1663 adhuc
1695 1618 1766 1663 ma-

970 1700 1086 1759 nentes
1102 1699 1136 1758 in
1152 1699 1265 1760 seculo
1285 1699 1353 1761 sint
1371 1697 1484 1771 oblati,
1506 1701 1636 1761 mutato
1654 1700 1765 1760 habitu

970 1794 1115 1857 seculari
1127 1795 1180 1856 vel
1195 1794 1289 1857 vobis
1305 1795 1393 1857 inter
1406 1797 1501 1858 viros
1515 1797 1672 1858 dederint
1684 1795 1764 1856 bona

970 1908 1031 1953 sua
1045 1892 1174 1954 retento
1190 1891 1252 1953 sibi
1269 1893 1427 1970 quamdiu
1443 1894 1476 1954 in
1493 1893 1609 1955 seculo
1622 1893 1765 1954 vixerint

970 1988 1154 2060 usufructu,
1178 1989 1207 2049 si
1227 1988 1340 2052 forsan
1360 1991 1512 2052 ecclesiae
1532 1990 1572 2051 ad
1590 2006 1674 2068 quas
1690 2005 1763 2066 per·

969 2088 1078 2149 tinent
1107 2102 1126 2147 a
1155 2086 1269 2148 divino
1296 2086 1420 2148 fuerint
1443 2087 1554 2149 officio
1581 2087 1763 2149 interdictae

970 2183 1127 2261 ipsosque
1148 2185 1233 2244 mori
1253 2185 1439 2260 contigerit,
1464 2184 1637 2261 sepultura
1661 2185 1765 2245 eccle-

971 2281 1105 2342 siastica
1121 2297 1187 2342 non
1202 2283 1342 2356 negetur
1361 2281 1448 2358 apud
1463 2282 1591 2342 vestras
1612 2281 1668 2342 vel
1683 2282 1765 2342 alio·

970 2394 1044 2438 rum
1063 2393 1130 2439 non
1150 2378 1343 2440 interdictas
1365 2378 1535 2451 ecclesias,
1558 2377 1680 2456 quibus
1703 2380 1766 2440 ele-

953 2475 1081 2552 ·gerint
1114 2474 1260 2551 sepeliri,
1297 2474 1362 2535 nisi
1396 2474 1680 2537 excommunicati
1715 2477 1764 2536 vel

971 2572 1167 2633 nominatim
1189 2571 1313 2632 fuerint
1330 2571 1513 2647 anelanti:
1537 2572 1623 2634 tales
1639 2589 1764 2650 quoque

971 2668 1166 2738 confratres,
1183 2669 1212 2729 si
1231 2684 1289 2730 eos
1308 2668 1525 2730 ecclesiarum
1550 2669 1683 2746 praelati
1705 2685 1765 2729 non

971 2765 1184 2842 permiserint
1210 2765 1296 2842 apud
1321 2781 1399 2826 suas
1431 2766 1592 2828 ecclesias
1621 2766 1763 2843 sepeliri,

971 2862 1057 2939 apud
1075 2865 1202 2924 vestras
1224 2861 1385 2924 ecclesias
1408 2862 1538 2924 deferre
1560 2864 1699 2940 possitis
1718 2865 1766 2923 tu-

971 2959 1156 3020 mulandos
1174 2959 1351 3032 Praeterea,
1370 2959 1398 3020 si
1414 2960 1470 3037 qui
1485 2960 1627 3022 fratrum
1647 2964 1766 3022 nestro·

970 3072 1044 3117 rum
1069 3055 1109 3117 ad
1134 3056 1361 3132 recipiendum
1384 3056 1517 3118 easdem
1542 3057 1765 3119 fraternitates

970 3153 1025 3214 vel
1038 3135 1196 3215 collectas
1211 3169 1231 3214 a
1246 3152 1340 3214 vobis
1355 3153 1448 3214 missi
1464 3152 1590 3216 fuerint
1602 3155 1641 3214 in
1654 3170 1765 3232 quam·

970 3249 1052 3311 libet
1084 3250 1263 3320 civitatem,
1301 3250 1445 3311 castrum
1485 3250 1538 3310 vel
1576 3250 1704 3322 villam,
1736 3251 1764 3310 in

971 3347 1086 3408 eadem
1102 3347 1247 3416 civitate,
1264 3348 1373 3408 castro
1385 3346 1438 3407 vel
1460 3346 1539 3408 villa
1554 3363 1624 3408 una
1641 3350 1763 3409 tantum

971 3436 1113 3504 ecclesia
1139 3443 1245 3519 ipsius
1265 3443 1392 3503 ordinis
1415 3442 1573 3504 fratribus
1596 3444 1633 3504 in
1657 3460 1764 3505 eorum

968 3540 1116 3618 jncundo
1135 3540 1280 3601 adventu
1298 3540 1400 3602 semel
1422 3540 1594 3617 aperiatur
1619 3541 1654 3601 in
1672 3557 1762 3610 anno,

972 3639 1007 3698 ut
1026 3637 1171 3698 exclusis
1195 3637 1490 3699 excommunicatis
1516 3641 1550 3699 et
1572 3640 1764 3700 nominatim

971 3734 1157 3795 interdictis
1168 3734 1282 3795 divina
1293 3733 1413 3795 ibidem
1425 3733 1535 3796 officia
1546 3735 1761 3797 celebrentur.

1011 3830 1191 3892 statuimus
1205 3831 1317 3902 etiam,
1332 3832 1369 3893 ut
1387 3830 1469 3892 nulli
1487 3831 1647 3909 episcopo
1660 3833 1696 3893 in
1709 3849 1762 3894 ec-

971 3927 1084 3988 clesiis
1104 3926 1198 3988 vobis
1222 3929 1361 4004 utroque
1380 3930 1457 4006 jure
1478 3927 1640 4005 subjectis
1662 3930 1762 3990 inter·

971 4025 1050 4085 dicti
1066 4024 1118 4084 vel
1135 4025 1492 4086 excommunicationis
1508 4028 1711 4087 seutentiam
1725 4027 1762 4086 li·

972 4123 1046 4183 ceat
1060 4123 1287 4199 promulgare;
1312 4124 1553 4191 verumtamen,
1569 4123 1599 4183 si
1616 4125 1763 4199 generale

971 4219 1184 4281 interdictum
1199 4222 1297 4280 terrae
1320 4218 1475 4282 fueritin
1497 4221 1579 4281 locis
1604 4222 1674 4283 illis
1690 4238 1761 4300 pro·

970 4316 1084 4385 latum,
1109 4317 1255 4378 exclusis
1281 4317 1577 4378 excommunicatis
1603 4321 1638 4380 et
1661 4319 1761 4379 nomi·

972 4415 1075 4476 natim
1092 4414 1286 4486 interdictis,
1309 4414 1432 4475 clausis
1448 4415 1563 4492 januis
1578 4415 1708 4495 absque
1722 4417 1761 4476 si·

970 4528 1111 4589 qnorum
1153 4511 1342 4588 pulsatione
1380 4512 1476 4589 plene
1513 4512 1629 4575 divina
1661 4513 1760 4576 officia

970 4609 1156 4670 celebretis.
1173 4610 1388 4670 Decernimus
1412 4610 1549 4686 insuper
1570 4611 1760 4674 auctoritate

969 4707 1171 4784 apostolica,
1185 4707 1231 4779 ut,
1253 4707 1341 4783 apud
1361 4722 1602 4784 quemcumque
1622 4709 1759 4770 locorum

970 4820 1029 4865 vos
1043 4805 1159 4865 venire
1174 4804 1361 4879 contigerit,
1379 4803 1420 4865 ab
1433 4805 1584 4866 honestis
1598 4808 1700 4884 atque
1713 4820 1760 4868 ca·

970 4901 1103 4963 tholicis
1116 4900 1344 4962 sacerdotibus
1360 4901 1558 4978 postremam
1579 4904 1759 4966 unctionem

970 5015 1029 5060 seu
1052 4997 1205 5075 quaelibet
1224 4999 1291 5059 alia
1312 4998 1538 5061 ecclesiastica
1559 5002 1760 5062 sacramenta

969 5095 1063 5156 vobis
1083 5096 1252 5171 suscipere
1274 5095 1383 5167 liceat,
1407 5111 1449 5156 ne
1465 5096 1548 5157 forte
1567 5096 1609 5157 ad
1628 5114 1759 5174 percep·

969 5195 1092 5256 tionem
1107 5193 1331 5270 spiritualium
1350 5192 1512 5254 bonorum
1530 5192 1658 5271 aliquid
1676 5193 1760 5255 vobis

969 5293 1063 5353 desit.
1092 5291 1175 5363 Quia
1201 5307 1280 5352 vera
1310 5306 1425 5353 omnes
1457 5307 1559 5351 uuum
1593 5308 1708 5353 sumus
1731 5289 1761 5350 in

968 5389 1099 5450 Christo
1118 5391 1150 5450 et
1179 5404 1245 5449 non
1268 5391 1318 5449 est
1340 5403 1558 5469 personarum
1579 5388 1760 5451 differentia

968 5485 1055 5562 apud
1081 5488 1196 5558 Deum,
1222 5488 1289 5547 tarn
1323 5485 1532 5547 remissionis
1555 5488 1760 5562 peccatorum

970 5598 1066 5658 quam
1088 5583 1227 5644 alterius
1248 5581 1476 5644 beneficentia
1499 5583 1599 5660 atque
1622 5584 1761 5660 Aposto-
