3774 6186
82 252 139 313 271
702 257 877 318 aenean
900 257 943 316 111
965 258 1110 318 OPERA.

1673 266 1729 357 an

120 413 388 488 Propoueutibus
431 415 525 478 vobis
570 417 651 479 olim
700 416 877 479 ecclesiam
932 415 967 500 ln
983 415 1159 493 principali
1175 417 1500 496 conclusa3propter
1516 421 1606 498 quod
1625 421 1662 482 in
1677 422 1726 484 in·

82 509 196 572 Sancti
207 511 388 573 salvatoris
403 511 443 574 de
452 515 566 575 Castro
579 515 701 577 Cetiaci
714 516 878 576 monaste·
933 515 1061 589 tegrnm
1077 513 1208 575 restitui
1226 515 1267 574 ad
1287 517 1539 592 proponendum
1553 519 1629 592 boc,
1647 521 1725 597 quod

81 607 124 666 rii
135 606 236 668 vestri
252 624 325 670 esse
335 611 508 686 capellam,
516 613 689 689 etpropter
699 612 762 672 hoo
773 612 878 689 ipsam
933 610 1090 671 omiserat
1113 610 1265 672 ecclesiae
1284 628 1353 672 suae
1371 614 1506 675 nomine
1528 631 1566 676 se
1580 616 1724 692 petebat;

82 704 156 765 sine
179 720 320 765 assensu
341 709 453 769 vestro
473 725 653 785 campanas
673 709 795 770 habere
813 724 877 770 non
934 705 1033 766 iidem
1043 706 1283 767 cathalaunen.
1297 724 1372 769 eum
1387 710 1428 771 ad
1443 712 1477 771 id
1493 728 1561 772 non
1572 729 1648 773 esse
1662 730 1725 775 res-

82 818 190 878 posse,
211 819 251 863 ac
267 803 353 879 apud
371 804 456 865 idem
473 807 711 867 monasterinm
730 805 877 883 ejusdem
932 803 1118 864 tituendum
1131 805 1375 867 sententialiter
1384 807 1617 880 decreverunt,
1626 811 1723 886 ipsum

83 900 184 961 castri
202 900 400 976 capitularia
416 918 555 979 corpora
572 903 718 979 sepeliri,
735 906 768 963 et
781 903 878 979 capi-
932 899 1026 961 vobis
1046 901 1079 960 in
1100 902 1258 977 expensis
1278 901 1391 964 decem
1409 904 1572 966 librarum
1597 906 1723 969 tortium

82 997 145 1057 tuli
171 1013 331 1073 personas
362 999 528 1060 natalibus
558 998 674 1059 diebus
702 998 743 1059 ad
766 998 878 1060 (lirina
933 996 1200 1058 condemnantes.
1217 999 1280 1070 Qui
1302 1015 1376 1061 cum
1391 1000 1433 1062 ab
1454 1003 1582 1064 eisdem
1597 1005 1722 1067 vinculo

83 1093 193 1154 oillcia
207 1095 240 1156 et
254 1095 465 1172 percipienda
481 1099 688 1159 sacramenta
702 1096 879 1157 ecclesias-
932 1095 1285 1156 excommunicationis
1306 1097 1484 1160 adstrictus
1503 1115 1564 1177 pro
1584 1115 1627 1162 eo
1648 1104 1721 1178 qnod

81 1191 148 1253 tica
168 1193 348 1253 convenire
366 1192 497 1264 debere,
514 1208 625 1254 coram
640 1192 736 1254 bonae
753 1209 879 1255 memo·
933 1191 1079 1267 ipsorum
1106 1193 1279 1253 sententiae
1303 1208 1368 1255 non
1394 1196 1541 1271 parebat,
1561 1213 1598 1259 se
1621 1199 1662 1258 ab
1682 1201 1723 1260 eis

82 1290 324 1351 riae...Remen.
336 1290 671 1366 archiepiscopotunc
683 1292 875 1351 laudunen.
933 1289 1065 1348 iecisset
1077 1288 1217 1359 absolvi,
1228 1289 1270 1349 de
1279 1290 1447 1352 solvendis
1458 1296 1618 1369 expensis
1629 1312 1725 1370 pras·

83 1388 243 1447 canonico
258 1389 290 1448 et
305 1388 376 1447 suis
392 1386 620 1462 conJudicibus
635 1403 654 1448 a
671 1388 756 1449 Sede
767 1392 877 1464 Apos-
932 1385 991 1446 tita
1002 1386 1309 1449 cantione.taudem
1322 1389 1363 1448 ad
1376 1391 1602 1465 apostolicam
1615 1393 1723 1453 Sedem

15 1520 21 1525 -
81 1485 182 1545 tolica
206 1484 380 1558 delegatis,
415 1499 515 1559 super
537 1485 590 1544 liis
614 1486 681 1545 tam
702 1500 876 1561 possesso-
931 1482 1094 1542 accedens
1109 1498 1221 1543 coram
1236 1483 1440 1547 dilectotllio
1458 1488 1635 1564 Rapnaldo
1653 1489 1726 1550 sub-

81 1582 169 1642 rium
184 1596 282 1657 quam
297 1581 488 1656 petitorium
502 1581 711 1653 intentastis;
725 1598 785 1658 per
793 1599 876 1660 quos
931 1577 1071 1639 diacono
1097 1583 1129 1639 et
1160 1580 1333 1656 capellano
1355 1586 1480 1656 nostro,
1498 1598 1599 1661 quem
1620 1585 1683 1646 sibi
1697 1589 1726 1648 et

81 1693 183 1752 super
204 1677 410 1753 possessorio
437 1678 472 1737 in
499 1678 695 1754 quibusdam
726 1680 877 1741 articulis
932 1676 1063 1751 brogon
1078 1676 1241 1737 monacho
1252 1679 1287 1738 et
1298 1680 1506 1754 procuratori
1521 1684 1637 1743 vestro
1651 1699 1728 1743 con-

81 1776 244 1837 sententia
280 1775 505 1851 promulgata,
540 1778 573 1836 et
605 1775 745 1837 testibus
777 1793 877 1853 super
931 1773 1093 1832 cessimus
1123 1774 1325 1846 auditorem,
1355 1777 1537 1852 postulavit
1563 1779 1727 1840 instanter

80 1872 188 1949 primo
209 1872 316 1949 capite
335 1872 490 1947 receptis,
513 1888 588 1933 cum
609 1889 696 1933 unns
715 1873 756 1933 de
779 1873 877 1936 dictis
931 1868 1163 1945 praedictorum
1184 1870 1422 1933 cathalaunen.
1444 1873 1573 1935 irritari
1588 1892 1724 1953 prooes-

80 1969 310 2046 conjudicibus
343 1969 430 2029 diem
463 1969 640 2031 clausisset
670 1973 875 2043 extremum,

80 2066 309 2144 propterquod
321 2065 397 2126 finis
408 2065 515 2127 iuerat
527 2067 651 2142 negotii
662 2070 875 2144 prorogatum

79 2165 122 2224 ad
138 2164 330 2239 petitionem
342 2164 547 2233 vestram,ad
562 2165 786 2225 venerabilem
802 2164 876 2226 ira-

80 2263 165 2322 trem
188 2264 337 2322 nostrum
357 2260 559 2336 episcopum,
581 2263 615 2321 et
638 2262 784 2337 collegas
798 2278 877 2323 suos

77 2358 268 2419 atrebaten.
291 2357 481 2418 mandatum
497 2357 722 2434 apostolicum
738 2375 877 2420 emana-

2 2448 4 2455 '
78 2455 138 2526 sit,
155 2455 192 2515 ut
213 2454 276 2530 ipsi
297 2469 432 2515 causam
453 2470 554 2531 super
567 2455 721 2531 petitorio
735 2455 878 2516 audien-

78 2556 141 2624 tes,
170 2568 244 2613 eam
272 2551 339 2613 line
366 2552 528 2613 canonico
557 2554 797 2625 terminarent;
818 2551 876 2628 qui

78 2652 154 2727 post
170 2649 428 2727 disceptationes
445 2650 656 2726 multiplices,
677 2648 819 2724 receptis
833 2648 875 2709 de

80 2763 245 2808 consensu
260 2748 403 2824 partium
417 2747 614 2825 quibusdam
629 2747 729 2807 etiam
743 2745 784 2804 de
796 2760 875 2820 pro-

76 2844 184 2905 ductis
204 2844 238 2904 in
261 2844 331 2906 alio
348 2844 478 2921 jndicio
498 2843 650 2913 testibus,
671 2857 782 2902 causae
803 2857 874 2901 me-

76 2942 152 3003 ritis
176 2941 355 3018 diligenter
378 2942 553 3018 inspectis,
583 2954 685 3015 super
706 2937 873 3013 praedictis

75 3038 285 3100 diffinitivam
308 3056 368 3117 pro
389 3038 485 3099 vobis
506 3036 704 3098 senteutiam
726 3034 873 3110 protule-

76 3139 166 3198 runt.
193 3139 341 3216 Cumque
364 3136 406 3198 ab
430 3151 470 3196 eo
492 3133 678 3209 Stephanus
702 3129 872 3207 presbyter

75 3236 224 3309 ejusdem
246 3235 384 3316 capellae
406 3229 657 3307 interposuisset
675 3228 873 3303 appellatio-

75 3333 129 3395 nis
152 3333 328 3411 objectum,
345 3333 378 3393 et
392 3328 490 3390 iidem
503 3325 633 3402 judices
648 3323 683 3385 in
700 3340 775 3385 eum
791 3342 870 3387 sus-

74 3432 246 3510 pensionis
261 3435 295 3492 et
313 3422 666 3491 excommunicationis
688 3423 872 3485 sententias

73 3530 300 3609 protulissent,
324 3525 381 3585 ille
402 3519 659 3598 appellationem
680 3534 774 3579 suam
793 3536 872 3597 pro-

73 3644 229 3704 sequens.
246 3625 286 3686 ad
290 3664 352 3684 .....
367 3620 528 3680 decanum
543 3618 575 3677 et
587 3630 667 3675 suos
681 3617 870 3693 conjudices

71 3729 210 3788 Romen.
231 3722 360 3782 litteras
379 3729 479 3789 super
493 3712 557 3772 hoc
571 3712 778 3788 apostolicas
801 3715 869 3775 im-

72 3821 227 3900 petrarit,
240 3817 295 3894 qui
308 3815 344 3875 in
356 3809 590 3889 appellationis
605 3824 706 3869 causa
722 3809 869 3887 legitime

71 3917 305 3998 procedentes,
330 3907 522 3987 praedictam
550 3905 760 3968 diffinitivam
790 3925 869 3970 sen-

71 4014 209 4079 tentiam
239 4004 532 4072 confirmaverunt.
559 4001 608 4063 Ab
642 4002 705 4064 hac
740 4021 870 4083 qnoque

73 4113 181 4174 dictus
196 4106 379 4186 presbyter,
397 4115 476 4162 voce
494 4099 535 4159 ad
559 4116 618 4160 nos
638 4102 869 4178 appellationis

71 4209 207 4278 emissa,
220 4197 513 4282 peruenerabilem
530 4197 666 4259 fratrem
682 4202 867 4260 nostrum...

72 4307 293 4368 luteramnen.
315 4296 521 4372 episcopum,
548 4296 627 4356 tunc
657 4297 871 4372 poenitentia·

70 4406 156 4467 rium
185 4400 352 4464 nostrum,
379 4391 541 4452 beneflcio
561 4391 780 4454 absolutionis
806 4394 868 4454 ob-

71 4501 174 4567 tento,
198 4490 338 4560 cantori,
355 4492 388 4550 et
402 4489 472 4549 suis
494 4488 724 4565 conjudicibus
743 4492 868 4553 (latha-

72 4603 206 4661 launen.
221 4603 322 4664 super
331 4586 506 4662 iniquitate
521 4588 695 4649 sententie
710 4603 749 4650 ac
762 4590 870 4651 eccle-

71 4699 131 4758 siae
155 4705 225 4752 suae
248 4685 396 4745 laesione.
422 4686 527 4756 Quum
545 4701 585 4744 ea
600 4687 736 4762 propter
754 4686 871 4747 deien-

71 4795 183 4855 siones
216 4783 279 4843 sibi
317 4781 540 4857 competentes
573 4783 716 4844 omissas
745 4783 871 4846 diceret

69 4883 251 4953 enormiter
269 4893 346 4938 esse
363 4878 488 4950 laesam,
516 4894 650 4939 causam
666 4879 807 4948 obtinuit
827 4881 869 4943 ab

69 4978 261 5062 apostolica
286 4974 370 5035 Sede
394 4975 472 5036 aliis
494 4976 664 5052 jndicibus
688 4980 866 5051 committi,

71 5092 181 5147 coram
195 5071 541 5152 quibus,proponente
552 5075 712 5151 praedicto
723 5076 870 5154 presby-

21 5156 25 5171 *
68 5187 151 5246 pero,
169 5171 254 5249 quod
276 5168 396 5230 litterae
419 5170 459 5230 ad
478 5171 655 5247 praedictos
674 5172 866 5235 atrebaten.

67 5275 196 5360 judices
229 5282 289 5345 per
318 5267 390 5327 reri
426 5268 693 5344 suppressionem
726 5271 867 5333 obtentae

69 5364 213 5439 inerunt,
232 5378 295 5438 qno
310 5378 469 5438 expresso
489 5362 610 5425 habitae
632 5381 698 5425 non
714 5364 866 5428 inissent,

71 5480 135 5535 non
151 5459 310 5523 iacientes
322 5459 478 5522 videlicet
491 5461 533 5522 de
549 5462 696 5537 priorum
709 5478 867 5539 processu

66 5563 215 5648 judicum
231 5558 442 5630 mentionem,
459 5574 570 5623 coram
581 5559 700 5637 quibus
712 5549 781 5637 jam
795 5563 867 5623 erat

25 5792 136 5876 si,

931 1982 1016 2035 sum,
1028 1981 1128 2042 seque
1139 1967 1271 2028 restitui
1283 1966 1325 2028 ad
1336 1968 1399 2030 hoc
1409 1970 1507 2046 quod,
1520 1971 1655 2033 omissis
1665 1976 1726 2033 tes

931 2063 1013 2123 tium
1032 2061 1294 2138 depositionibus
1312 2080 1373 2140 per
1388 2066 1576 2128 atrebaten.
1596 2069 1725 2144 jndices

930 2161 1149 2235 receptorum,
1166 2162 1346 2222 secuudum
1364 2163 1592 2225 attesmiones
1607 2181 1725 2241 recep-

930 2258 982 2317 tas
998 2272 1060 2332 per
1076 2256 1207 2331 judices
1225 2257 1416 2320 laudunen.
1432 2260 1565 2335 justitia
1585 2261 1727 2322 exbibe-

930 2355 1023 2413 retur
1045 2352 1179 2428 eidem3
1200 2357 1276 2430 post
1302 2371 1442 2432 quorum
1466 2357 1725 2433 publicationem

930 2447 1060 2510 dicebat
1084 2449 1274 2512 atrebaten.
1300 2451 1474 2528 praedictos
1495 2453 1536 2514 ad
1556 2455 1727 2531 receptio-

929 2560 1004 2604 nem
1032 2547 1167 2607 testium
1199 2549 1401 2624 processisse
1429 2549 1516 2627 qued
1544 2566 1581 2612 se
1602 2536 1726 2613 'coram

928 2641 1168 2705 cathalaunen.
1198 2646 1356 2721 petivisse
1384 2647 1543 2719 asseruit,
1576 2664 1639 2709 neo
1669 2665 1729 2725 per

928 2752 1004 2797 eum
1024 2742 1162 2803 steterat
1179 2743 1356 2820 quominus
1376 2743 1410 2803 id
1432 2742 1616 2806 obtinuerit
1638 2746 1726 2806 inira

928 2835 1185 2910 quadriennium
1215 2841 1287 2916 jam
1321 2839 1479 2917 elapsum,
1516 2857 1557 2904 ac
1591 2844 1726 2904 restitui

927 2933 1027 2993 etiam
1050 2934 1224 3009 postulans
1243 2952 1397 3012 supereo
1411 2938 1495 3013 quod
1516 2939 1551 2998 in
1573 2940 1727 3001 ecclesias

927 3045 996 3089 suae
1020 3031 1250 3106 praejudicium
1271 3034 1461 3095 eorumdem
1481 3036 1724 3098 cathalaunen.

926 3125 1101 3187 videbatur
1116 3129 1288 3190 sententiae
1300 3130 1466 3205 paruisse;
1473 3131 1622 3207 jactabat
1635 3135 1725 3205 se,si

926 3222 989 3283 sibi
1005 3239 1070 3284 non
1086 3227 1290 3302 competeret
1302 3226 1478 3299 restitutio,
1488 3228 1681 3291 atrebaten.
1694 3234 1726 3292 et

926 3322 1062 3382 Remen.
1087 3323 1237 3399 jndicum
1268 3325 1450 3386 sententias
1478 3341 1537 3402 per
1565 3343 1621 3398 ea,
1651 3345 1725 3404 qnae

925 3433 1036 3479 coram
1060 3421 1110 3480 eis
1133 3422 1208 3481 acta
1225 3420 1356 3483 inerant
1372 3422 1584 3498 impugnare3
1609 3424 1727 3501 sicque

924 3514 966 3575 ab
986 3518 1340 3580 excommunicationis
1365 3520 1541 3590 sententia,
1562 3537 1664 3597 qnam
1688 3521 1724 3581 in

924 3627 961 3672 se
976 3613 1132 3676 credebat
1141 3631 1201 3691 per
1208 3615 1446 3677 cathalaunen.
1454 3616 1627 3693 prolatam,
1639 3621 1730 3694 post·

924 3725 1023 3787 quam
1043 3711 1109 3771 iter
1130 3712 1273 3788 arripuit
1293 3712 1477 3773 adsedem
1494 3715 1723 3789 apostolicam

925 3808 1091 3878 veniendi,
1109 3809 1238 3870 absolvi
1253 3810 1347 3886 petiit
1360 3810 1402 3871 ad
1415 3810 1590 3871 cautelam.
1607 3813 1725 3874 Dictus

923 3919 1003 3964 vero
1016 3908 1211 3980 procurator
1225 3922 1267 3967 ex
1282 3907 1421 3968 adverso
1435 3908 1616 3984 respondit,
1633 3910 1724 3985 qnod

924 4001 1089 4063 restitutio
1104 4018 1205 4078 super
1220 4003 1272 4063 bis
1289 4003 1482 4080 presbptero
1501 4020 1568 4065 non
1583 4021 1723 4082 compe-

923 4098 1013 4159 tebat
1045 4099 1167 4171 eidem,
1200 4115 1274 4159 cum
1301 4100 1387 4160 idem
1404 4115 1516 4161 coram
1528 4102 1722 4165 atrebaten.

924 4211 1006 4271 quos
1034 4197 1140 4258 voluit
1162 4198 1265 4258 testes
1292 4197 1506 4273 produxerat,
1532 4214 1655 4276 resque
1681 4201 1725 4262 sit

923 4291 1051 4352 duabus
1066 4293 1196 4354 vicibus
1214 4294 1376 4370 jndicata,
1392 4296 1425 4356 et
1438 4295 1474 4355 in
1487 4296 1727 4373 appellationis

924 4405 1025 4451 causa
1038 4391 1215 4451 commissa
1232 4392 1358 4453 decano
1373 4395 1509 4454 Romen.
1525 4395 1559 4455 et
1571 4396 1727 4472 conjudi-

923 4487 1017 4547 cibus
1038 4502 1103 4547 non
1120 4487 1254 4563 petierit
1271 4489 1335 4550 sibi
1355 4489 1577 4551 restitutionis
1596 4490 1729 4553 beneti-

924 4585 1011 4644 cium
1035 4583 1219 4661 indulgeri3
1242 4585 1404 4663 adjiciens
1422 4587 1510 4664 quod
1530 4588 1724 4651 restitutum

923 4698 991 4742 non
999 4683 1200 4758 competeret
1208 4684 1346 4759 propter
1357 4683 1530 4744 minimum
1538 4684 1617 4761 quid
1627 4687 1727 4747 omis·

922 4779 1049 4850 sum,et
1058 4779 1167 4841 dictus
1182 4778 1355 4856 presbyter
1365 4781 1600 4857 praedictorum
1607 4783 1726 4846 Catha-

923 4876 1056 4937 launen.
1067 4876 1268 4938 sententiam
1283 4876 1494 4953 approbaret,
1505 4877 1670 4942 beneficio
1683 4879 1726 4941 ab

923 4975 972 5034 eis
993 4973 1212 5034 absolutionis
1234 4973 1379 5042 obtento,
1398 4976 1552 5036 cautione
1573 4981 1725 5054 praestita

923 5071 964 5131 de
973 5070 1140 5131 solvendis
1155 5071 1267 5132 decem
1283 5071 1378 5132 libris
1392 5072 1427 5132 iu
1442 5073 1565 5150 quibus
1581 5091 1643 5152 pro
1658 5092 1724 5138 ex-

923 5169 1036 5245 pensis
1056 5167 1151 5231 vohis
1171 5168 1281 5230 tuerat
1301 5169 1557 5246 condemnatum
1580 5175 1640 5235 sed
1661 5191 1724 5236 nec

922 5265 1010 5326 inira
1021 5265 1276 5342 quadriennium
1286 5265 1484 5329 beneficium
1495 5270 1726 5334 restitutionis

923 5362 1074 5432 obtiniut,
1092 5363 1192 5423 immo
1214 5378 1312 5439 super
1333 5364 1397 5424 boc
1417 5366 1624 5427 contrariam
1646 5385 1727 5431 sen·

921 5461 1058 5522 tentiam
1072 5461 1263 5536 reportavit.
1280 5462 1389 5532 Quare
1401 5460 1536 5538 petebat
1548 5463 1639 5525 idem
1649 5482 1726 5542 pro·

921 5559 1056 5618 curator
1070 5556 1261 5634 presbytero
1277 5558 1340 5634 ipsi
1355 5561 1551 5636 perpetuum
1566 5577 1669 5639 super
1681 5581 1723 5625 eo
