<?xml version="1.0" encoding="UTF-8"?>
<!DOCTYPE html PUBLIC "-//W3C//DTD XHTML 1.0 Transitional//EN"
    "http://www.w3.org/TR/xhtml1/DTD/xhtml1-transitional.dtd">
<html xmlns="http://www.w3.org/1999/xhtml" xml:lang="en" lang="en">
 <head>
  <title>
</title>
<meta http-equiv="Content-Type" content="text/html;charset=utf-8" />
  <meta name='ocr-system' content='tesseract 3.04.00' />
  <meta name='ocr-capabilities' content='ocr_page ocr_carea ocr_par ocr_line ocrx_word'/>
</head>
<body>
  <div class='ocr_page' id='page_1' title='image "./mediiaevibiblio00horogoog_0051.png"; bbox 0 0 3824 6180; ppageno 0'>
   <div class='ocr_carea' id='block_1_1' title="bbox 137 326 1171 389">
    <p class='ocr_par' dir='ltr' id='par_1_1' title="bbox 137 326 1171 389">
     <span class='ocr_line' id='line_1_1' title="bbox 137 326 1171 389; baseline -0.002 -2"><span class='ocrx_word' id='word_1_1' title='bbox 137 328 175 387; x_wconf 78' lang='lat' dir='ltr'>b&#39;i</span> <span class='ocrx_word' id='word_1_2' title='bbox 759 328 935 389; x_wconf 72' lang='lat' dir='ltr'>tion&#39;ouli</span> <span class='ocrx_word' id='word_1_3' title='bbox 957 328 1001 389; x_wconf 88' lang='lat'>111</span> <span class='ocrx_word' id='word_1_4' title='bbox 1023 326 1171 389; x_wconf 81' lang='lat' dir='ltr'>OPERA.</span> 
     </span>
    </p>
   </div>
   <div class='ocr_carea' id='block_1_2' title="bbox 53 485 936 564">
    <p class='ocr_par' dir='ltr' id='par_1_2' title="bbox 53 485 936 564">
     <span class='ocr_line' id='line_1_2' title="bbox 53 485 936 564; baseline 0.003 -19"><span class='ocrx_word' id='word_1_5' title='bbox 53 520 58 527; x_wconf 93' lang='lat'><em>-</em></span> <span class='ocrx_word' id='word_1_6' title='bbox 139 486 249 549; x_wconf 89' lang='lat' dir='ltr'>autem</span> <span class='ocrx_word' id='word_1_7' title='bbox 278 488 314 547; x_wconf 89' lang='lat' dir='ltr'>P.</span> <span class='ocrx_word' id='word_1_8' title='bbox 347 488 419 564; x_wconf 87' lang='lat' dir='ltr'>ejus</span> <span class='ocrx_word' id='word_1_9' title='bbox 444 485 666 563; x_wconf 71' lang='lat' dir='ltr'>appellatione</span> <span class='ocrx_word' id='word_1_10' title='bbox 692 488 878 563; x_wconf 88' lang='lat' dir='ltr'>contempta</span> <span class='ocrx_word' id='word_1_11' title='bbox 902 488 936 548; x_wconf 91' lang='lat' dir='ltr'>in</span> 
     </span>
    </p>
   </div>
   <div class='ocr_carea' id='block_1_3' title="bbox 139 582 935 661">
    <p class='ocr_par' dir='ltr' id='par_1_3' title="bbox 139 582 935 661">
     <span class='ocr_line' id='line_1_3' title="bbox 139 582 935 661; baseline -0.001 -16"><span class='ocrx_word' id='word_1_12' title='bbox 139 582 290 646; x_wconf 79' lang='lat' dir='ltr'><strong>abbatem</strong></span> <span class='ocrx_word' id='word_1_13' title='bbox 314 600 349 645; x_wconf 89' lang='lat' dir='ltr'>se</span> <span class='ocrx_word' id='word_1_14' title='bbox 370 583 496 645; x_wconf 88' lang='lat' dir='ltr'>faciens</span> <span class='ocrx_word' id='word_1_15' title='bbox 509 582 672 655; x_wconf 83' lang='lat' dir='ltr'>benedici,</span> <span class='ocrx_word' id='word_1_16' title='bbox 684 584 879 661; x_wconf 87' lang='lat' dir='ltr'>jamdictum</span> <span class='ocrx_word' id='word_1_17' title='bbox 895 586 935 647; x_wconf 93' lang='lat' dir='ltr'>N.</span> 
     </span>
    </p>
   </div>
   <div class='ocr_carea' id='block_1_4' title="bbox 53 681 935 757">
    <p class='ocr_par' dir='ltr' id='par_1_4' title="bbox 53 681 935 757">
     <span class='ocr_line' id='line_1_4' title="bbox 53 681 935 757; baseline -0.002 -14"><span class='ocrx_word' id='word_1_18' title='bbox 53 742 57 749; x_wconf 89' lang='grc'><strong>,</strong></span> <span class='ocrx_word' id='word_1_19' title='bbox 138 682 326 751; x_wconf 85' lang='lat' dir='ltr'>tractatum,</span> <span class='ocrx_word' id='word_1_20' title='bbox 336 682 394 743; x_wconf 85' lang='lat' dir='ltr'>Dei</span> <span class='ocrx_word' id='word_1_21' title='bbox 407 682 525 742; x_wconf 89' lang='lat' dir='ltr'>timore</span> <span class='ocrx_word' id='word_1_22' title='bbox 540 681 737 757; x_wconf 87' lang='lat' dir='ltr'>postposito,</span> <span class='ocrx_word' id='word_1_23' title='bbox 750 681 935 752; x_wconf 83' lang='lat' dir='ltr'>inhoneste,</span> 
     </span>
    </p>
   </div>
   <div class='ocr_carea' id='block_1_5' title="bbox 137 778 939 1247">
    <p class='ocr_par' dir='ltr' id='par_1_5' title="bbox 137 778 939 1247">
     <span class='ocr_line' id='line_1_5' title="bbox 139 778 939 855; baseline -0.001 -16"><span class='ocrx_word' id='word_1_24' title='bbox 139 794 198 855; x_wconf 83' lang='lat' dir='ltr'>per</span> <span class='ocrx_word' id='word_1_25' title='bbox 213 778 362 839; x_wconf 82' lang='lat' dir='ltr'>laicalem</span> <span class='ocrx_word' id='word_1_26' title='bbox 377 778 557 855; x_wconf 87' lang='lat' dir='ltr'>potentiam</span> <span class='ocrx_word' id='word_1_27' title='bbox 570 778 847 840; x_wconf 88' lang='lat' dir='ltr'>lecitcarceribus</span> <span class='ocrx_word' id='word_1_28' title='bbox 862 794 939 839; x_wconf 90' lang='lat' dir='ltr'>cus·</span> 
     </span>
     <span class='ocr_line' id='line_1_6' title="bbox 138 874 939 953; baseline -0.001 -16"><span class='ocrx_word' id='word_1_29' title='bbox 138 874 238 937; x_wconf 85' lang='lat' dir='ltr'>todiae</span> <span class='ocrx_word' id='word_1_30' title='bbox 248 876 443 953; x_wconf 87' lang='lat' dir='ltr'>mancipari,</span> <span class='ocrx_word' id='word_1_31' title='bbox 456 892 496 937; x_wconf 93' lang='lat' dir='ltr'>ac</span> <span class='ocrx_word' id='word_1_32' title='bbox 507 876 713 953; x_wconf 84' lang='lat' dir='ltr'>postmodum</span> <span class='ocrx_word' id='word_1_33' title='bbox 732 876 772 937; x_wconf 87' lang='lat' dir='ltr'>de</span> <span class='ocrx_word' id='word_1_34' title='bbox 785 877 857 953; x_wconf 94' lang='lat' dir='ltr'>ipso</span> <span class='ocrx_word' id='word_1_35' title='bbox 867 892 939 936; x_wconf 93' lang='lat' dir='ltr'>mo-</span> 
     </span>
     <span class='ocr_line' id='line_1_7' title="bbox 138 972 937 1050; baseline -0.003 -17"><span class='ocrx_word' id='word_1_36' title='bbox 138 974 285 1036; x_wconf 87' lang='lat' dir='ltr'>nasterio</span> <span class='ocrx_word' id='word_1_37' title='bbox 295 974 393 1049; x_wconf 87' lang='lat' dir='ltr'>ejecit</span> <span class='ocrx_word' id='word_1_38' title='bbox 403 974 573 1047; x_wconf 82' lang='lat' dir='ltr'>eumdem3</span> <span class='ocrx_word' id='word_1_39' title='bbox 590 976 724 1050; x_wconf 86' lang='lat' dir='ltr'>propter</span> <span class='ocrx_word' id='word_1_40' title='bbox 734 974 819 1049; x_wconf 88' lang='lat' dir='ltr'>quod</span> <span class='ocrx_word' id='word_1_41' title='bbox 829 975 861 1034; x_wconf 90' lang='lat' dir='ltr'>et</span> <span class='ocrx_word' id='word_1_42' title='bbox 871 972 937 1033; x_wconf 92' lang='lat' dir='ltr'>alia</span> 
     </span>
     <span class='ocr_line' id='line_1_8' title="bbox 137 1070 935 1147; baseline -0.004 -15"><span class='ocrx_word' id='word_1_43' title='bbox 137 1072 226 1133; x_wconf 89' lang='lat' dir='ltr'>idem</span> <span class='ocrx_word' id='word_1_44' title='bbox 242 1073 283 1131; x_wconf 87' lang='lat' dir='ltr'>N.</span> <span class='ocrx_word' id='word_1_45' title='bbox 300 1071 557 1147; x_wconf 73' lang='lat' dir='ltr'>appellationem</span> <span class='ocrx_word' id='word_1_46' title='bbox 573 1072 728 1147; x_wconf 84' lang='lat' dir='ltr'>prosequi</span> <span class='ocrx_word' id='word_1_47' title='bbox 737 1088 802 1133; x_wconf 90' lang='lat' dir='ltr'>non</span> <span class='ocrx_word' id='word_1_48' title='bbox 819 1070 935 1147; x_wconf 88' lang='lat' dir='ltr'>potuit,</span> 
     </span>
     <span class='ocr_line' id='line_1_9' title="bbox 143 1167 938 1247; baseline -0.001 -18"><span class='ocrx_word' id='word_1_49' title='bbox 143 1184 242 1247; x_wconf 88' lang='lat' dir='ltr'>quam</span> <span class='ocrx_word' id='word_1_50' title='bbox 253 1169 374 1230; x_wconf 88' lang='lat' dir='ltr'>emisit.</span> <span class='ocrx_word' id='word_1_51' title='bbox 386 1167 477 1230; x_wconf 84' lang='lat' dir='ltr'>Unde</span> <span class='ocrx_word' id='word_1_52' title='bbox 489 1168 583 1229; x_wconf 89' lang='lat' dir='ltr'>nobis</span> <span class='ocrx_word' id='word_1_53' title='bbox 592 1168 762 1229; x_wconf 91' lang='lat' dir='ltr'>humiliter</span> <span class='ocrx_word' id='word_1_54' title='bbox 775 1168 938 1244; x_wconf 89' lang='lat' dir='ltr'>supplica·</span> 
     </span>
    </p>
   </div>
   <div class='ocr_carea' id='block_1_6' title="bbox 53 1265 939 1343">
    <p class='ocr_par' dir='ltr' id='par_1_6' title="bbox 53 1265 939 1343">
     <span class='ocr_line' id='line_1_10' title="bbox 53 1265 939 1343; baseline -0.002 -16"><span class='ocrx_word' id='word_1_55' title='bbox 53 1278 57 1285; x_wconf 86' lang='lat'><em>·</em></span> <span class='ocrx_word' id='word_1_56' title='bbox 137 1265 939 1343; x_wconf 73' lang='lat' dir='ltr'>batutsuperhocdebenignitatesedisaposto-</span> 
     </span>
    </p>
   </div>
   <div class='ocr_carea' id='block_1_7' title="bbox 135 1363 939 2415">
    <p class='ocr_par' dir='ltr' id='par_1_7' title="bbox 135 1363 939 2415">
     <span class='ocr_line' id='line_1_11' title="bbox 137 1363 936 1441; baseline -0.004 -16"><span class='ocrx_word' id='word_1_57' title='bbox 137 1364 397 1441; x_wconf 85' lang='lat' dir='ltr'>licaeprovidere</span> <span class='ocrx_word' id='word_1_58' title='bbox 412 1363 477 1423; x_wconf 91' lang='lat' dir='ltr'>sibi</span> <span class='ocrx_word' id='word_1_59' title='bbox 501 1364 764 1425; x_wconf 81' lang='lat' dir='ltr'>misericorditer</span> <span class='ocrx_word' id='word_1_60' title='bbox 776 1363 936 1437; x_wconf 70' lang='lat' dir='ltr'>‹lignare-</span> 
     </span>
     <span class='ocr_line' id='line_1_12' title="bbox 136 1460 938 1539; baseline -0.002 -16"><span class='ocrx_word' id='word_1_61' title='bbox 136 1461 390 1533; x_wconf 88' lang='lat' dir='ltr'>mur.Quocirca</span> <span class='ocrx_word' id='word_1_62' title='bbox 401 1460 594 1521; x_wconf 88' lang='lat' dir='ltr'>discretioni</span> <span class='ocrx_word' id='word_1_63' title='bbox 605 1463 793 1539; x_wconf 88' lang='lat' dir='ltr'>vestraeper</span> <span class='ocrx_word' id='word_1_64' title='bbox 803 1461 938 1536; x_wconf 81' lang='lat' dir='ltr'>Aposto-</span> 
     </span>
     <span class='ocr_line' id='line_1_13' title="bbox 137 1557 937 1635; baseline -0.004 -16"><span class='ocrx_word' id='word_1_65' title='bbox 137 1558 203 1619; x_wconf 89' lang='lat' dir='ltr'>lica</span> <span class='ocrx_word' id='word_1_66' title='bbox 219 1559 343 1635; x_wconf 88' lang='lat' dir='ltr'>scripta</span> <span class='ocrx_word' id='word_1_67' title='bbox 367 1558 574 1629; x_wconf 89' lang='lat' dir='ltr'>mandamus,</span> <span class='ocrx_word' id='word_1_68' title='bbox 597 1560 760 1634; x_wconf 88' lang='lat' dir='ltr'>quatenus</span> <span class='ocrx_word' id='word_1_69' title='bbox 778 1557 937 1634; x_wconf 85' lang='lat' dir='ltr'>inquisita</span> 
     </span>
     <span class='ocr_line' id='line_1_14' title="bbox 136 1654 936 1733; baseline -0.005 -16"><span class='ocrx_word' id='word_1_70' title='bbox 136 1672 237 1733; x_wconf 86' lang='lat' dir='ltr'>super</span> <span class='ocrx_word' id='word_1_71' title='bbox 251 1656 303 1716; x_wconf 85' lang='lat' dir='ltr'>itis</span> <span class='ocrx_word' id='word_1_72' title='bbox 316 1656 510 1731; x_wconf 75' lang='lat' dir='ltr'>diligentius</span> <span class='ocrx_word' id='word_1_73' title='bbox 525 1655 677 1727; x_wconf 88' lang='lat' dir='ltr'>veritate,</span> <span class='ocrx_word' id='word_1_74' title='bbox 694 1656 779 1732; x_wconf 87' lang='lat' dir='ltr'>quod</span> <span class='ocrx_word' id='word_1_75' title='bbox 794 1654 936 1715; x_wconf 90' lang='lat' dir='ltr'>canoni-</span> 
     </span>
     <span class='ocr_line' id='line_1_15' title="bbox 135 1753 938 1829; baseline -0.002 -14"><span class='ocrx_word' id='word_1_76' title='bbox 135 1768 211 1815; x_wconf 87' lang='lat' dir='ltr'>cum</span> <span class='ocrx_word' id='word_1_77' title='bbox 245 1753 355 1824; x_wconf 88' lang='lat' dir='ltr'>fuerit,</span> <span class='ocrx_word' id='word_1_78' title='bbox 383 1753 606 1829; x_wconf 84' lang='lat' dir='ltr'>appellatione</span> <span class='ocrx_word' id='word_1_79' title='bbox 640 1753 835 1829; x_wconf 87' lang='lat' dir='ltr'>postposita,</span> <span class='ocrx_word' id='word_1_80' title='bbox 868 1754 938 1813; x_wconf 84' lang='lat' dir='ltr'>sta-</span> 
     </span>
     <span class='ocr_line' id='line_1_16' title="bbox 136 1850 938 1926; baseline -0.006 -13"><span class='ocrx_word' id='word_1_81' title='bbox 136 1852 248 1923; x_wconf 88' lang='lat' dir='ltr'>tuatis,</span> <span class='ocrx_word' id='word_1_82' title='bbox 273 1850 432 1912; x_wconf 88' lang='lat' dir='ltr'>facientes</span> <span class='ocrx_word' id='word_1_83' title='bbox 453 1850 539 1926; x_wconf 85' lang='lat' dir='ltr'>quod</span> <span class='ocrx_word' id='word_1_84' title='bbox 562 1850 779 1911; x_wconf 69' lang='lat' dir='ltr'>decreveritis</span> <span class='ocrx_word' id='word_1_85' title='bbox 799 1850 938 1910; x_wconf 88' lang='lat' dir='ltr'>tirmiter</span> 
     </span>
     <span class='ocr_line' id='line_1_17' title="bbox 136 1946 937 2024; baseline -0.004 -14"><span class='ocrx_word' id='word_1_86' title='bbox 136 1948 318 2019; x_wconf 86' lang='lat' dir='ltr'>observari,</span> <span class='ocrx_word' id='word_1_87' title='bbox 333 1947 434 2008; x_wconf 89' lang='lat' dir='ltr'>nullis</span> <span class='ocrx_word' id='word_1_88' title='bbox 450 1948 569 2009; x_wconf 89' lang='lat' dir='ltr'>litteris</span> <span class='ocrx_word' id='word_1_89' title='bbox 585 1948 731 2018; x_wconf 90' lang='lat' dir='ltr'>veritati,</span> <span class='ocrx_word' id='word_1_90' title='bbox 753 1950 786 2007; x_wconf 89' lang='lat' dir='ltr'>et</span> <span class='ocrx_word' id='word_1_91' title='bbox 796 1946 937 2024; x_wconf 83' lang='lat' dir='ltr'>justitiae</span> 
     </span>
     <span class='ocr_line' id='line_1_18' title="bbox 136 2045 938 2124; baseline -0.006 -16"><span class='ocrx_word' id='word_1_92' title='bbox 136 2045 447 2124; x_wconf 85' lang='lat' dir='ltr'>praejudicantibus,</span> <span class='ocrx_word' id='word_1_93' title='bbox 476 2048 538 2105; x_wconf 89' lang='lat' dir='ltr'>etc.</span> <span class='ocrx_word' id='word_1_94' title='bbox 576 2045 669 2116; x_wconf 89' lang='lat' dir='ltr'>Quod</span> <span class='ocrx_word' id='word_1_95' title='bbox 708 2045 738 2104; x_wconf 93' lang='lat' dir='ltr'>si</span> <span class='ocrx_word' id='word_1_96' title='bbox 765 2060 831 2104; x_wconf 90' lang='lat' dir='ltr'>non</span> <span class='ocrx_word' id='word_1_97' title='bbox 866 2060 938 2104; x_wconf 92' lang='lat' dir='ltr'>om-</span> 
     </span>
     <span class='ocr_line' id='line_1_19' title="bbox 137 2141 939 2214; baseline -0.005 -9"><span class='ocrx_word' id='word_1_98' title='bbox 137 2158 208 2214; x_wconf 89' lang='lat' dir='ltr'>nes,</span> <span class='ocrx_word' id='word_1_99' title='bbox 220 2144 296 2214; x_wconf 81' lang='lat' dir='ltr'>eto,</span> <span class='ocrx_word' id='word_1_100' title='bbox 313 2142 378 2203; x_wconf 71' lang='lat' dir='ltr'>cluo</span> <span class='ocrx_word' id='word_1_101' title='bbox 391 2144 537 2203; x_wconf 85' lang='lat' dir='ltr'>vestrum</span> <span class='ocrx_word' id='word_1_102' title='bbox 550 2158 589 2202; x_wconf 89' lang='lat' dir='ltr'>ea</span> <span class='ocrx_word' id='word_1_103' title='bbox 604 2141 823 2203; x_wconf 89' lang='lat' dir='ltr'>nihilominus</span> <span class='ocrx_word' id='word_1_104' title='bbox 839 2156 939 2202; x_wconf 82' lang='lat' dir='ltr'>exse-</span> 
     </span>
     <span class='ocr_line' id='line_1_20' title="bbox 137 2238 936 2319; baseline -0.004 -18"><span class='ocrx_word' id='word_1_105' title='bbox 137 2242 293 2319; x_wconf 78' lang='lat' dir='ltr'>quantur.</span> <span class='ocrx_word' id='word_1_106' title='bbox 312 2242 430 2301; x_wconf 87' lang='lat' dir='ltr'>Datum</span> <span class='ocrx_word' id='word_1_107' title='bbox 454 2240 609 2299; x_wconf 86' lang='lat' dir='ltr'>Laterani</span> <span class='ocrx_word' id='word_1_108' title='bbox 626 2239 778 2300; x_wconf 86' lang='lat' dir='ltr'>kalendis</span> <span class='ocrx_word' id='word_1_109' title='bbox 802 2238 936 2300; x_wconf 89' lang='lat' dir='ltr'>decem-</span> 
     </span>
     <span class='ocr_line' id='line_1_21' title="bbox 136 2337 675 2415; baseline -0.004 -16"><span class='ocrx_word' id='word_1_110' title='bbox 136 2338 220 2409; x_wconf 89' lang='lat' dir='ltr'>bris,</span> <span class='ocrx_word' id='word_1_111' title='bbox 238 2337 449 2415; x_wconf 79' lang='lat' dir='ltr'>pontificatus</span> <span class='ocrx_word' id='word_1_112' title='bbox 464 2352 552 2398; x_wconf 90' lang='lat' dir='ltr'>anno</span> <span class='ocrx_word' id='word_1_113' title='bbox 567 2337 675 2399; x_wconf 90' lang='lat' dir='ltr'>tertio.</span> 
     </span>
    </p>
   </div>
   <div class='ocr_carea' id='block_1_8' title="bbox 482 2496 589 2582">
    <p class='ocr_par' dir='ltr' id='par_1_8' title="bbox 482 2496 589 2582">
     <span class='ocr_line' id='line_1_22' title="bbox 482 2496 589 2582; baseline 0.009 -1"><span class='ocrx_word' id='word_1_114' title='bbox 482 2496 589 2582; x_wconf 86' lang='lat' dir='ltr'>LXII</span> 
     </span>
    </p>
   </div>
   <div class='ocr_carea' id='block_1_9' title="bbox 69 2630 939 3891">
    <p class='ocr_par' dir='ltr' id='par_1_9' title="bbox 135 2630 938 2897">
     <span class='ocr_line' id='line_1_23' title="bbox 135 2630 938 2693; baseline -0.007 0"><span class='ocrx_word' id='word_1_115' title='bbox 135 2634 187 2693; x_wconf 83' lang='lat' dir='ltr'>Ad</span> <span class='ocrx_word' id='word_1_116' title='bbox 198 2634 379 2692; x_wconf 75' lang='lat' dir='ltr'>rcirtocvuos</span> <span class='ocrx_word' id='word_1_117' title='bbox 393 2630 530 2691; x_wconf 80' lang='lat' dir='ltr'>abbates</span> <span class='ocrx_word' id='word_1_118' title='bbox 541 2630 574 2690; x_wconf 86' lang='lat' dir='ltr'>et</span> <span class='ocrx_word' id='word_1_119' title='bbox 585 2630 791 2690; x_wconf 76' lang='lat' dir='ltr'>concentum</span> <span class='ocrx_word' id='word_1_120' title='bbox 805 2630 938 2688; x_wconf 71' lang='lat' dir='ltr'>ordinis</span> 
     </span>
     <span class='ocr_line' id='line_1_24' title="bbox 410 2728 659 2788; baseline -0.008 -1"><span class='ocrx_word' id='word_1_121' title='bbox 410 2728 659 2788; x_wconf 78' lang='lat' dir='ltr'>cisterciensis.</span> 
     </span>
     <span class='ocr_line' id='line_1_25' title="bbox 409 2840 662 2897; baseline -0.008 0"><span class='ocrx_word' id='word_1_122' title='bbox 409 2840 566 2897; x_wconf 71' lang='lat' dir='ltr'>sueccino.</span> <span class='ocrx_word' id='word_1_123' title='bbox 584 2840 662 2897; x_wconf 76' lang='lat'>1218.</span> 
     </span>
    </p>

    <p class='ocr_par' dir='ltr' id='par_1_10' title="bbox 69 2945 938 3208">
     <span class='ocr_line' id='line_1_26' title="bbox 252 2945 828 3012; baseline -0.009 -13"><span class='ocrx_word' id='word_1_124' title='bbox 252 2945 426 3012; x_wconf 70' lang='lat' dir='ltr'>[spicilegium</span> <span class='ocrx_word' id='word_1_125' title='bbox 443 2946 615 3003; x_wconf 76' lang='lat' dir='ltr'>Liircrianurn,</span> <span class='ocrx_word' id='word_1_126' title='bbox 630 2962 656 3010; x_wconf 94' lang='lat' dir='ltr'>p.</span> <span class='ocrx_word' id='word_1_127' title='bbox 669 2945 723 3003; x_wconf 73' lang='lat'>7:³0,</span> <span class='ocrx_word' id='word_1_128' title='bbox 737 2960 762 2994; x_wconf 92' lang='lat' dir='ltr'>n.</span> <span class='ocrx_word' id='word_1_129' title='bbox 776 2946 828 3011; x_wconf 76' lang='grc'><strong>17.)</strong></span> 
     </span>
     <span class='ocr_line' id='line_1_27' title="bbox 137 3040 938 3119; baseline -0.005 -15"><span class='ocrx_word' id='word_1_130' title='bbox 137 3040 270 3119; x_wconf 84' lang='lat' dir='ltr'>indulget</span> <span class='ocrx_word' id='word_1_131' title='bbox 284 3060 321 3102; x_wconf 89' lang='lat' dir='ltr'>no</span> <span class='ocrx_word' id='word_1_132' title='bbox 335 3045 506 3118; x_wconf 76' lang='lat' dir='ltr'>apostolicae</span> <span class='ocrx_word' id='word_1_133' title='bbox 518 3044 598 3101; x_wconf 73' lang='lat' dir='ltr'>Saulis</span> <span class='ocrx_word' id='word_1_134' title='bbox 609 3045 695 3116; x_wconf 82' lang='lat' dir='ltr'>legati</span> <span class='ocrx_word' id='word_1_135' title='bbox 703 3052 938 3116; x_wconf 85' lang='lat' dir='ltr'>procuratorcsve</span> 
     </span>
     <span class='ocr_line' id='line_1_28' title="bbox 69 3132 938 3208; baseline -0.005 -15"><span class='ocrx_word' id='word_1_136' title='bbox 69 3132 73 3139; x_wconf 86' lang='lat'>&#39;</span> <span class='ocrx_word' id='word_1_137' title='bbox 171 3133 565 3208; x_wconf 85' lang='lat' dir='ltr'>pecuniariasexaotionesub</span> <span class='ocrx_word' id='word_1_138' title='bbox 578 3148 678 3190; x_wconf 86' lang='lat' dir='ltr'>eoruvu</span> <span class='ocrx_word' id='word_1_139' title='bbox 689 3132 871 3189; x_wconf 86' lang='lat' dir='ltr'>monasteriis</span> <span class='ocrx_word' id='word_1_140' title='bbox 881 3133 938 3189; x_wconf 84' lang='lat' dir='ltr'>cxi·</span> 
     </span>
    </p>

    <p class='ocr_par' dir='ltr' id='par_1_11' title="bbox 171 3230 441 3297">
     <span class='ocr_line' id='line_1_29' title="bbox 171 3230 441 3297; baseline -0.007 -17"><span class='ocrx_word' id='word_1_141' title='bbox 171 3237 242 3297; x_wconf 79' lang='lat' dir='ltr'>gere</span> <span class='ocrx_word' id='word_1_142' title='bbox 257 3230 441 3295; x_wconf 81' lang='lat' dir='ltr'>presumant.</span> 
     </span>
    </p>

    <p class='ocr_par' dir='ltr' id='par_1_12' title="bbox 136 3328 939 3684">
     <span class='ocr_line' id='line_1_30' title="bbox 175 3328 935 3407; baseline -0.007 -14"><span class='ocrx_word' id='word_1_143' title='bbox 175 3332 343 3393; x_wconf 88' lang='lat' dir='ltr'>Honorius</span> <span class='ocrx_word' id='word_1_144' title='bbox 352 3330 539 3407; x_wconf 89' lang='lat' dir='ltr'>episcopus,</span> <span class='ocrx_word' id='word_1_145' title='bbox 554 3345 854 3391; x_wconf 86' lang='lat' dir='ltr'>servusservorum</span> <span class='ocrx_word' id='word_1_146' title='bbox 865 3328 935 3399; x_wconf 90' lang='lat' dir='ltr'>Dei,</span> 
     </span>
     <span class='ocr_line' id='line_1_31' title="bbox 136 3424 938 3489; baseline -0.007 0"><span class='ocrx_word' id='word_1_147' title='bbox 136 3427 266 3489; x_wconf 89' lang='lat' dir='ltr'>dilectis</span> <span class='ocrx_word' id='word_1_148' title='bbox 280 3427 359 3486; x_wconf 91' lang='lat' dir='ltr'>filiis</span> <span class='ocrx_word' id='word_1_149' title='bbox 371 3426 538 3485; x_wconf 88' lang='lat' dir='ltr'>universis</span> <span class='ocrx_word' id='word_1_150' title='bbox 554 3424 728 3485; x_wconf 88' lang='lat' dir='ltr'>abbatibus</span> <span class='ocrx_word' id='word_1_151' title='bbox 743 3428 777 3485; x_wconf 88' lang='lat' dir='ltr'>et</span> <span class='ocrx_word' id='word_1_152' title='bbox 791 3440 938 3486; x_wconf 90' lang='lat' dir='ltr'>conven-</span> 
     </span>
     <span class='ocr_line' id='line_1_32' title="bbox 136 3522 939 3597; baseline -0.006 -12"><span class='ocrx_word' id='word_1_153' title='bbox 136 3524 226 3585; x_wconf 90' lang='lat' dir='ltr'>tibus</span> <span class='ocrx_word' id='word_1_154' title='bbox 240 3523 471 3585; x_wconf 84' lang='lat' dir='ltr'>cisterciensis</span> <span class='ocrx_word' id='word_1_155' title='bbox 487 3522 625 3593; x_wconf 88' lang='lat' dir='ltr'>ordinis,</span> <span class='ocrx_word' id='word_1_156' title='bbox 643 3522 783 3582; x_wconf 86' lang='lat' dir='ltr'>salutent</span> <span class='ocrx_word' id='word_1_157' title='bbox 799 3523 832 3582; x_wconf 92' lang='lat' dir='ltr'>et</span> <span class='ocrx_word' id='word_1_158' title='bbox 844 3537 939 3597; x_wconf 90' lang='lat' dir='ltr'>apos-</span> 
     </span>
     <span class='ocr_line' id='line_1_33' title="bbox 138 3619 564 3684; baseline -0.012 0"><span class='ocrx_word' id='word_1_159' title='bbox 138 3622 273 3684; x_wconf 87' lang='lat' dir='ltr'>tolicam</span> <span class='ocrx_word' id='word_1_160' title='bbox 288 3619 564 3682; x_wconf 85' lang='lat' dir='ltr'>benedictionem.</span> 
     </span>
    </p>

    <p class='ocr_par' dir='ltr' id='par_1_13' title="bbox 137 3716 939 3891">
     <span class='ocr_line' id='line_1_34' title="bbox 178 3716 937 3796; baseline -0.004 -16"><span class='ocrx_word' id='word_1_161' title='bbox 178 3722 259 3780; x_wconf 87' lang='lat' dir='ltr'>Cum</span> <span class='ocrx_word' id='word_1_162' title='bbox 269 3722 391 3796; x_wconf 86' lang='lat' dir='ltr'>praeter</span> <span class='ocrx_word' id='word_1_163' title='bbox 399 3733 578 3794; x_wconf 87' lang='lat' dir='ltr'>pauperem</span> <span class='ocrx_word' id='word_1_164' title='bbox 589 3718 712 3778; x_wconf 83' lang='lat' dir='ltr'>victum</span> <span class='ocrx_word' id='word_1_165' title='bbox 725 3716 758 3777; x_wconf 89' lang='lat' dir='ltr'>ot</span> <span class='ocrx_word' id='word_1_166' title='bbox 771 3716 937 3789; x_wconf 89' lang='lat' dir='ltr'>vestitum,</span> 
     </span>
     <span class='ocr_line' id='line_1_35' title="bbox 137 3814 939 3891; baseline -0.006 -12"><span class='ocrx_word' id='word_1_167' title='bbox 137 3818 250 3879; x_wconf 89' lang='lat' dir='ltr'>omnia</span> <span class='ocrx_word' id='word_1_168' title='bbox 275 3816 362 3878; x_wconf 90' lang='lat' dir='ltr'>bona</span> <span class='ocrx_word' id='word_1_169' title='bbox 379 3818 490 3878; x_wconf 89' lang='lat' dir='ltr'>vestra</span> <span class='ocrx_word' id='word_1_170' title='bbox 505 3814 724 3891; x_wconf 85' lang='lat' dir='ltr'>hospitalitati</span> <span class='ocrx_word' id='word_1_171' title='bbox 739 3817 773 3875; x_wconf 90' lang='lat' dir='ltr'>et</span> <span class='ocrx_word' id='word_1_172' title='bbox 784 3814 861 3875; x_wconf 89' lang='lat' dir='ltr'>aliis</span> <span class='ocrx_word' id='word_1_173' title='bbox 875 3815 939 3890; x_wconf 90' lang='lat' dir='ltr'>piis</span> 
     </span>
    </p>
   </div>
   <div class='ocr_carea' id='block_1_10' title="bbox 57 4010 941 5158">
    <p class='ocr_par' dir='ltr' id='par_1_14' title="bbox 57 4010 941 4868">
     <span class='ocr_line' id='line_1_36' title="bbox 138 4010 941 4088; baseline -0.006 -14"><span class='ocrx_word' id='word_1_174' title='bbox 138 4014 321 4075; x_wconf 89' lang='lat' dir='ltr'>inhumane</span> <span class='ocrx_word' id='word_1_175' title='bbox 343 4011 420 4073; x_wconf 90' lang='lat' dir='ltr'>aliis</span> <span class='ocrx_word' id='word_1_176' title='bbox 438 4010 563 4071; x_wconf 84' lang='lat' dir='ltr'>auferri</span> <span class='ocrx_word' id='word_1_177' title='bbox 578 4011 710 4071; x_wconf 85' lang='lat' dir='ltr'>videtur</span> <span class='ocrx_word' id='word_1_178' title='bbox 723 4010 941 4088; x_wconf 71' lang='lat' dir='ltr'>egeuisquid-</span> 
     </span>
     <span class='ocr_line' id='line_1_37' title="bbox 138 4108 938 4190; baseline -0.006 -18"><span class='ocrx_word' id='word_1_179' title='bbox 138 4111 216 4190; x_wconf 88' lang='lat' dir='ltr'>quid</span> <span class='ocrx_word' id='word_1_180' title='bbox 245 4127 265 4171; x_wconf 89' lang='lat' dir='ltr'>a</span> <span class='ocrx_word' id='word_1_181' title='bbox 292 4110 386 4171; x_wconf 91' lang='lat' dir='ltr'>vobis</span> <span class='ocrx_word' id='word_1_182' title='bbox 401 4108 561 4170; x_wconf 86' lang='lat' dir='ltr'>violentia</span> <span class='ocrx_word' id='word_1_183' title='bbox 586 4108 639 4168; x_wconf 84' lang='lat' dir='ltr'>vel</span> <span class='ocrx_word' id='word_1_184' title='bbox 662 4108 797 4183; x_wconf 77' lang='lat' dir='ltr'>ingenio</span> <span class='ocrx_word' id='word_1_185' title='bbox 821 4110 938 4168; x_wconf 84' lang='lat' dir='ltr'>extor-</span> 
     </span>
     <span class='ocr_line' id='line_1_38' title="bbox 139 4206 939 4287; baseline -0.005 -18"><span class='ocrx_word' id='word_1_186' title='bbox 139 4208 268 4287; x_wconf 82' lang='lat' dir='ltr'>quetur.</span> <span class='ocrx_word' id='word_1_187' title='bbox 285 4208 356 4267; x_wconf 90' lang='lat' dir='ltr'>Nec</span> <span class='ocrx_word' id='word_1_188' title='bbox 371 4206 448 4283; x_wconf 87' lang='lat' dir='ltr'>quia</span> <span class='ocrx_word' id='word_1_189' title='bbox 462 4206 621 4265; x_wconf 84' lang='lat' dir='ltr'>Dominus</span> <span class='ocrx_word' id='word_1_190' title='bbox 636 4222 794 4265; x_wconf 91' lang='lat' dir='ltr'>manuum</span> <span class='ocrx_word' id='word_1_191' title='bbox 807 4208 939 4266; x_wconf 85' lang='lat' dir='ltr'>vestra-</span> 
     </span>
     <span class='ocr_line' id='line_1_39' title="bbox 61 4302 939 4381; baseline -0.007 -14"><span class='ocrx_word' id='word_1_192' title='bbox 61 4334 64 4339; x_wconf 95' lang='lat'>·</span> <span class='ocrx_word' id='word_1_193' title='bbox 140 4322 214 4367; x_wconf 90' lang='lat' dir='ltr'>rum</span> <span class='ocrx_word' id='word_1_194' title='bbox 228 4304 384 4381; x_wconf 88' lang='lat' dir='ltr'>operibus</span> <span class='ocrx_word' id='word_1_195' title='bbox 395 4303 596 4364; x_wconf 89' lang='lat' dir='ltr'>benedicens</span> <span class='ocrx_word' id='word_1_196' title='bbox 611 4303 770 4363; x_wconf 90' lang='lat' dir='ltr'>viaticum</span> <span class='ocrx_word' id='word_1_197' title='bbox 786 4302 939 4379; x_wconf 77' lang='lat' dir='ltr'>peregri-</span> 
     </span>
     <span class='ocr_line' id='line_1_40' title="bbox 140 4400 941 4477; baseline -0.007 -12"><span class='ocrx_word' id='word_1_198' title='bbox 140 4402 285 4465; x_wconf 86' lang='lat' dir='ltr'>nationis</span> <span class='ocrx_word' id='word_1_199' title='bbox 300 4401 563 4477; x_wconf 74' lang='lat' dir='ltr'>vestrau,quanto</span> <span class='ocrx_word' id='word_1_200' title='bbox 578 4401 685 4474; x_wconf 76' lang='lat' dir='ltr'>magis</span> <span class='ocrx_word' id='word_1_201' title='bbox 696 4400 776 4460; x_wconf 91' lang='lat' dir='ltr'>iliud</span> <span class='ocrx_word' id='word_1_202' title='bbox 793 4402 941 4461; x_wconf 79' lang='lat' dir='ltr'>fraterna</span> 
     </span>
     <span class='ocr_line' id='line_1_41' title="bbox 140 4496 939 4573; baseline -0.008 -10"><span class='ocrx_word' id='word_1_203' title='bbox 140 4499 279 4563; x_wconf 83' lang='lat' dir='ltr'>caritate</span> <span class='ocrx_word' id='word_1_204' title='bbox 318 4498 351 4558; x_wconf 93' lang='lat' dir='ltr'>in</span> <span class='ocrx_word' id='word_1_205' title='bbox 388 4514 468 4557; x_wconf 78' lang='lat' dir='ltr'>vasus</span> <span class='ocrx_word' id='word_1_206' title='bbox 504 4512 686 4573; x_wconf 86' lang='lat' dir='ltr'>pauperum</span> <span class='ocrx_word' id='word_1_207' title='bbox 722 4496 939 4569; x_wconf 83' lang='lat' dir='ltr'>distribuitis,</span> 
     </span>
     <span class='ocr_line' id='line_1_42' title="bbox 139 4595 940 4671; baseline -0.009 -10"><span class='ocrx_word' id='word_1_208' title='bbox 139 4600 233 4661; x_wconf 83' lang='lat' dir='ltr'>tanto</span> <span class='ocrx_word' id='word_1_209' title='bbox 248 4596 354 4671; x_wconf 78' lang='lat' dir='ltr'>magis</span> <span class='ocrx_word' id='word_1_210' title='bbox 370 4595 452 4655; x_wconf 90' lang='lat' dir='ltr'>iilud</span> <span class='ocrx_word' id='word_1_211' title='bbox 482 4595 609 4655; x_wconf 84' lang='lat' dir='ltr'>coeiesti</span> <span class='ocrx_word' id='word_1_212' title='bbox 635 4596 804 4655; x_wconf 87' lang='lat' dir='ltr'>alluvione</span> <span class='ocrx_word' id='word_1_213' title='bbox 825 4595 940 4657; x_wconf 90' lang='lat' dir='ltr'>multi·</span> 
     </span>
     <span class='ocr_line' id='line_1_43' title="bbox 139 4692 939 4773; baseline -0.005 -17"><span class='ocrx_word' id='word_1_214' title='bbox 139 4695 253 4773; x_wconf 82' lang='lat' dir='ltr'>plicat,</span> <span class='ocrx_word' id='word_1_215' title='bbox 271 4694 352 4755; x_wconf 87' lang='lat' dir='ltr'>estis</span> <span class='ocrx_word' id='word_1_216' title='bbox 375 4692 553 4753; x_wconf 86' lang='lat' dir='ltr'>deterioris</span> <span class='ocrx_word' id='word_1_217' title='bbox 568 4692 769 4753; x_wconf 90' lang='lat' dir='ltr'>conditionis</span> <span class='ocrx_word' id='word_1_218' title='bbox 785 4692 939 4764; x_wconf 88' lang='lat' dir='ltr'>habendi,</span> 
     </span>
     <span class='ocr_line' id='line_1_44' title="bbox 57 4784 940 4868; baseline -0.008 -12"><span class='ocrx_word' id='word_1_219' title='bbox 57 4784 61 4789; x_wconf 69' lang='grc'><strong>’</strong></span> <span class='ocrx_word' id='word_1_220' title='bbox 142 4792 200 4855; x_wconf 84' lang='lat' dir='ltr'>sed</span> <span class='ocrx_word' id='word_1_221' title='bbox 216 4792 325 4868; x_wconf 89' lang='lat' dir='ltr'>potius</span> <span class='ocrx_word' id='word_1_222' title='bbox 340 4790 501 4861; x_wconf 87' lang='lat' dir='ltr'>melioris,</span> <span class='ocrx_word' id='word_1_223' title='bbox 527 4806 601 4849; x_wconf 91' lang='lat' dir='ltr'>cum</span> <span class='ocrx_word' id='word_1_224' title='bbox 621 4790 755 4850; x_wconf 89' lang='lat' dir='ltr'>nonnisi</span> <span class='ocrx_word' id='word_1_225' title='bbox 771 4789 861 4849; x_wconf 87' lang='lat' dir='ltr'>vasis</span> <span class='ocrx_word' id='word_1_226' title='bbox 876 4806 940 4867; x_wconf 89' lang='lat' dir='ltr'>pa-</span> 
     </span>
    </p>

    <p class='ocr_par' dir='ltr' id='par_1_15' title="bbox 105 4886 941 5158">
     <span class='ocr_line' id='line_1_45' title="bbox 105 4886 941 4964; baseline -0.005 -13"><span class='ocrx_word' id='word_1_227' title='bbox 105 4954 109 4961; x_wconf 68' lang='lat'>,</span> <span class='ocrx_word' id='word_1_228' title='bbox 141 4889 226 4951; x_wconf 85' lang='lat' dir='ltr'>ratis</span> <span class='ocrx_word' id='word_1_229' title='bbox 238 4889 382 4950; x_wconf 75' lang='lat' dir='ltr'>celestis</span> <span class='ocrx_word' id='word_1_230' title='bbox 392 4889 509 4961; x_wconf 73' lang='lat' dir='ltr'>gratiae</span> <span class='ocrx_word' id='word_1_231' title='bbox 520 4888 629 4947; x_wconf 91' lang='lat' dir='ltr'>oleum</span> <span class='ocrx_word' id='word_1_232' title='bbox 639 4886 844 4958; x_wconf 88' lang='lat' dir='ltr'>infundatur,</span> <span class='ocrx_word' id='word_1_233' title='bbox 855 4887 941 4964; x_wconf 86' lang='lat' dir='ltr'>quod</span> 
     </span>
     <span class='ocr_line' id='line_1_46' title="bbox 141 4983 940 5065; baseline -0.006 -16"><span class='ocrx_word' id='word_1_234' title='bbox 141 4985 299 5065; x_wconf 86' lang='lat' dir='ltr'>pauperis</span> <span class='ocrx_word' id='word_1_235' title='bbox 322 4985 474 5045; x_wconf 85' lang='lat' dir='ltr'>mulieris</span> <span class='ocrx_word' id='word_1_236' title='bbox 489 4983 720 5046; x_wconf 88' lang='lat' dir='ltr'>deficientibus</span> <span class='ocrx_word' id='word_1_237' title='bbox 735 4985 825 5045; x_wconf 89' lang='lat' dir='ltr'>vasis</span> <span class='ocrx_word' id='word_1_238' title='bbox 840 4985 940 5045; x_wconf 88' lang='lat' dir='ltr'>stetit.</span> 
     </span>
     <span class='ocr_line' id='line_1_47' title="bbox 142 5081 941 5158; baseline -0.006 -12"><span class='ocrx_word' id='word_1_239' title='bbox 142 5084 236 5146; x_wconf 85' lang='lat' dir='ltr'>Licet</span> <span class='ocrx_word' id='word_1_240' title='bbox 258 5082 371 5158; x_wconf 78' lang='lat' dir='ltr'>igitur,</span> <span class='ocrx_word' id='word_1_241' title='bbox 389 5082 552 5155; x_wconf 74' lang='lat' dir='ltr'>largiente</span> <span class='ocrx_word' id='word_1_242' title='bbox 566 5082 717 5154; x_wconf 87' lang='lat' dir='ltr'>Domino,</span> <span class='ocrx_word' id='word_1_243' title='bbox 740 5081 941 5142; x_wconf 87' lang='lat' dir='ltr'>monasteria</span> 
     </span>
    </p>
   </div>
   <div class='ocr_carea' id='block_1_11' title="bbox 21 5160 943 5257">
    <p class='ocr_par' dir='ltr' id='par_1_16' title="bbox 21 5160 943 5257">
     <span class='ocr_line' id='line_1_48' title="bbox 21 5160 943 5257; baseline -0.007 -12"><span class='ocrx_word' id='word_1_244' title='bbox 21 5160 25 5165; x_wconf 39' lang='lat'>¹</span> <span class='ocrx_word' id='word_1_245' title='bbox 49 5242 52 5247; x_wconf 83' lang='lat'><strong>.</strong></span> <span class='ocrx_word' id='word_1_246' title='bbox 142 5183 253 5245; x_wconf 86' lang='lat' dir='ltr'>vestra</span> <span class='ocrx_word' id='word_1_247' title='bbox 262 5180 443 5257; x_wconf 90' lang='lat' dir='ltr'>plussoiito</span> <span class='ocrx_word' id='word_1_248' title='bbox 453 5179 685 5255; x_wconf 90' lang='lat' dir='ltr'>temporalium</span> <span class='ocrx_word' id='word_1_249' title='bbox 697 5179 837 5240; x_wconf 89' lang='lat' dir='ltr'>floreant</span> <span class='ocrx_word' id='word_1_250' title='bbox 850 5177 943 5240; x_wconf 90' lang='lat' dir='ltr'>ober-</span> 
     </span>
    </p>
   </div>
   <div class='ocr_carea' id='block_1_12' title="bbox 141 5275 942 5452">
    <p class='ocr_par' dir='ltr' id='par_1_17' title="bbox 141 5275 942 5452">
     <span class='ocr_line' id='line_1_49' title="bbox 141 5275 942 5356; baseline -0.007 -13"><span class='ocrx_word' id='word_1_251' title='bbox 141 5277 433 5356; x_wconf 63' lang='lat' dir='ltr'>aequistantes</span> <span class='ocrx_word' id='word_1_252' title='bbox 456 5276 578 5337; x_wconf 84' lang='lat' dir='ltr'>exinde</span> <span class='ocrx_word' id='word_1_253' title='bbox 593 5275 793 5352; x_wconf 89' lang='lat' dir='ltr'>pauperibus</span> <span class='ocrx_word' id='word_1_254' title='bbox 808 5276 942 5337; x_wconf 85' lang='lat' dir='ltr'>uberius</span> 
     </span>
     <span class='ocr_line' id='line_1_50' title="bbox 144 5372 942 5452; baseline -0.004 -15"><span class='ocrx_word' id='word_1_255' title='bbox 144 5376 351 5443; x_wconf 89' lang='lat' dir='ltr'>subvenitur,</span> <span class='ocrx_word' id='word_1_256' title='bbox 367 5391 428 5435; x_wconf 87' lang='lat' dir='ltr'>nos</span> <span class='ocrx_word' id='word_1_257' title='bbox 443 5374 592 5435; x_wconf 87' lang='lat' dir='ltr'>volentes</span> <span class='ocrx_word' id='word_1_258' title='bbox 607 5387 646 5433; x_wconf 91' lang='lat' dir='ltr'>eo</span> <span class='ocrx_word' id='word_1_259' title='bbox 677 5389 736 5433; x_wconf 92' lang='lat' dir='ltr'>vos</span> <span class='ocrx_word' id='word_1_260' title='bbox 751 5372 792 5434; x_wconf 89' lang='lat' dir='ltr'>de</span> <span class='ocrx_word' id='word_1_261' title='bbox 805 5373 942 5452; x_wconf 86' lang='lat' dir='ltr'>speciali</span> 
     </span>
    </p>
   </div>
   <div class='ocr_carea' id='block_1_13' title="bbox 118 5521 938 5737">
    <p class='ocr_par' dir='ltr' id='par_1_18' title="bbox 118 5521 938 5737">
     <span class='ocr_line' id='line_1_51' title="bbox 118 5521 528 5599; baseline -0.01 -17"><span class='ocrx_word' id='word_1_262' title='bbox 118 5570 123 5575; x_wconf 95' lang='lat'>.</span> <span class='ocrx_word' id='word_1_263' title='bbox 181 5522 225 5599; x_wconf 98' lang='grc'><strong>(1)</strong></span> <span class='ocrx_word' id='word_1_264' title='bbox 241 5525 325 5583; x_wconf 86' lang='lat' dir='ltr'>Petro</span> <span class='ocrx_word' id='word_1_265' title='bbox 337 5522 374 5581; x_wconf 88' lang='lat' dir='ltr'>de</span> <span class='ocrx_word' id='word_1_266' title='bbox 388 5521 528 5581; x_wconf 79' lang='lat' dir='ltr'>corbolio.</span> 
     </span>
     <span class='ocr_line' id='line_1_52' title="bbox 179 5596 558 5666; baseline -0.011 -13"><span class='ocrx_word' id='word_1_267' title='bbox 179 5596 220 5666; x_wconf 78' lang='grc'><strong>(1)</strong></span> <span class='ocrx_word' id='word_1_268' title='bbox 241 5596 356 5651; x_wconf 85' lang='lat' dir='ltr'>Petrum</span> <span class='ocrx_word' id='word_1_269' title='bbox 369 5596 558 5650; x_wconf 85' lang='lat' dir='ltr'>hroccnsem.</span> 
     </span>
     <span class='ocr_line' id='line_1_53' title="bbox 181 5662 938 5737; baseline 0.007 -20"><span class='ocrx_word' id='word_1_270' title='bbox 181 5668 221 5737; x_wconf 75' lang='grc' dir='ltr'>(τι)</span> <span class='ocrx_word' id='word_1_271' title='bbox 237 5665 379 5721; x_wconf 60' lang='lat' dir='ltr'>¹internorat</span> <span class='ocrx_word' id='word_1_272' title='bbox 401 5665 542 5721; x_wconf 88' lang='lat' dir='ltr'>lionorius</span> <span class='ocrx_word' id='word_1_273' title='bbox 561 5664 670 5721; x_wconf 83' lang='lat' dir='ltr'>litteras</span> <span class='ocrx_word' id='word_1_274' title='bbox 689 5662 724 5721; x_wconf 91' lang='lat' dir='ltr'>ad</span> <span class='ocrx_word' id='word_1_275' title='bbox 743 5664 857 5721; x_wconf 84' lang='lat' dir='ltr'>Petrum</span> <span class='ocrx_word' id='word_1_276' title='bbox 877 5665 938 5723; x_wconf 82' lang='lat' dir='ltr'>liri·</span> 
     </span>
    </p>
   </div>
   <div class='ocr_carea' id='block_1_14' title="bbox 991 484 1912 2025">
    <p class='ocr_par' dir='ltr' id='par_1_19' title="bbox 991 484 1864 565">
     <span class='ocr_line' id='line_1_54' title="bbox 991 484 1864 565; baseline -0.007 -18"><span class='ocrx_word' id='word_1_277' title='bbox 991 488 1100 563; x_wconf 81' lang='lat' dir='ltr'>gratia</span> <span class='ocrx_word' id='word_1_278' title='bbox 1130 486 1346 549; x_wconf 78' lang='lat' dir='ltr'>favorabilius</span> <span class='ocrx_word' id='word_1_279' title='bbox 1372 486 1558 559; x_wconf 88' lang='lat' dir='ltr'>confovere,</span> <span class='ocrx_word' id='word_1_280' title='bbox 1579 502 1646 565; x_wconf 88' lang='lat' dir='ltr'>quo</span> <span class='ocrx_word' id='word_1_281' title='bbox 1669 484 1864 547; x_wconf 74' lang='lat' dir='ltr'>eninr-e</span> 
     </span>
    </p>

    <p class='ocr_par' dir='ltr' id='par_1_20' title="bbox 993 584 1877 662">
     <span class='ocr_line' id='line_1_55' title="bbox 993 584 1877 662; baseline -0.002 -19"><span class='ocrx_word' id='word_1_282' title='bbox 993 585 1042 645; x_wconf 93' lang='lat' dir='ltr'>illi</span> <span class='ocrx_word' id='word_1_283' title='bbox 1066 586 1263 662; x_wconf 87' lang='lat' dir='ltr'>propensius</span> <span class='ocrx_word' id='word_1_284' title='bbox 1287 585 1494 662; x_wconf 89' lang='lat' dir='ltr'>complacere</span> <span class='ocrx_word' id='word_1_285' title='bbox 1522 600 1583 645; x_wconf 90' lang='lat' dir='ltr'>nos</span> <span class='ocrx_word' id='word_1_286' title='bbox 1609 584 1829 646; x_wconf 64' lang='lat' dir='ltr'>credimus</span> <span class='ocrx_word' id='word_1_287' title='bbox 1848 596 1877 651; x_wconf 86' lang='lat' dir='ltr'>s,</span> 
     </span>
    </p>

    <p class='ocr_par' dir='ltr' id='par_1_21' title="bbox 992 681 1912 2025">
     <span class='ocr_line' id='line_1_56' title="bbox 993 681 1890 759; baseline 0.001 -18"><span class='ocrx_word' id='word_1_288' title='bbox 993 683 1070 758; x_wconf 82' lang='lat' dir='ltr'>quia</span> <span class='ocrx_word' id='word_1_289' title='bbox 1092 684 1177 759; x_wconf 88' lang='lat' dir='ltr'>quod</span> <span class='ocrx_word' id='word_1_290' title='bbox 1205 684 1262 743; x_wconf 90' lang='lat' dir='ltr'>uni</span> <span class='ocrx_word' id='word_1_291' title='bbox 1284 699 1327 744; x_wconf 83' lang='lat' dir='ltr'>ex</span> <span class='ocrx_word' id='word_1_292' title='bbox 1346 683 1493 743; x_wconf 89' lang='lat' dir='ltr'>minimis</span> <span class='ocrx_word' id='word_1_293' title='bbox 1508 682 1578 743; x_wconf 88' lang='lat' dir='ltr'>sois</span> <span class='ocrx_word' id='word_1_294' title='bbox 1594 682 1640 753; x_wconf 90' lang='lat' dir='ltr'>fit,</span> <span class='ocrx_word' id='word_1_295' title='bbox 1658 681 1723 743; x_wconf 90' lang='lat' dir='ltr'>sibi</span> <span class='ocrx_word' id='word_1_296' title='bbox 1735 696 1890 743; x_wconf 59' lang='grc' dir='ltr'>ΓΒ-</span> 
     </span>
     <span class='ocr_line' id='line_1_57' title="bbox 995 777 1897 856; baseline -0.006 -16"><span class='ocrx_word' id='word_1_297' title='bbox 995 782 1087 856; x_wconf 88' lang='lat' dir='ltr'>putat</span> <span class='ocrx_word' id='word_1_298' title='bbox 1101 796 1176 841; x_wconf 89' lang='lat' dir='ltr'>esse</span> <span class='ocrx_word' id='word_1_299' title='bbox 1190 780 1323 842; x_wconf 74' lang='lat' dir='ltr'>facttum.</span> <span class='ocrx_word' id='word_1_300' title='bbox 1338 779 1529 842; x_wconf 82' lang='lat' dir='ltr'>Deuotionis</span> <span class='ocrx_word' id='word_1_301' title='bbox 1542 780 1663 841; x_wconf 79' lang='lat' dir='ltr'>vestrae</span> <span class='ocrx_word' id='word_1_302' title='bbox 1677 779 1766 856; x_wconf 89' lang='lat' dir='ltr'>preci</span> <span class='ocrx_word' id='word_1_303' title='bbox 1782 778 1845 838; x_wconf 80' lang='lat' dir='ltr'><strong>i</strong></span> <span class='ocrx_word' id='word_1_304' title='bbox 1864 777 1897 835; x_wconf 89' lang='lat' dir='ltr'>i-</span> 
     </span>
     <span class='ocr_line' id='line_1_58' title="bbox 993 875 1904 955; baseline -0.001 -19"><span class='ocrx_word' id='word_1_305' title='bbox 993 875 1055 937; x_wconf 92' lang='lat' dir='ltr'>bus</span> <span class='ocrx_word' id='word_1_306' title='bbox 1083 878 1236 940; x_wconf 90' lang='lat' dir='ltr'>inclinati</span> <span class='ocrx_word' id='word_1_307' title='bbox 1251 878 1448 945; x_wconf 88' lang='lat' dir='ltr'>auctoritate</span> <span class='ocrx_word' id='word_1_308' title='bbox 1462 877 1556 938; x_wconf 92' lang='lat' dir='ltr'>vobis</span> <span class='ocrx_word' id='word_1_309' title='bbox 1576 878 1836 955; x_wconf 76' lang='lat' dir='ltr'>praesentiurx</span> <span class='ocrx_word' id='word_1_310' title='bbox 1858 891 1904 935; x_wconf 74' lang='grc' dir='ltr'>,ω</span> 
     </span>
     <span class='ocr_line' id='line_1_59' title="bbox 993 973 1910 1052; baseline 0 -19"><span class='ocrx_word' id='word_1_311' title='bbox 993 974 1203 1051; x_wconf 83' lang='lat' dir='ltr'>indulgemus</span> <span class='ocrx_word' id='word_1_312' title='bbox 1218 992 1259 1037; x_wconf 93' lang='lat' dir='ltr'>ne</span> <span class='ocrx_word' id='word_1_313' title='bbox 1276 974 1474 1052; x_wconf 75' lang='lat' dir='ltr'>apostolicas</span> <span class='ocrx_word' id='word_1_314' title='bbox 1490 973 1585 1036; x_wconf 86' lang='lat' dir='ltr'>Sedis</span> <span class='ocrx_word' id='word_1_315' title='bbox 1601 974 1704 1051; x_wconf 79' lang='lat' dir='ltr'>iegati</span> <span class='ocrx_word' id='word_1_316' title='bbox 1714 990 1910 1051; x_wconf 59' lang='lat' dir='ltr'>prmo·</span> 
     </span>
     <span class='ocr_line' id='line_1_60' title="bbox 993 1072 1889 1150; baseline 0 -17"><span class='ocrx_word' id='word_1_317' title='bbox 993 1074 1204 1135; x_wconf 88' lang='lat' dir='ltr'>curatoresve</span> <span class='ocrx_word' id='word_1_318' title='bbox 1225 1073 1436 1150; x_wconf 88' lang='lat' dir='ltr'>pecuniarias</span> <span class='ocrx_word' id='word_1_319' title='bbox 1456 1072 1648 1134; x_wconf 84' lang='lat' dir='ltr'>exactiones</span> <span class='ocrx_word' id='word_1_320' title='bbox 1675 1088 1695 1133; x_wconf 90' lang='lat' dir='ltr'>a</span> <span class='ocrx_word' id='word_1_321' title='bbox 1720 1087 1889 1133; x_wconf 75' lang='lat' dir='ltr'>mot)</span> 
     </span>
     <span class='ocr_line' id='line_1_61' title="bbox 992 1171 1911 1247; baseline -0.001 -17"><span class='ocrx_word' id='word_1_322' title='bbox 992 1171 1150 1231; x_wconf 88' lang='lat' dir='ltr'>nasteriis</span> <span class='ocrx_word' id='word_1_323' title='bbox 1161 1171 1355 1247; x_wconf 78' lang='lat' dir='ltr'>exigerevei</span> <span class='ocrx_word' id='word_1_324' title='bbox 1366 1173 1565 1247; x_wconf 86' lang='lat' dir='ltr'>extorquere</span> <span class='ocrx_word' id='word_1_325' title='bbox 1575 1172 1804 1247; x_wconf 67' lang='lat' dir='ltr'>praesumant</span> <span class='ocrx_word' id='word_1_326' title='bbox 1827 1172 1911 1241; x_wconf 76' lang='lat' dir='ltr'>nt,</span> 
     </span>
     <span class='ocr_line' id='line_1_62' title="bbox 993 1268 1909 1341; baseline 0 -14"><span class='ocrx_word' id='word_1_327' title='bbox 993 1268 1049 1330; x_wconf 90' lang='lat' dir='ltr'>sed</span> <span class='ocrx_word' id='word_1_328' title='bbox 1063 1284 1137 1329; x_wconf 89' lang='lat' dir='ltr'>cum</span> <span class='ocrx_word' id='word_1_329' title='bbox 1152 1269 1192 1330; x_wconf 89' lang='lat' dir='ltr'>ad</span> <span class='ocrx_word' id='word_1_330' title='bbox 1208 1269 1322 1330; x_wconf 88' lang='lat' dir='ltr'>domos</span> <span class='ocrx_word' id='word_1_331' title='bbox 1337 1271 1465 1329; x_wconf 86' lang='lat' dir='ltr'>vestras</span> <span class='ocrx_word' id='word_1_332' title='bbox 1480 1268 1695 1341; x_wconf 80' lang='lat' dir='ltr'>accesserint,</span> <span class='ocrx_word' id='word_1_333' title='bbox 1719 1268 1781 1327; x_wconf 89' lang='lat' dir='ltr'>sin·</span> <span class='ocrx_word' id='word_1_334' title='bbox 1796 1282 1909 1327; x_wconf 82' lang='lat' dir='ltr'>nr:</span> 
     </span>
     <span class='ocr_line' id='line_1_63' title="bbox 993 1364 1896 1439; baseline -0.002 -16"><span class='ocrx_word' id='word_1_335' title='bbox 993 1364 1142 1424; x_wconf 88' lang='lat' dir='ltr'>carnium</span> <span class='ocrx_word' id='word_1_336' title='bbox 1171 1380 1241 1436; x_wconf 90' lang='lat' dir='ltr'>esu,</span> <span class='ocrx_word' id='word_1_337' title='bbox 1271 1364 1353 1425; x_wconf 88' lang='lat' dir='ltr'>cibis</span> <span class='ocrx_word' id='word_1_338' title='bbox 1375 1364 1584 1439; x_wconf 79' lang='lat' dir='ltr'>regularibus</span> <span class='ocrx_word' id='word_1_339' title='bbox 1616 1364 1686 1426; x_wconf 89' lang='lat' dir='ltr'>sint</span> <span class='ocrx_word' id='word_1_340' title='bbox 1711 1378 1896 1424; x_wconf 75' lang='lat' dir='ltr'>con-111</span> 
     </span>
     <span class='ocr_line' id='line_1_64' title="bbox 992 1461 1912 1537; baseline -0.004 -14"><span class='ocrx_word' id='word_1_341' title='bbox 992 1462 1086 1523; x_wconf 85' lang='lat' dir='ltr'>tenti.</span> <span class='ocrx_word' id='word_1_342' title='bbox 1116 1461 1207 1522; x_wconf 92' lang='lat' dir='ltr'>Nulli</span> <span class='ocrx_word' id='word_1_343' title='bbox 1232 1478 1311 1537; x_wconf 79' lang='lat' dir='ltr'>ergo</span> <span class='ocrx_word' id='word_1_344' title='bbox 1337 1462 1472 1522; x_wconf 90' lang='lat' dir='ltr'>omuino</span> <span class='ocrx_word' id='word_1_345' title='bbox 1495 1461 1668 1522; x_wconf 89' lang='lat' dir='ltr'>hominum</span> <span class='ocrx_word' id='word_1_346' title='bbox 1692 1461 1912 1522; x_wconf 62' lang='grc'><strong>11663133</strong></span> 
     </span>
     <span class='ocr_line' id='line_1_65' title="bbox 993 1558 1909 1645; baseline -0.004 -26"><span class='ocrx_word' id='word_1_347' title='bbox 993 1559 1079 1619; x_wconf 88' lang='lat' dir='ltr'>hanc</span> <span class='ocrx_word' id='word_1_348' title='bbox 1106 1560 1261 1635; x_wconf 75' lang='lat' dir='ltr'>paginam</span> <span class='ocrx_word' id='word_1_349' title='bbox 1285 1561 1407 1619; x_wconf 85' lang='lat' dir='ltr'>nostrae</span> <span class='ocrx_word' id='word_1_350' title='bbox 1425 1558 1651 1645; x_wconf 82' lang='lat' dir='ltr'>concessionis</span> <span class='ocrx_word' id='word_1_351' title='bbox 1666 1558 1806 1618; x_wconf 78' lang='lat' dir='ltr'>inibin-</span> <span class='ocrx_word' id='word_1_352' title='bbox 1825 1572 1909 1615; x_wconf 74' lang='grc' dir='ltr'>ιι-</span> 
     </span>
     <span class='ocr_line' id='line_1_66' title="bbox 992 1654 1907 1731; baseline -0.004 -14"><span class='ocrx_word' id='word_1_353' title='bbox 992 1672 1070 1731; x_wconf 82' lang='lat' dir='ltr'>gere</span> <span class='ocrx_word' id='word_1_354' title='bbox 1097 1656 1151 1717; x_wconf 93' lang='lat' dir='ltr'>vei</span> <span class='ocrx_word' id='word_1_355' title='bbox 1171 1656 1203 1716; x_wconf 89' lang='lat' dir='ltr'>ei</span> <span class='ocrx_word' id='word_1_356' title='bbox 1231 1671 1316 1717; x_wconf 88' lang='lat' dir='ltr'>ausu</span> <span class='ocrx_word' id='word_1_357' title='bbox 1339 1656 1517 1717; x_wconf 84' lang='lat' dir='ltr'>temerario</span> <span class='ocrx_word' id='word_1_358' title='bbox 1546 1655 1727 1717; x_wconf 87' lang='lat' dir='ltr'>contraire.</span> <span class='ocrx_word' id='word_1_359' title='bbox 1755 1654 1907 1715; x_wconf 66' lang='grc'><strong>881</strong></span> 
     </span>
     <span class='ocr_line' id='line_1_67' title="bbox 992 1752 1903 1830; baseline -0.001 -18"><span class='ocrx_word' id='word_1_360' title='bbox 992 1754 1066 1829; x_wconf 86' lang='lat' dir='ltr'>quis</span> <span class='ocrx_word' id='word_1_361' title='bbox 1097 1756 1207 1814; x_wconf 88' lang='lat' dir='ltr'>autem</span> <span class='ocrx_word' id='word_1_362' title='bbox 1235 1754 1297 1814; x_wconf 91' lang='lat' dir='ltr'>hoc</span> <span class='ocrx_word' id='word_1_363' title='bbox 1324 1756 1488 1814; x_wconf 89' lang='lat' dir='ltr'>attentare</span> <span class='ocrx_word' id='word_1_364' title='bbox 1524 1752 1773 1830; x_wconf 83' lang='lat' dir='ltr'>praesumpserit</span> <span class='ocrx_word' id='word_1_365' title='bbox 1811 1752 1903 1821; x_wconf 68' lang='lat' dir='ltr'>:tt</span> 
     </span>
     <span class='ocr_line' id='line_1_68' title="bbox 993 1850 1901 1927; baseline 0 -17"><span class='ocrx_word' id='word_1_366' title='bbox 993 1850 1564 1927; x_wconf 80' lang='lat' dir='ltr'>indignationemomnipotentishei</span> <span class='ocrx_word' id='word_1_367' title='bbox 1576 1855 1609 1911; x_wconf 92' lang='lat' dir='ltr'>et</span> <span class='ocrx_word' id='word_1_368' title='bbox 1620 1850 1901 1911; x_wconf 73' lang='lat' dir='ltr'>beatorunrm</span> 
     </span>
     <span class='ocr_line' id='line_1_69' title="bbox 993 1944 1901 2025; baseline -0.003 -17"><span class='ocrx_word' id='word_1_369' title='bbox 993 1948 1082 2009; x_wconf 89' lang='lat' dir='ltr'>Petri</span> <span class='ocrx_word' id='word_1_370' title='bbox 1096 1950 1128 2009; x_wconf 90' lang='lat' dir='ltr'>et</span> <span class='ocrx_word' id='word_1_371' title='bbox 1143 1948 1239 2009; x_wconf 89' lang='lat' dir='ltr'>Pauli</span> <span class='ocrx_word' id='word_1_372' title='bbox 1261 1948 1485 2025; x_wconf 86' lang='lat' dir='ltr'>apostolorum</span> <span class='ocrx_word' id='word_1_373' title='bbox 1507 1951 1581 2025; x_wconf 89' lang='lat' dir='ltr'>ejus</span> <span class='ocrx_word' id='word_1_374' title='bbox 1606 1964 1642 2009; x_wconf 88' lang='lat' dir='ltr'>se</span> <span class='ocrx_word' id='word_1_375' title='bbox 1662 1948 1788 2008; x_wconf 83' lang='lat' dir='ltr'>noveni·</span> <span class='ocrx_word' id='word_1_376' title='bbox 1805 1946 1856 2005; x_wconf 77' lang='lat' dir='ltr'><strong>i</strong></span> <span class='ocrx_word' id='word_1_377' title='bbox 1875 1944 1901 2005; x_wconf 90' lang='lat' dir='ltr'>it</span> 
     </span>
    </p>
   </div>
   <div class='ocr_carea' id='block_1_15' title="bbox 989 2044 1899 2220">
    <p class='ocr_par' dir='ltr' id='par_1_22' title="bbox 989 2044 1899 2220">
     <span class='ocr_line' id='line_1_70' title="bbox 992 2044 1899 2107; baseline -0.006 -1"><span class='ocrx_word' id='word_1_378' title='bbox 992 2045 1213 2106; x_wconf 86' lang='lat' dir='ltr'>incursurum.</span> <span class='ocrx_word' id='word_1_379' title='bbox 1236 2048 1353 2107; x_wconf 88' lang='lat' dir='ltr'>Datum</span> <span class='ocrx_word' id='word_1_380' title='bbox 1370 2046 1526 2106; x_wconf 88' lang='lat' dir='ltr'>Laterani</span> <span class='ocrx_word' id='word_1_381' title='bbox 1540 2046 1615 2107; x_wconf 80' lang='lat' dir='ltr'>XIV</span> <span class='ocrx_word' id='word_1_382' title='bbox 1630 2044 1822 2106; x_wconf 63' lang='lat' dir='ltr'>kalendae.</span> <span class='ocrx_word' id='word_1_383' title='bbox 1833 2054 1899 2101; x_wconf 67' lang='lat' dir='ltr'>ss</span> 
     </span>
     <span class='ocr_line' id='line_1_71' title="bbox 989 2142 1722 2220; baseline 0 -17"><span class='ocrx_word' id='word_1_384' title='bbox 989 2144 1137 2219; x_wconf 87' lang='lat' dir='ltr'>januarii</span> <span class='ocrx_word' id='word_1_385' title='bbox 1148 2142 1361 2220; x_wconf 84' lang='lat' dir='ltr'>pontificatus</span> <span class='ocrx_word' id='word_1_386' title='bbox 1377 2142 1482 2204; x_wconf 88' lang='lat' dir='ltr'>nostri</span> <span class='ocrx_word' id='word_1_387' title='bbox 1497 2158 1585 2203; x_wconf 91' lang='lat' dir='ltr'>anno</span> <span class='ocrx_word' id='word_1_388' title='bbox 1602 2142 1722 2218; x_wconf 88' lang='lat' dir='ltr'>primo.</span> 
     </span>
    </p>
   </div>
   <div class='ocr_carea' id='block_1_16' title="bbox 1325 2285 1454 2371">
    <p class='ocr_par' dir='ltr' id='par_1_23' title="bbox 1325 2285 1454 2371">
     <span class='ocr_line' id='line_1_72' title="bbox 1325 2285 1454 2371; baseline 0.008 -1"><span class='ocrx_word' id='word_1_389' title='bbox 1325 2285 1454 2371; x_wconf 83' lang='lat' dir='ltr'>LXIII</span> 
     </span>
    </p>
   </div>
   <div class='ocr_carea' id='block_1_17' title="bbox 1071 2410 1709 2581">
    <p class='ocr_par' dir='ltr' id='par_1_24' title="bbox 1071 2410 1709 2581">
     <span class='ocr_line' id='line_1_73' title="bbox 1071 2410 1709 2484; baseline 0.002 -14"><span class='ocrx_word' id='word_1_390' title='bbox 1071 2410 1123 2470; x_wconf 79' lang='lat' dir='ltr'>Ad</span> <span class='ocrx_word' id='word_1_391' title='bbox 1150 2410 1385 2470; x_wconf 73' lang='lat' dir='ltr'>scaranensem</span> <span class='ocrx_word' id='word_1_392' title='bbox 1411 2412 1709 2484; x_wconf 75' lang='lat' dir='ltr'>archiepiscopum</span> 
     </span>
     <span class='ocr_line' id='line_1_74' title="bbox 1194 2506 1589 2581; baseline -0.003 -14"><span class='ocrx_word' id='word_1_393' title='bbox 1194 2506 1228 2567; x_wconf 84' lang='lat' dir='ltr'>ct</span> <span class='ocrx_word' id='word_1_394' title='bbox 1244 2507 1485 2581; x_wconf 62' lang='lat' dir='ltr'>commences</span> <span class='ocrx_word' id='word_1_395' title='bbox 1503 2509 1589 2578; x_wconf 74' lang='lat' dir='ltr'>circs.</span> 
     </span>
    </p>
   </div>
   <div class='ocr_carea' id='block_1_18' title="bbox 1259 2617 1520 2675">
    <p class='ocr_par' dir='ltr' id='par_1_25' title="bbox 1259 2617 1520 2675">
     <span class='ocr_line' id='line_1_75' title="bbox 1259 2617 1520 2675; baseline 0 0"><span class='ocrx_word' id='word_1_396' title='bbox 1259 2620 1275 2675; x_wconf 84' lang='lat'><strong>7</strong></span> <span class='ocrx_word' id='word_1_397' title='bbox 1292 2617 1424 2675; x_wconf 89' lang='lat' dir='ltr'>decemb.</span> <span class='ocrx_word' id='word_1_398' title='bbox 1443 2619 1520 2675; x_wconf 75' lang='lat' dir='ltr'>lats.</span> 
     </span>
    </p>
   </div>
   <div class='ocr_carea' id='block_1_19' title="bbox 1033 2713 1742 2860">
    <p class='ocr_par' dir='ltr' id='par_1_26' title="bbox 1033 2713 1742 2860">
     <span class='ocr_line' id='line_1_76' title="bbox 1033 2713 1742 2782; baseline 0.003 -17"><span class='ocrx_word' id='word_1_399' title='bbox 1033 2713 1172 2779; x_wconf 62' lang='lat' dir='ltr'>[bouquet</span> <span class='ocrx_word' id='word_1_400' title='bbox 1182 2715 1239 2765; x_wconf 84' lang='lat' dir='ltr'>ttcc.</span> <span class='ocrx_word' id='word_1_401' title='bbox 1252 2714 1296 2765; x_wconf 86' lang='lat' dir='ltr'>des</span> <span class='ocrx_word' id='word_1_402' title='bbox 1305 2715 1410 2773; x_wconf 89' lang='lat' dir='ltr'>ilistor.‚</span> <span class='ocrx_word' id='word_1_403' title='bbox 1422 2720 1440 2764; x_wconf 87' lang='lat' dir='ltr'>t.</span> <span class='ocrx_word' id='word_1_404' title='bbox 1450 2716 1519 2774; x_wconf 84' lang='lat' dir='ltr'>lilii,</span> <span class='ocrx_word' id='word_1_405' title='bbox 1530 2730 1556 2780; x_wconf 85' lang='lat' dir='ltr'>p.</span> <span class='ocrx_word' id='word_1_406' title='bbox 1565 2714 1622 2765; x_wconf 80' lang='lat' dir='ltr'>eit.</span> <span class='ocrx_word' id='word_1_407' title='bbox 1633 2717 1742 2782; x_wconf 69' lang='lat' dir='ltr'>Rogat,</span> 
     </span>
     <span class='ocr_line' id='line_1_77' title="bbox 1272 2794 1507 2860; baseline 0.013 -17"><span class='ocrx_word' id='word_1_408' title='bbox 1272 2794 1319 2845; x_wconf 91' lang='lat' dir='ltr'>lib.</span> <span class='ocrx_word' id='word_1_409' title='bbox 1336 2796 1378 2853; x_wconf 95' lang='lat' dir='ltr'>lii,</span> <span class='ocrx_word' id='word_1_410' title='bbox 1390 2810 1430 2859; x_wconf 87' lang='lat' dir='ltr'>ep.</span> <span class='ocrx_word' id='word_1_411' title='bbox 1441 2795 1507 2860; x_wconf 68' lang='lat' dir='ltr'>tat]</span> 
     </span>
    </p>
   </div>
   <div class='ocr_carea' id='block_1_20' title="bbox 993 2884 1888 3401">
    <p class='ocr_par' dir='ltr' id='par_1_27' title="bbox 993 2884 1888 3401">
     <span class='ocr_line' id='line_1_78' title="bbox 993 2884 1888 2943; baseline 0.001 0"><span class='ocrx_word' id='word_1_412' title='bbox 993 2884 1064 2943; x_wconf 85' lang='lat' dir='ltr'>Cum</span> <span class='ocrx_word' id='word_1_413' title='bbox 1075 2884 1229 2942; x_wconf 76' lang='lat' dir='ltr'>Britannias</span> <span class='ocrx_word' id='word_1_414' title='bbox 1246 2898 1344 2941; x_wconf 91' lang='lat' dir='ltr'>comes</span> <span class='ocrx_word' id='word_1_415' title='bbox 1358 2885 1665 2943; x_wconf 83' lang='lat' dir='ltr'>excommunicationis</span> <span class='ocrx_word' id='word_1_416' title='bbox 1678 2892 1855 2943; x_wconf 55' lang='lat' dir='ltr'>sonans</span> <span class='ocrx_word' id='word_1_417' title='bbox 1878 2894 1888 2905; x_wconf 90' lang='lat'>·</span> 
     </span>
     <span class='ocr_line' id='line_1_79' title="bbox 1029 2966 1885 3047; baseline 0 -16"><span class='ocrx_word' id='word_1_418' title='bbox 1029 2974 1067 3031; x_wconf 89' lang='lat' dir='ltr'>tia</span> <span class='ocrx_word' id='word_1_419' title='bbox 1083 2973 1113 3031; x_wconf 93' lang='lat' dir='ltr'>in</span> <span class='ocrx_word' id='word_1_420' title='bbox 1124 2973 1247 3031; x_wconf 83' lang='lat' dir='ltr'>coriciiio</span> <span class='ocrx_word' id='word_1_421' title='bbox 1259 2974 1418 3030; x_wconf 83' lang='lat' dir='ltr'>Turoaeusi</span> <span class='ocrx_word' id='word_1_422' title='bbox 1432 2972 1532 3032; x_wconf 86' lang='lat' dir='ltr'>fuisset</span> <span class='ocrx_word' id='word_1_423' title='bbox 1546 2976 1723 3047; x_wconf 84' lang='lat' dir='ltr'>perstrictus,</span> <span class='ocrx_word' id='word_1_424' title='bbox 1738 2966 1885 3031; x_wconf 66' lang='lat' dir='ltr'>nec-‘2</span> 
     </span>
     <span class='ocr_line' id='line_1_80' title="bbox 1028 3060 1878 3133; baseline 0.001 -14"><span class='ocrx_word' id='word_1_425' title='bbox 1028 3062 1124 3119; x_wconf 85' lang='lat' dir='ltr'>mitior</span> <span class='ocrx_word' id='word_1_426' title='bbox 1137 3060 1229 3119; x_wconf 89' lang='lat' dir='ltr'>factus</span> <span class='ocrx_word' id='word_1_427' title='bbox 1243 3061 1381 3119; x_wconf 86' lang='lat' dir='ltr'>adversus</span> <span class='ocrx_word' id='word_1_428' title='bbox 1395 3064 1610 3120; x_wconf 77' lang='lat' dir='ltr'>Navarretensem</span> <span class='ocrx_word' id='word_1_429' title='bbox 1624 3064 1788 3133; x_wconf 85' lang='lat' dir='ltr'>ecclesiam,</span> <span class='ocrx_word' id='word_1_430' title='bbox 1843 3082 1878 3101; x_wconf 71' lang='lat'><em>⁴</em></span> 
     </span>
     <span class='ocr_line' id='line_1_81' title="bbox 1028 3150 1787 3223; baseline 0.003 -16"><span class='ocrx_word' id='word_1_431' title='bbox 1028 3150 1172 3223; x_wconf 88' lang='lat' dir='ltr'>publicam</span> <span class='ocrx_word' id='word_1_432' title='bbox 1194 3150 1322 3207; x_wconf 86' lang='lat' dir='ltr'>extendit</span> <span class='ocrx_word' id='word_1_433' title='bbox 1339 3150 1472 3207; x_wconf 90' lang='lat' dir='ltr'>eamdem</span> <span class='ocrx_word' id='word_1_434' title='bbox 1496 3152 1669 3209; x_wconf 84' lang='lat' dir='ltr'>sententiam</span> <span class='ocrx_word' id='word_1_435' title='bbox 1691 3154 1787 3211; x_wconf 86' lang='lat' dir='ltr'>Houo-</span> 
     </span>
     <span class='ocr_line' id='line_1_82' title="bbox 1028 3239 1789 3310; baseline 0.005 -15"><span class='ocrx_word' id='word_1_436' title='bbox 1028 3239 1088 3295; x_wconf 85' lang='lat' dir='ltr'>rius</span> <span class='ocrx_word' id='word_1_437' title='bbox 1109 3239 1138 3295; x_wconf 93' lang='lat' dir='ltr'>in</span> <span class='ocrx_word' id='word_1_438' title='bbox 1162 3240 1325 3310; x_wconf 88' lang='lat' dir='ltr'>provincias</span> <span class='ocrx_word' id='word_1_439' title='bbox 1349 3240 1556 3308; x_wconf 81' lang='lat' dir='ltr'>senonensem,</span> <span class='ocrx_word' id='word_1_440' title='bbox 1583 3240 1789 3310; x_wconf 82' lang='lat' dir='ltr'>Turoueusem,</span> 
     </span>
     <span class='ocr_line' id='line_1_83' title="bbox 1029 3327 1548 3401; baseline 0.002 -17"><span class='ocrx_word' id='word_1_441' title='bbox 1029 3327 1236 3384; x_wconf 77' lang='lat' dir='ltr'>bituricensem</span> <span class='ocrx_word' id='word_1_442' title='bbox 1250 3336 1279 3384; x_wconf 86' lang='lat' dir='ltr'>ef</span> <span class='ocrx_word' id='word_1_443' title='bbox 1294 3330 1548 3401; x_wconf 84' lang='lat' dir='ltr'>liotoumgensem.</span> 
     </span>
    </p>
   </div>
   <div class='ocr_carea' id='block_1_21' title="bbox 993 3435 1801 5458">
    <p class='ocr_par' dir='ltr' id='par_1_28' title="bbox 993 3435 1791 3709">
     <span class='ocr_line' id='line_1_84' title="bbox 1032 3435 1791 3513; baseline 0.005 -16"><span class='ocrx_word' id='word_1_444' title='bbox 1032 3436 1200 3497; x_wconf 88' lang='lat' dir='ltr'>Honorius</span> <span class='ocrx_word' id='word_1_445' title='bbox 1217 3435 1443 3513; x_wconf 88' lang='lat' dir='ltr'>episcopus...‚</span> <span class='ocrx_word' id='word_1_446' title='bbox 1458 3436 1707 3499; x_wconf 75' lang='lat' dir='ltr'>reiterabilibus</span> <span class='ocrx_word' id='word_1_447' title='bbox 1723 3437 1791 3501; x_wconf 87' lang='lat' dir='ltr'>fra·</span> 
     </span>
     <span class='ocr_line' id='line_1_85' title="bbox 993 3531 1789 3615; baseline 0.004 -21"><span class='ocrx_word' id='word_1_448' title='bbox 993 3531 1100 3594; x_wconf 91' lang='lat' dir='ltr'>tribus</span> <span class='ocrx_word' id='word_1_449' title='bbox 1124 3533 1310 3595; x_wconf 80' lang='lat' dir='ltr'>senonensi</span> <span class='ocrx_word' id='word_1_450' title='bbox 1332 3534 1584 3613; x_wconf 87' lang='lat' dir='ltr'>archiepiscopo</span> <span class='ocrx_word' id='word_1_451' title='bbox 1600 3532 1649 3615; x_wconf 92' lang='grc'><strong>(1)</strong></span> <span class='ocrx_word' id='word_1_452' title='bbox 1664 3536 1699 3597; x_wconf 84' lang='lat' dir='ltr'>et</span> <span class='ocrx_word' id='word_1_453' title='bbox 1719 3536 1789 3597; x_wconf 87' lang='lat' dir='ltr'>sut·</span> 
     </span>
     <span class='ocr_line' id='line_1_86' title="bbox 994 3630 1509 3709; baseline 0.002 -19"><span class='ocrx_word' id='word_1_454' title='bbox 994 3630 1163 3707; x_wconf 81' lang='lat' dir='ltr'>fraganeis</span> <span class='ocrx_word' id='word_1_455' title='bbox 1179 3633 1263 3709; x_wconf 88' lang='lat' dir='ltr'>ejus,</span> <span class='ocrx_word' id='word_1_456' title='bbox 1278 3630 1429 3704; x_wconf 89' lang='lat' dir='ltr'>salutem,</span> <span class='ocrx_word' id='word_1_457' title='bbox 1446 3633 1509 3693; x_wconf 92' lang='lat' dir='ltr'>etc.</span> 
     </span>
    </p>

    <p class='ocr_par' dir='ltr' id='par_1_29' title="bbox 993 3726 1801 5458">
     <span class='ocr_line' id='line_1_87' title="bbox 1036 3726 1793 3792; baseline 0.004 -3"><span class='ocrx_word' id='word_1_458' title='bbox 1036 3726 1193 3790; x_wconf 83' lang='lat' dir='ltr'>volentes</span> <span class='ocrx_word' id='word_1_459' title='bbox 1225 3727 1370 3789; x_wconf 90' lang='lat' dir='ltr'>nobilem</span> <span class='ocrx_word' id='word_1_460' title='bbox 1398 3729 1507 3790; x_wconf 90' lang='lat' dir='ltr'>virum</span> <span class='ocrx_word' id='word_1_461' title='bbox 1536 3730 1690 3792; x_wconf 90' lang='lat' dir='ltr'>comitem</span> <span class='ocrx_word' id='word_1_462' title='bbox 1718 3730 1793 3792; x_wconf 87' lang='lat' dir='ltr'>Bri·</span> 
     </span>
     <span class='ocr_line' id='line_1_88' title="bbox 993 3824 1793 3904; baseline 0.003 -19"><span class='ocrx_word' id='word_1_463' title='bbox 993 3824 1117 3887; x_wconf 65' lang='lat' dir='ltr'>mnniae</span> <span class='ocrx_word' id='word_1_464' title='bbox 1134 3824 1182 3904; x_wconf 78' lang='lat'>(2)</span> <span class='ocrx_word' id='word_1_465' title='bbox 1202 3826 1470 3887; x_wconf 88' lang='lat' dir='ltr'>commonitionis</span> <span class='ocrx_word' id='word_1_466' title='bbox 1491 3826 1613 3889; x_wconf 88' lang='lat' dir='ltr'>divinae</span> <span class='ocrx_word' id='word_1_467' title='bbox 1634 3828 1793 3889; x_wconf 89' lang='lat' dir='ltr'>tonitruis</span> 
     </span>
     <span class='ocr_line' id='line_1_89' title="bbox 994 3922 1794 3996; baseline 0.005 -13"><span class='ocrx_word' id='word_1_468' title='bbox 994 3922 1161 3996; x_wconf 81' lang='lat' dir='ltr'>excitare,</span> <span class='ocrx_word' id='word_1_469' title='bbox 1190 3939 1249 3995; x_wconf 90' lang='lat' dir='ltr'>ne,</span> <span class='ocrx_word' id='word_1_470' title='bbox 1279 3923 1457 3985; x_wconf 77' lang='lat' dir='ltr'>oblivionis</span> <span class='ocrx_word' id='word_1_471' title='bbox 1485 3925 1552 3985; x_wconf 87' lang='lat' dir='ltr'>aito</span> <span class='ocrx_word' id='word_1_472' title='bbox 1576 3925 1709 3987; x_wconf 89' lang='lat' dir='ltr'>somnio</span> <span class='ocrx_word' id='word_1_473' title='bbox 1735 3925 1794 3987; x_wconf 90' lang='lat' dir='ltr'>de-</span> 
     </span>
     <span class='ocr_line' id='line_1_90' title="bbox 995 4020 1792 4098; baseline 0.004 -18"><span class='ocrx_word' id='word_1_474' title='bbox 995 4036 1136 4093; x_wconf 88' lang='lat' dir='ltr'>mersus,</span> <span class='ocrx_word' id='word_1_475' title='bbox 1149 4036 1215 4082; x_wconf 90' lang='lat' dir='ltr'>non</span> <span class='ocrx_word' id='word_1_476' title='bbox 1231 4020 1368 4097; x_wconf 88' lang='lat' dir='ltr'>adjiciat</span> <span class='ocrx_word' id='word_1_477' title='bbox 1387 4022 1422 4082; x_wconf 92' lang='lat' dir='ltr'>in</span> <span class='ocrx_word' id='word_1_478' title='bbox 1441 4023 1608 4098; x_wconf 86' lang='lat' dir='ltr'>posterum</span> <span class='ocrx_word' id='word_1_479' title='bbox 1622 4025 1660 4083; x_wconf 93' lang='lat' dir='ltr'>ut</span> <span class='ocrx_word' id='word_1_480' title='bbox 1672 4038 1792 4083; x_wconf 88' lang='lat' dir='ltr'>resur·</span> 
     </span>
     <span class='ocr_line' id='line_1_91' title="bbox 994 4117 1791 4196; baseline 0.003 -19"><span class='ocrx_word' id='word_1_481' title='bbox 994 4118 1068 4193; x_wconf 85' lang='lat' dir='ltr'>gat,</span> <span class='ocrx_word' id='word_1_482' title='bbox 1104 4134 1205 4196; x_wconf 72' lang='lat' dir='ltr'>quarm</span> <span class='ocrx_word' id='word_1_483' title='bbox 1240 4117 1484 4181; x_wconf 89' lang='lat' dir='ltr'>districtionom</span> <span class='ocrx_word' id='word_1_484' title='bbox 1505 4120 1791 4191; x_wconf 86' lang='lat' dir='ltr'>ecclesiasticam,</span> 
     </span>
     <span class='ocr_line' id='line_1_92' title="bbox 995 4216 1793 4291; baseline 0.004 -17"><span class='ocrx_word' id='word_1_485' title='bbox 995 4230 1105 4291; x_wconf 86' lang='lat' dir='ltr'>quam,</span> <span class='ocrx_word' id='word_1_486' title='bbox 1135 4216 1298 4278; x_wconf 90' lang='lat' dir='ltr'>ancillare</span> <span class='ocrx_word' id='word_1_487' title='bbox 1322 4217 1473 4277; x_wconf 90' lang='lat' dir='ltr'>conando</span> <span class='ocrx_word' id='word_1_488' title='bbox 1496 4217 1672 4278; x_wconf 87' lang='lat' dir='ltr'>ecclesiam</span> <span class='ocrx_word' id='word_1_489' title='bbox 1694 4219 1793 4278; x_wconf 89' lang='lat' dir='ltr'>Nan-</span> 
     </span>
     <span class='ocr_line' id='line_1_93' title="bbox 996 4312 1797 4390; baseline 0.004 -20"><span class='ocrx_word' id='word_1_490' title='bbox 996 4313 1178 4381; x_wconf 90' lang='lat' dir='ltr'>netensem‚</span> <span class='ocrx_word' id='word_1_491' title='bbox 1194 4314 1335 4374; x_wconf 91' lang='lat' dir='ltr'>incurrit</span> <span class='ocrx_word' id='word_1_492' title='bbox 1349 4312 1447 4389; x_wconf 83' lang='lat' dir='ltr'>longo</span> <span class='ocrx_word' id='word_1_493' title='bbox 1456 4316 1527 4389; x_wconf 89' lang='lat' dir='ltr'>jam</span> <span class='ocrx_word' id='word_1_494' title='bbox 1542 4317 1702 4390; x_wconf 84' lang='lat' dir='ltr'>ternpore,</span> <span class='ocrx_word' id='word_1_495' title='bbox 1719 4329 1797 4375; x_wconf 91' lang='lat' dir='ltr'>con·</span> 
     </span>
     <span class='ocr_line' id='line_1_94' title="bbox 995 4410 1795 4486; baseline 0.003 -17"><span class='ocrx_word' id='word_1_496' title='bbox 995 4410 1172 4471; x_wconf 88' lang='lat' dir='ltr'>temnendo</span> <span class='ocrx_word' id='word_1_497' title='bbox 1187 4425 1247 4486; x_wconf 86' lang='lat' dir='ltr'>per</span> <span class='ocrx_word' id='word_1_498' title='bbox 1262 4410 1504 4486; x_wconf 87' lang='lat' dir='ltr'>desperationis</span> <span class='ocrx_word' id='word_1_499' title='bbox 1518 4410 1674 4472; x_wconf 90' lang='lat' dir='ltr'>videatur</span> <span class='ocrx_word' id='word_1_500' title='bbox 1687 4426 1795 4473; x_wconf 91' lang='lat' dir='ltr'>vora·</span> 
     </span>
     <span class='ocr_line' id='line_1_95' title="bbox 996 4506 1799 4585; baseline 0.005 -19"><span class='ocrx_word' id='word_1_501' title='bbox 996 4506 1106 4583; x_wconf 81' lang='lat' dir='ltr'>ginem</span> <span class='ocrx_word' id='word_1_502' title='bbox 1132 4506 1302 4569; x_wconf 87' lang='lat' dir='ltr'>absorberi</span> <span class='ocrx_word' id='word_1_503' title='bbox 1332 4506 1393 4585; x_wconf 88' lang='lat'>(3),</span> <span class='ocrx_word' id='word_1_504' title='bbox 1424 4507 1669 4585; x_wconf 86' lang='lat' dir='ltr'>propterquod</span> <span class='ocrx_word' id='word_1_505' title='bbox 1694 4508 1799 4570; x_wconf 89' lang='lat' dir='ltr'>habet</span> 
     </span>
     <span class='ocr_line' id='line_1_96' title="bbox 997 4603 1797 4683; baseline -0.001 -16"><span class='ocrx_word' id='word_1_506' title='bbox 997 4603 1139 4667; x_wconf 89' lang='lat' dir='ltr'>ecclesia</span> <span class='ocrx_word' id='word_1_507' title='bbox 1161 4603 1247 4664; x_wconf 84' lang='lat' dir='ltr'>undo</span> <span class='ocrx_word' id='word_1_508' title='bbox 1262 4603 1303 4663; x_wconf 93' lang='lat' dir='ltr'>de</span> <span class='ocrx_word' id='word_1_509' title='bbox 1324 4605 1408 4665; x_wconf 90' lang='lat' dir='ltr'>tanti</span> <span class='ocrx_word' id='word_1_510' title='bbox 1425 4605 1485 4664; x_wconf 94' lang='lat' dir='ltr'>iiiii</span> <span class='ocrx_word' id='word_1_511' title='bbox 1500 4605 1686 4681; x_wconf 88' lang='lat' dir='ltr'>perditione</span> <span class='ocrx_word' id='word_1_512' title='bbox 1708 4622 1797 4683; x_wconf 88' lang='lat' dir='ltr'>que-</span> 
     </span>
     <span class='ocr_line' id='line_1_97' title="bbox 996 4699 1800 4777; baseline 0.001 -15"><span class='ocrx_word' id='word_1_513' title='bbox 996 4703 1101 4771; x_wconf 89' lang='lat' dir='ltr'>ratur,</span> <span class='ocrx_word' id='word_1_514' title='bbox 1118 4699 1322 4761; x_wconf 80' lang='lat' dir='ltr'>fraternitati</span> <span class='ocrx_word' id='word_1_515' title='bbox 1343 4704 1464 4762; x_wconf 73' lang='lat' dir='ltr'>vestrae</span> <span class='ocrx_word' id='word_1_516' title='bbox 1484 4702 1698 4777; x_wconf 63' lang='lat' dir='ltr'>praesentium</span> <span class='ocrx_word' id='word_1_517' title='bbox 1714 4718 1800 4763; x_wconf 90' lang='lat' dir='ltr'>auc-</span> 
     </span>
     <span class='ocr_line' id='line_1_98' title="bbox 996 4798 1798 4875; baseline 0.001 -17"><span class='ocrx_word' id='word_1_518' title='bbox 996 4798 1131 4858; x_wconf 90' lang='lat' dir='ltr'>toritate</span> <span class='ocrx_word' id='word_1_519' title='bbox 1168 4798 1381 4869; x_wconf 88' lang='lat' dir='ltr'>mandamus,</span> <span class='ocrx_word' id='word_1_520' title='bbox 1422 4801 1602 4875; x_wconf 85' lang='lat' dir='ltr'>quatenus,</span> <span class='ocrx_word' id='word_1_521' title='bbox 1642 4798 1798 4859; x_wconf 89' lang='lat' dir='ltr'>eumdem</span> 
     </span>
     <span class='ocr_line' id='line_1_99' title="bbox 997 4894 1800 4973; baseline 0.002 -18"><span class='ocrx_word' id='word_1_522' title='bbox 997 4894 1150 4955; x_wconf 90' lang='lat' dir='ltr'>comitem</span> <span class='ocrx_word' id='word_1_523' title='bbox 1170 4895 1295 4969; x_wconf 80' lang='lat' dir='ltr'>singuli</span> <span class='ocrx_word' id='word_1_524' title='bbox 1312 4897 1459 4956; x_wconf 89' lang='lat' dir='ltr'>vestrum</span> <span class='ocrx_word' id='word_1_525' title='bbox 1474 4910 1535 4971; x_wconf 89' lang='lat' dir='ltr'>per</span> <span class='ocrx_word' id='word_1_526' title='bbox 1548 4896 1708 4957; x_wconf 74' lang='lat' dir='ltr'>dioeceses</span> <span class='ocrx_word' id='word_1_527' title='bbox 1722 4912 1800 4973; x_wconf 89' lang='lat' dir='ltr'>pro·</span> 
     </span>
     <span class='ocr_line' id='line_1_100' title="bbox 996 4990 1797 5068; baseline 0.002 -17"><span class='ocrx_word' id='word_1_528' title='bbox 996 4990 1089 5068; x_wconf 90' lang='lat' dir='ltr'>prias</span> <span class='ocrx_word' id='word_1_529' title='bbox 1102 4991 1424 5052; x_wconf 85' lang='lat' dir='ltr'>excommunicatum</span> <span class='ocrx_word' id='word_1_530' title='bbox 1439 4991 1569 5068; x_wconf 89' lang='lat' dir='ltr'>publice</span> <span class='ocrx_word' id='word_1_531' title='bbox 1585 4992 1797 5065; x_wconf 88' lang='lat' dir='ltr'>nunciantes,</span> 
     </span>
     <span class='ocr_line' id='line_1_101' title="bbox 997 5086 1799 5164; baseline 0.005 -17"><span class='ocrx_word' id='word_1_532' title='bbox 997 5086 1128 5149; x_wconf 85' lang='lat' dir='ltr'>faciatis</span> <span class='ocrx_word' id='word_1_533' title='bbox 1143 5101 1218 5148; x_wconf 89' lang='lat' dir='ltr'>eum</span> <span class='ocrx_word' id='word_1_534' title='bbox 1230 5088 1265 5147; x_wconf 92' lang='lat' dir='ltr'>in</span> <span class='ocrx_word' id='word_1_535' title='bbox 1278 5088 1446 5164; x_wconf 87' lang='lat' dir='ltr'>praedictis</span> <span class='ocrx_word' id='word_1_536' title='bbox 1458 5087 1657 5149; x_wconf 85' lang='lat' dir='ltr'>dioecesibus</span> <span class='ocrx_word' id='word_1_537' title='bbox 1670 5088 1799 5151; x_wconf 85' lang='lat' dir='ltr'>arctius</span> 
     </span>
     <span class='ocr_line' id='line_1_102' title="bbox 996 5184 1801 5263; baseline 0.005 -18"><span class='ocrx_word' id='word_1_538' title='bbox 996 5184 1129 5256; x_wconf 88' lang='lat' dir='ltr'>evitari,</span> <span class='ocrx_word' id='word_1_539' title='bbox 1154 5186 1191 5245; x_wconf 90' lang='lat' dir='ltr'>ut</span> <span class='ocrx_word' id='word_1_540' title='bbox 1210 5184 1297 5247; x_wconf 91' lang='lat' dir='ltr'>idem</span> <span class='ocrx_word' id='word_1_541' title='bbox 1319 5185 1406 5249; x_wconf 88' lang='lat' dir='ltr'>inter</span> <span class='ocrx_word' id='word_1_542' title='bbox 1432 5186 1584 5247; x_wconf 88' lang='lat' dir='ltr'>homines</span> <span class='ocrx_word' id='word_1_543' title='bbox 1599 5186 1739 5263; x_wconf 89' lang='lat' dir='ltr'>positus,</span> <span class='ocrx_word' id='word_1_544' title='bbox 1764 5192 1801 5249; x_wconf 89' lang='lat' dir='ltr'>et</span> 
     </span>
     <span class='ocr_line' id='line_1_103' title="bbox 997 5281 1799 5353; baseline 0.005 -10"><span class='ocrx_word' id='word_1_545' title='bbox 997 5296 1111 5343; x_wconf 87' lang='lat' dir='ltr'>eorum</span> <span class='ocrx_word' id='word_1_546' title='bbox 1124 5296 1242 5342; x_wconf 88' lang='lat' dir='ltr'>carens</span> <span class='ocrx_word' id='word_1_547' title='bbox 1255 5283 1386 5353; x_wconf 88' lang='lat' dir='ltr'>solatio,</span> <span class='ocrx_word' id='word_1_548' title='bbox 1403 5281 1445 5343; x_wconf 86' lang='lat' dir='ltr'>ad</span> <span class='ocrx_word' id='word_1_549' title='bbox 1460 5283 1628 5345; x_wconf 88' lang='lat' dir='ltr'>Christum</span> <span class='ocrx_word' id='word_1_550' title='bbox 1643 5284 1799 5347; x_wconf 84' lang='lat' dir='ltr'>ecclcsiae</span> 
     </span>
     <span class='ocr_line' id='line_1_104' title="bbox 997 5380 1800 5458; baseline 0.005 -19"><span class='ocrx_word' id='word_1_551' title='bbox 997 5394 1166 5456; x_wconf 88' lang='lat' dir='ltr'>sponsum,</span> <span class='ocrx_word' id='word_1_552' title='bbox 1192 5380 1248 5456; x_wconf 84' lang='lat' dir='ltr'>qui</span> <span class='ocrx_word' id='word_1_553' title='bbox 1272 5395 1349 5440; x_wconf 89' lang='lat' dir='ltr'>eum</span> <span class='ocrx_word' id='word_1_554' title='bbox 1371 5380 1497 5456; x_wconf 81' lang='lat' dir='ltr'>genuit,</span> <span class='ocrx_word' id='word_1_555' title='bbox 1522 5382 1674 5458; x_wconf 82' lang='lat' dir='ltr'>atquem</span> <span class='ocrx_word' id='word_1_556' title='bbox 1698 5380 1800 5443; x_wconf 87' lang='lat' dir='ltr'>dese-</span> 
     </span>
    </p>
   </div>
   <div class='ocr_carea' id='block_1_22' title="bbox 996 5526 1799 5738">
    <p class='ocr_par' dir='ltr' id='par_1_30' title="bbox 996 5526 1799 5738">
     <span class='ocr_line' id='line_1_105' title="bbox 996 5526 1798 5601; baseline 0.007 -18"><span class='ocrx_word' id='word_1_557' title='bbox 996 5527 1102 5584; x_wconf 80' lang='lat' dir='ltr'>tannie</span> <span class='ocrx_word' id='word_1_558' title='bbox 1115 5526 1249 5584; x_wconf 84' lang='lat' dir='ltr'>comitem</span> <span class='ocrx_word' id='word_1_559' title='bbox 1267 5528 1398 5601; x_wconf 84' lang='lat' dir='ltr'>scriptas,</span> <span class='ocrx_word' id='word_1_560' title='bbox 1418 5526 1522 5601; x_wconf 88' lang='lat' dir='ltr'>quibus</span> <span class='ocrx_word' id='word_1_561' title='bbox 1538 5544 1604 5587; x_wconf 88' lang='lat' dir='ltr'>eum</span> <span class='ocrx_word' id='word_1_562' title='bbox 1625 5526 1764 5587; x_wconf 84' lang='lat' dir='ltr'>deterruit</span> <span class='ocrx_word' id='word_1_563' title='bbox 1780 5546 1798 5589; x_wconf 82' lang='lat' dir='ltr'>a</span> 
     </span>
     <span class='ocr_line' id='line_1_106' title="bbox 996 5596 1799 5661; baseline 0.004 -6"><span class='ocrx_word' id='word_1_564' title='bbox 996 5596 1164 5655; x_wconf 88' lang='lat' dir='ltr'>divexaudis</span> <span class='ocrx_word' id='word_1_565' title='bbox 1187 5598 1382 5655; x_wconf 82' lang='lat' dir='ltr'>Nannetensis</span> <span class='ocrx_word' id='word_1_566' title='bbox 1411 5600 1545 5657; x_wconf 77' lang='lat' dir='ltr'>ecclesie</span> <span class='ocrx_word' id='word_1_567' title='bbox 1574 5600 1696 5659; x_wconf 86' lang='lat' dir='ltr'>clericis.</span> <span class='ocrx_word' id='word_1_568' title='bbox 1726 5600 1799 5661; x_wconf 84' lang='lat' dir='ltr'>i&#39;ide</span> 
     </span>
     <span class='ocr_line' id='line_1_107' title="bbox 996 5667 1413 5738; baseline -0.005 -13"><span class='ocrx_word' id='word_1_569' title='bbox 996 5684 1086 5738; x_wconf 80' lang='lat' dir='ltr'>supra</span> <span class='ocrx_word' id='word_1_570' title='bbox 1105 5670 1134 5725; x_wconf 89' lang='lat' dir='ltr'>iu</span> <span class='ocrx_word' id='word_1_571' title='bbox 1148 5668 1202 5725; x_wconf 78' lang='lat' dir='ltr'>troc</span> <span class='ocrx_word' id='word_1_572' title='bbox 1217 5675 1305 5735; x_wconf 90' lang='lat' dir='ltr'>tomo,</span> <span class='ocrx_word' id='word_1_573' title='bbox 1317 5667 1371 5725; x_wconf 89' lang='lat' dir='ltr'>coi.</span> <span class='ocrx_word' id='word_1_574' title='bbox 1386 5668 1413 5725; x_wconf 79' lang='lat'>³.</span> 
     </span>
    </p>
   </div>
   <div class='ocr_carea' id='block_1_23' title="bbox 0 0 1919 6180">
    <p class='ocr_par' dir='ltr' id='par_1_31' title="bbox 0 0 1919 6180">
     <span class='ocr_line' id='line_1_108' title="bbox 0 0 1919 6180; baseline 0 0"><span class='ocrx_word' id='word_1_575' title='bbox 0 0 1919 6180; x_wconf 95' lang='lat' dir='ltr'> </span> 
     </span>
    </p>
   </div>
  </div>
 </body>
</html>
