3774 6186
97 348 159 411 35³
720 342 948 404 aelswius.
972 343 1050 403 ΗΒ.
1075 345 1129 403 IV.
1687 339 1746 400 eil

99 505 393 576 vulnus-,livorem
406 499 578 581 etplhgam
587 504 772 564 iumentum
785 503 898 564 nonli-
951 517 1018 563 non
1033 500 1151 562 iecerit
1173 501 1208 561 in
1229 498 1376 561 tutunus
1395 501 1466 575 jam
1479 498 1605 561 diutim
1625 513 1748 575 expec-

100 604 191 681 gant,
199 618 261 664 nec
275 603 406 673 curant,
421 616 528 678 neque
536 599 648 662 fovent
662 601 747 672 oleo,
762 600 815 662 vel
826 615 898 660 am·
951 600 1067 661 tatum.
1104 598 1266 669 Quocirca
1301 596 1513 658 universitati
1546 598 1667 658 vestrae
1688 612 1748 673 per

101 697 897 778 plastro,propterquodquiacicatrixpopulinon
952 695 1140 772 Apostolica
1167 695 1291 771 scripta
1320 693 1516 755 mandamus
1539 696 1572 755 et
1598 694 1749 756 districte

100 797 287 868 obducitur,
309 799 344 857 in
354 796 480 860 (laland
493 812 559 858 non
573 797 728 857 censetur
743 810 817 855 esse
828 810 899 856 me-
952 793 1175 870 praecipimus,
1205 794 1370 869 quatenus
1404 792 1609 869 praeteritam
1635 791 1747 866 negli-

101 894 265 956 dicasset
275 895 400 956 resina.
415 893 559 955 Proinde
576 894 613 954 in
627 892 806 955 consilium
819 892 900 953 sub-
953 891 1100 966 gentiam
1115 905 1201 952 novo
1216 890 1325 951 studio
1345 888 1555 960 redimentes,
1575 905 1636 966 per
1649 889 1748 950 solli·

101 990 247 1053 ditorum
261 990 377 1052 venire
395 991 509 1051 anima
527 989 741 1066 praelatorum
760 988 901 1050 convin-
954 988 1135 1050 citudinem
1163 988 1365 1063 geminatam
1391 987 1440 1047 sic
1467 985 1597 1063 praeiati
1625 988 1750 1049 statuta

103 1089 202 1160 citor,
224 1087 304 1148 dum
328 1086 430 1148 iidem
462 1087 690 1164 proximorum
713 1086 806 1147 vitiis
833 1100 899 1146 non
955 1083 1094 1146 concilii
1110 1088 1143 1146 et
1156 1085 1413 1161 illapraesertim
1428 1100 1502 1161 qnae
1521 1083 1662 1146 salutem
1677 1099 1751 1147 res·

102 1186 279 1257 resistunt3
304 1185 418 1260 sicque
441 1200 559 1245 manus
579 1185 754 1245 mulierum
768 1183 900 1243 miseri-
955 1182 1081 1259 piciunt
1095 1183 1292 1252 animarum,
1311 1181 1468 1258 deinceps
1488 1181 1694 1243 conservetis
1711 1197 1752 1243 ac

103 1282 255 1344 cordium
275 1281 432 1358 parvulos
448 1296 527 1342 suos
549 1283 695 1358 coquunt
715 1302 722 1341 :
745 1280 780 1340 hi
799 1280 900 1341 etiam
954 1278 1086 1340 faciatis
1100 1294 1120 1339 a
1134 1279 1255 1340 vestris
1270 1277 1412 1339 subditis
1435 1276 1674 1339 inviolabiliter
1690 1276 1752 1339 ob-

104 1378 192 1441 bona
225 1378 292 1439 sihi
321 1379 497 1441 commissa
530 1378 703 1455 dissipant,
724 1379 758 1438 et
777 1392 903 1437 oonsu—
955 1376 1189 1452 servari,‹1u0d
1205 1375 1339 1452 possitis
1351 1374 1473 1436 exinde
1484 1374 1616 1436 laudem
1628 1388 1750 1436 conse·

105 1477 200 1538 munt
212 1497 222 1551 ;
235 1476 432 1552 dispergunt
451 1476 634 1536 sanctuarii
649 1474 777 1552 lapides
789 1475 824 1534 in
841 1487 901 1534 ca·
955 1473 1013 1551 qui
1023 1475 1188 1534 etaeterna
1201 1472 1337 1550 praemia
1349 1472 1552 1548 promereri;
1567 1487 1754 1549 hecquem·

105 1574 173 1650 pite
193 1573 342 1635 emnium
369 1572 564 1649 platearum,
590 1571 744 1647 indignos
768 1570 905 1647 promo·
936 1556 1055 1659 'quam
1073 1572 1221 1631 vestrum
1240 1585 1371 1646 poenarn
1395 1569 1547 1646 oporteat
1560 1568 1750 1641 tormidare,

104 1672 195 1741 vent,
238 1670 438 1747 perniciosis
469 1669 635 1745 stipendia
675 1667 902 1729 ecclesiastica
936 1666 998 1729 :ad
1013 1682 1112 1744 quam
1127 1682 1171 1729 ex
1184 1682 1273 1728 nunc
1286 1669 1438 1743 potenter
1451 1667 1657 1742 accingimur
1671 1680 1754 1728 con·
1881 1744 1884 1749 Ι

105 1768 308 1844 largiuntur,
324 1767 359 1827 in
371 1766 602 1827 suisecclesiis
617 1765 847 1828 conventicula
862 1765 904 1824 de
956 1765 1010 1825 tra
1028 1763 1158 1825 desides
1182 1764 1216 1824 et
1236 1763 1406 1824 remissos.
1433 1761 1616 1838 invigiletis
1641 1765 1753 1824 autem

106 1864 326 1941 sanguinibus
353 1866 603 1940 congregantes.
631 1863 727 1923 Tales
751 1861 902 1938 equidem
958 1861 1155 1938 propensius
1168 1860 1209 1921 ad
1225 1860 1417 1921 haereticam
1432 1860 1627 1936 pravitatem
1643 1876 1753 1922 eves-

106 1978 172 2025 non
194 1961 385 2033 amendant,
404 1961 491 2038 quod
516 1961 590 2023 Heli
616 1960 704 2020 filios
728 1975 806 2020 suos
825 1958 901 2035 pal·
956 1957 1162 2028 tristinibus,
1179 1958 1208 2018 si
1220 1957 1331 2018 forsan
1344 1957 1529 2033 irrepserit,
1544 1957 1674 2033 penitus
1687 1973 1751 2018 ex-

107 2058 342 2136 pans,desella
353 2061 534 2120 retrorsum
544 2058 679 2131 cecidit3
692 2058 724 2118 et
734 2057 902 2133 principes
956 2054 1165 2131 tirpandam:
1181 2055 1259 2131 quia
1275 2054 1379 2130 serpit
1392 2055 1429 2114 ut
1442 2069 1574 2125 cancer,
1592 2056 1702 2131 capita
1717 2057 1755 2116 ut

106 2158 316 2234 populorum,
330 2156 410 2232 quia
433 2171 500 2216 non
527 2154 727 2216 cohibebant
744 2154 903 2215 Hehraeos
957 2153 1063 2229 hydra
1076 2152 1283 2228 multiplicat,
1297 2153 1330 2212 et
1341 2151 1535 2212 utdracodc
1545 2152 1629 2212 coelo
1639 2151 1754 2213 stellas

107 2254 278 2315 initiantes
291 2251 508 2328 Beelphegor,
525 2254 647 2313 etcum
660 2250 852 2312 Madianitie
868 2250 902 2311 in
958 2248 1113 2320 detrahit,
1129 2252 1162 2310 et
1174 2249 1306 2309 mulieri
1316 2248 1423 2310 tendit
1437 2249 1589 2320 insidias,
1614 2250 1753 2326 cupiens

106 2365 222 2412 eorum
233 2349 338 2410 oculis
347 2352 514 2421 coeuntes,
522 2350 686 2425 praecepto
695 2348 825 2408 Domini
834 2363 905 2407 sus·
937 2338 940 2345 '
958 2346 1063 2408 filium
1076 2362 1173 2424 quem
1188 2346 1333 2422 concipit
1344 2344 1518 2407 devorare.
1536 2346 1642 2408 Ponat
1652 2346 1753 2408 etiam

107 2448 201 2524 pensi
216 2448 294 2508 sunt
307 2447 342 2506 in
367 2447 513 2524 patibulo
528 2447 643 2509 contra
659 2445 769 2506 Salem
795 2466 802 2503 :
826 2445 903 2521 quia
958 2444 1185 2520 unusquisque
1197 2443 1344 2520 gladium
1363 2457 1464 2520 super
1485 2442 1591 2504 lemur
1606 2458 1666 2520 per
1683 2459 1755 2505 me-

107 2559 181 2605 cnm
194 2542 240 2604 de
261 2541 414 2604 manibus
429 2543 642 2619 praelatorum
664 2541 903 2617 negligentium
958 2541 1048 2602 dium
1068 2542 1253 2602 castrorum
1269 2541 1438 2601 transiens
1452 2541 1493 2600 de
1508 2541 1658 2618 porta-in
1673 2556 1754 2617 por·
1823 2578 1829 2590 „

105 2640 245 2716 sanguis
258 2640 448 2717 requiratur
461 2639 669 2715 pereuntium
684 2637 901 2709 subditorum,
957 2639 1037 2709 tam,
1061 2654 1122 2699 nec
1134 2639 1250 2714 parcat
1266 2638 1373 2709 tratri,
1390 2638 1543 2715 proximo
1560 2638 1614 2699 vel
1632 2638 1752 2708 amico,

106 2736 184 2798 dum
198 2736 393 2798 tortioribus
408 2738 512 2798 instat
530 2735 648 2797 sortior
662 2737 840 2806 cruciatus,
861 2735 906 2796 sit
959 2736 1025 2813 qui,
1050 2735 1182 2797 statutis
1197 2735 1337 2796 concilii
1357 2734 1539 2810 vilipensis,
1558 2750 1687 2797 morum
1700 2736 1756 2797 vel

104 2835 228 2895 durum
252 2833 417 2911 judicium
439 2834 491 2894 his
516 2834 571 2911 qui
600 2836 758 2911 praesunt.
783 2833 903 2894 Claus·
959 2832 1036 2894 vita
1050 2833 1165 2909 abjicit
1189 2833 1396 2894 honestatem
1413 2853 1420 2893 :
1437 2833 1489 2893 vel
1513 2848 1580 2893 non
1601 2833 1757 2896 observat

106 2930 210 2993 trales
233 2932 344 2991 antem
360 2930 494 3007 plurimi
514 2930 570 3008 qui
585 2929 756 3007 fregerunt
769 2932 902 3007 jugum,
959 2929 994 2990 in
1008 2932 1158 3000 tonsura,
1174 2928 1321 2991 vestibus
1336 2932 1370 2991 et
1381 2930 1458 2990 aliis
1476 2931 1670 2993 modestiam
1683 2930 1756 2991 cle-

106 3030 271 3105 ruperunt
291 3027 442 3101 vincula3
466 3027 524 3104 qui
547 3027 648 3089 etiam
670 3026 757 3089 sicut
778 3028 905 3088 stercus
959 3027 1111 3101 ricalem;
1135 3029 1361 3104 praecaventes
1374 3027 1516 3088 sollicite
1532 3043 1573 3088 ne
1591 3027 1755 3089 beneficia

106 3126 208 3186 terrae
218 3127 287 3201 jam
295 3122 560 3202 contemptibiles
574 3126 650 3187 sunt
660 3124 780 3196 effecti,
793 3139 829 3184 se
839 3139 905 3185 non
960 3124 1139 3185 conseratis
1161 3124 1318 3200 indignis,
1336 3139 1605 3201 necquemquam
1617 3126 1756 3201 permit·

108 3223 300 3297 corrigunt,
317 3222 464 3283 subditos
475 3237 540 3283 non
556 3222 730 3297 castigant.
743 3219 903 3297 capitula,
959 3221 1038 3281 tatis
1053 3220 1176 3281 habere
1186 3220 1299 3298 plures
1312 3222 1508 3297 personatus
1517 3220 1570 3281 rel
1584 3221 1757 3297 parocbia·

103 3322 203 3396 juxta
217 3319 358 3379 concilii
372 3319 539 3394 generalis
551 3320 723 3387 statutum,
734 3332 801 3380 non
815 3318 905 3379 cele·
939 3328 941 3333 '
960 3318 1009 3379 ies
1026 3317 1197 3389 ecclesias,
1216 3316 1347 3379 habitas
1364 3321 1441 3393 post
1456 3318 1640 3379 Concilium
1654 3333 1757 3394 gene·

108 3414 219 3487 brant,
231 3432 274 3477 ne
286 3417 321 3476 in
337 3417 444 3477 lucem
455 3416 617 3491 prodeant
631 3431 732 3491 opera
746 3415 904 3477 tenebra·
960 3415 1043 3486 rale‚
1056 3415 1177 3492 quibus
1188 3430 1268 3476 cura
1282 3415 1326 3476 sit
1338 3416 1525 3475 animarum
1535 3431 1678 3486 annexa,
1691 3417 1756 3477 nisi

110 3526 183 3574 mm
207 3514 243 3574 et
266 3511 432 3573 alumine
456 3515 653 3588 arguantur3
682 3514 816 3589 propter
844 3513 907 3572 hoc
938 3511 1074 3587 ¹forsan
1087 3527 1188 3589 super
1203 3512 1395 3573 hochabeat
1408 3513 1648 3589 indulgentiam
1662 3514 1756 3577 Sedis

110 3610 278 3688 mquidem
304 3608 452 3670 hareses
474 3609 699 3682 invalescunt;
725 3611 803 3686 quia
831 3626 907 3671 cum
960 3609 1158 3686 apostolica
1186 3610 1375 3686 specialem.
1400 3609 1544 3671 abbates
1566 3627 1646 3672 vero
1667 3612 1756 3688 nigri

111 3705 271 3784 perpauci
283 3704 384 3766 hodie
408 3720 524 3766 murus
550 3721 665 3767 ancus
683 3707 736 3767 vel
751 3707 906 3766 columna
938 3696 1089 3768 ¹ordinis
1118 3705 1291 3768 celebrare
1325 3707 1388 3768 hoc
1421 3723 1510 3769 anno
1538 3708 1756 3785 provincialia

111 3803 221 3865 ierrea
240 3804 309 3863 sint
331 3803 471 3879 prelati,
488 3803 546 3863 vix
563 3805 615 3864 est
636 3803 744 3879 quise
763 3804 908 3879 opponat
961 3802 1180 3865 concilianon
1195 3804 1358 3874 omittant,
1379 3807 1479 3881 prout
1492 3806 1645 3867 extititin
1656 3821 1757 3882 praes·

111 3911 245 3957 murum
278 3910 339 3973 pro
368 3895 465 3957 domo
494 3897 625 3959 Domini
653 3896 907 3958 ascendentibus
961 3900 1066 3976 cripto
1086 3899 1227 3961 concilio
1252 3900 1451 3973 stabilitum
1478 3903 1512 3962 et
1533 3904 1569 3962 ut
1593 3899 1756 3964 bonorum

111 4009 155 4055 ex
178 3992 340 4068 adverso,
369 4008 410 4055 eo
432 3994 518 4070 guod
547 3993 751 4055 conscientia
779 4008 909 4054 remor-
939 3990 1107 4065 {studium
1132 3997 1363 4058 commendare
1384 3998 1560 4073 possimus,
1584 4000 1617 4059 et
1637 4000 1756 4076 punire

112 4089 231 4161 dente,
268 4090 349 4151 dum
380 4104 482 4151 canes
526 4090 610 4152 muti
644 4092 826 4167 projectum
871 4091 907 4150 in
939 4093 1199 4169 =negligentiam
1207 4108 1437 4170 perversorum
1452 4108 1552 4170 super
1562 4093 1625 4157 hoc
1634 4095 1676 4156 ab
1687 4096 1756 4157 illis

112 4189 207 4249 terra·
216 4186 483 4249 munncnlumin
492 4202 529 4249 os
539 4187 672 4258 habent,
685 4189 719 4248 et
732 4188 799 4248 sint
810 4189 906 4264 quasi
939 4210 943 4223 ·
961 4191 1136 4252 certiorari
1149 4190 1304 4251 volumus
1319 4191 1568 4253 etmendamns.
1581 4194 1670 4254 sane
1681 4209 1756 4255 cum

112 4282 252 4346 bannim
277 4284 483 4346 arundineus
502 4288 571 4362 jam
595 4283 785 4346 con-tractus
810 4305 819 4345 ε
846 4299 908 4346 neo
961 4288 1041 4348 olim
1068 4302 1128 4348 vas
1154 4301 1293 4349 aureum
1319 4289 1607 4366 menapiorum,
1634 4290 1756 4354 Christi

112 4381 237 4444 latr-atu
251 4379 439 4443 neobaculo
452 4383 569 4443 arcent
580 4382 674 4457 lupos
684 4381 907 4443 dilacerantes
961 4400 1082 4462 corpus
1097 4385 1254 4446 deitatem
1273 4386 1445 4447 continens
1465 4388 1695 4465 praefigurans,
1721 4391 1755 4451 in

113 4478 295 4540 Ecclesiam
309 4481 345 4541 et
356 4477 391 4539 in
401 4480 508 4556 ipsam
521 4478 910 4541 ululatusvalidosemit·
961 4496 1040 4544 arca
1061 4481 1196 4543 ioederis
1208 4496 1291 4543 auro
1305 4484 1404 4555 tecta,
1420 4483 1507 4546 inira
1527 4488 1641 4549 sancta
1659 4502 1758 4549 sanc-

111 4575 732 4652 tcnbaszcmnlgiturdissimularenon
744 4577 907 4653 possimus
961 4582 1069 4642 torum
1084 4578 1185 4641 luerit
1203 4581 1411 4652 collocatum,
1428 4584 1464 4643 ut
1487 4583 1610 4644 munde
1632 4584 1666 4645 in
1682 4585 1756 4645 loce

112 4672 153 4735 de
180 4672 305 4734 cratero
332 4672 386 4733 vel
414 4672 669 4735 conniventibus
697 4673 803 4734 oculis
831 4687 910 4750 per-
941 4676 1145 4739 :venerabili
1178 4683 1379 4751 servaretur,
1404 4678 1553 4740 dolemus
1577 4681 1756 4756 plurimum

113 4769 261 4832 mnatre
274 4770 401 4833 mnium
421 4769 503 4831 cleri
526 4771 715 4845 contagium
743 4772 777 4832 et
795 4771 908 4848 populi
962 4775 996 4836 et
1013 4775 1198 4845 tristamur,
1215 4774 1301 4851 quod
1320 4774 1355 4836 in
1384 4775 1551 4852 plerisque
1574 4778 1757 4853 provinciis

113 4866 291 4931 christiam
310 4867 490 4929 discrimen
504 4867 591 4944 quod
612 4868 760 4945 procedit
774 4871 807 4930 et
825 4882 908 4946 pro·
941 4880 944 4945 ;
963 4872 1152 4933 sacerdotes
1166 4871 1356 4933 sanctiones
1368 4873 1557 4947 canonicas,
1567 4873 1668 4936 immo
1676 4874 1757 4937 divi·

114 4961 665 5040 netexneghgentiuprelutorum
676 4965 907 5026 evacuandum
941 4984 1041 5030 =uum
1059 4970 1223 5046 judicium
1248 4970 1508 5042 contemnentes,
1536 4985 1666 5033 sacram
1690 4975 1758 5036 ltu-

115 5074 174 5136 psr
186 5061 353 5122 incuriam
366 5061 581 5138 ettorporem
592 5062 781 5123 sanctiones
801 5077 907 5123 cane
940 5118 943 5127 .
962 5066 1317 5129 charisticamincaute
1328 5066 1527 5140 custodiunt,
1542 5072 1575 5131 et
1589 5069 1757 5132 immunde

115 5158 257 5219 mearet
267 5158 397 5219 stamma
410 5157 563 5220 salubria·
572 5159 712 5219 concilii
726 5160 905 5235 generalis,
940 5152 944 5217 i
961 5165 1160 5226 acindevote
1170 5167 1386 5236 contrectant,
1396 5165 1754 5242 quasineccreatorom

114 5253 355 5332 mcrepehonis
374 5254 518 5316 securim
541 5255 795 5318 comminantem
813 5257 912 5318 excl-·
940 5298 946 5345 ÷
963 5263 1100 5324 timeant
1118 5262 1170 5323 vel
1190 5264 1412 5324 recreatorem
1433 5262 1573 5340 diligant
1586 5269 1644 5326 aut
1663 5265 1756 5342 judi-

115 5351 205 5413 dlum
232 5364 323 5413 nnnc
352 5351 522 5415 radicibus
543 5352 756 5415 infructuosae
777 5354 910 5417 arboris
941 5364 1033 5421 icem
1047 5360 1645 5438 omniunexpavescantquamquam
1656 5366 1757 5440 Apos-

116 5448 335 5526 applicamus,
367 5447 530 5513 oeuiosse
554 5449 707 5512 ficulneae
729 5452 907 5528 cophinum
940 5454 1753 5522 3tolusterribilitercommineturdetericraillum

115 5545 275 5609 stercoris
302 5546 517 5622 apponentes,
544 5548 721 5624 numquam
749 5549 912 5611 maledic-
942 5553 1083 5619 {mered
1091 5553 1330 5630 suppliciaqui
1339 5553 1459 5614 Filium
1467 5554 1527 5615 Dei
1537 5557 1753 5620 conculcave-

115 5643 216 5706 honis
229 5640 513 5720 medietariam,
533 5643 568 5705 et
580 5645 684 5716 areat,
709 5645 738 5705 si
763 5645 906 5708 trucium
964 5651 1018 5721 rit,
1033 5650 1085 5711 vel
1099 5649 1293 5727 sanguinem
1305 5650 1678 5727 resumentiponutun
1693 5657 1752 5717 du-

257 5792 329 5837 rnre
345 5792 372 5837 n.
387 5794 461 5839 roas
475 5782 526 5839 ill.
1554 5794 1588 5848 li
