3774 6186
430 150 437 195 l

511 345 518 362 ,
578 274 807 340 narsaeus.
831 278 909 340 um.
933 280 988 341 111.
1523 232 1591 345 ¹sl

284 465 408 551 XLVI
651 450 657 462 ·
795 437 982 516 impetrata,
1009 438 1062 503 vel
1080 439 1115 501 in
1135 440 1303 519 posterum
1326 440 1424 503 istius
1448 457 1589 504 conces-

795 536 899 598 sionis
920 537 1088 599 mentioue
1103 553 1170 600 non
1190 537 1303 599 habita
1322 538 1499 616 contigerit
1522 539 1589 601 im·

794 635 930 710 petrari,
955 635 1083 695 nullum
1107 634 1177 706 tibi,
1205 636 1312 698 tuisve
1329 635 1587 708 successoribus,

194 716 227 774 ²1
252 719 385 776 novemb.
412 720 490 813 12¹8·
795 730 847 792 vel
863 731 927 808 ipsi
942 746 1044 805 regno
1060 732 1149 793 circa
1163 732 1263 809 hujus
1273 732 1502 808 praerogativae
1513 748 1593 794 con·

98 822 168 872 ,oum
179 824 333 883 Romanum,
345 825 406 874 alit.
419 827 507 884 rann,
520 827 668 893 11113151
795 829 978 890 cessionem
987 829 1215 906 praejudicium
1223 832 1412 905 generetur.
1424 832 1589 892 Praeterea

98 945 169 986 vrum
185 930 302 1004 eiusque
310 947 492 990 successores
500 933 554 991 sub
564 936 741 1005 protectione
795 925 965 989 libertates
992 928 1025 987 el
1050 927 1274 988 immunitates
1299 928 1367 990 tam
1387 927 1459 999 filli,
1490 943 1588 1005 quam

98 1020 255 1090 lpostolicae
280 1021 463 1093 recipiuntur,
479 1021 740 1096 continenturque
794 1039 897 1099 regno
912 1024 980 1095 tuo,
996 1024 1030 1085 et
1042 1024 1193 1086 ecclesiis
1208 1024 1243 1085 in
1256 1023 1590 1101 eodemregnocons·

99 574 319 658 lucanorum
342 613 460 674 repam
487 598 678 660 Scotorum.

98 1107 217 1164 ³⁰0¹0⁸lae
230 1109 374 1166 5001111111
387 1110 548 1185 privilegio.
795 1122 912 1194 titutis‚
941 1121 983 1183 ab
1012 1122 1160 1184 Ecclesia
1186 1124 1337 1184 Romana
1359 1137 1535 1184 concessas
1556 1123 1590 1184 et

98 1216 155 1276 'ins
188 1217 378 1296 episcopus,
416 1235 532 1283 servus
568 1237 739 1283 servorum
795 1218 955 1281 hacteuus
968 1218 1173 1292 observatas,
1187 1222 1278 1281 ratas
1298 1217 1457 1279 babemus
1474 1222 1508 1281 et
1528 1235 1589 1280 eas

99 1313 212 1375 issimo
234 1315 269 1375 in
297 1316 428 1379 christo
455 1318 524 1380 lilio
550 1318 739 1381 Alexandro
795 1317 916 1379 suturis
929 1316 1131 1394 temporibus
1145 1315 1292 1378 illibatas
1312 1330 1448 1378 manere
1472 1317 1588 1378 sanci-

98 1412 255 1473 lcotorum
275 1413 346 1490 regi
369 1417 507 1493 ejusque
531 1417 739 1478 successori·
794 1430 879 1486 mus,
893 1415 986 1476 salva
1000 1415 1112 1476 tamen
1128 1412 1433 1491 sedisapostolicae
1447 1414 1589 1477 auctori·

98 1509 277 1586 erpetuum,
300 1510 443 1574 salutem
467 1514 499 1574 et
523 1514 739 1592 apostolicam
794 1513 872 1574 tate.
902 1511 994 1574 Nulli
1021 1527 1101 1588 ergo
1127 1512 1263 1573 omnino
1290 1511 1462 1573 hominum
1488 1510 1588 1574 liceat

98 1607 221 1668 ionem.
795 1609 881 1671 lianc
895 1609 1051 1687 paginam
1069 1610 1192 1672 nostre
1218 1608 1454 1682 concessionis,
1468 1608 1588 1687 probi-

98 1703 229 1765 miversi
239 1704 353 1767 tldeles
368 1707 455 1783 apud
468 1707 584 1769 sedem
599 1712 741 1787 Aposto-
794 1706 931 1769 bitionis
946 1707 980 1769 et
993 1706 1254 1769 confirmationis
1269 1706 1466 1784 infringere,
1482 1706 1535 1768 vel
1557 1704 1588 1766 ei

103 1802 277 1864 trocinium
288 1803 441 1866 invenire
454 1804 595 1869 debeant
604 1807 637 1868 91
646 1805 741 1868 favo·
794 1818 878 1863 ausu
892 1803 1069 1866 temerario
1084 1803 1262 1865 contraire.
1270 1802 1306 1864 si
1314 1802 1389 1881 quis
1398 1801 1510 1864 autem
1525 1802 1588 1863 hoc

98 1900 260 1961 >stamen
285 1901 463 1978 specialius
490 1903 646 1966 convenit
668 1906 740 1982 eius
796 1900 958 1962 attentare
969 1900 1229 1977 praesumpserit,
1241 1899 1503 1977 indignationem
1516 1915 1589 1961 om·

98 1996 160 2056 vnis
184 1998 367 2060 munimine
392 1999 576 2073 confoveri,
600 2016 739 2079 quorum
795 1997 974 2074 nipotentis
988 1997 1059 2069 Dei,
1076 2013 1115 2058 ac
1134 1996 1306 2059 beatorum
1326 1996 1415 2060 Petri
1437 1996 1470 2058 et
1490 1996 1588 2058 Pauli

107 2092 316 2156 devotionem
326 2096 360 2155 in
370 2096 519 2172 pluribus
527 2100 579 2159 est
588 2099 738 2175 experta,
794 2094 1021 2171 apostolorum
1034 2097 1106 2172 eJua
1126 2110 1161 2156 se
1178 2095 1308 2157 noverit
1321 2094 1545 2156 incursurum.

101 2190 153 2251 ius
169 2191 356 2254 dilectionis
372 2192 535 2256 lervorem
556 2196 646 2257 tanto
665 2211 740 2256 am·
834 2192 954 2254 Datum
987 2192 1145 2254 Laterani
1176 2207 1236 2269 per
1262 2206 1398 2253 manum
1431 2190 1590 2268 Raynerii

98 2291 279 2359 avocentur,
296 2291 329 2350 et
343 2293 415 2366 eJus
428 2293 623 2354 reverentias
638 2293 741 2355 davo-
795 2290 918 2351 sanctae
942 2291 1102 2351 Romanae
1126 2288 1284 2351 Ecclesiae
1309 2287 1587 2359 vicecancellarii,

97 2385 214 2446 lotione
236 2385 429 2459 subdantur,
445 2390 567 2465 quanto
590 2388 738 2452 benevo-
795 2385 969 2448 undecimo
998 2383 1159 2448 kalendas
1187 2384 1383 2458 decembris,
1408 2384 1590 2447 indictione

97 2481 191 2554 isius,
208 2484 241 2543 et
254 2484 370 2558 gratiae
386 2485 505 2562 pignus
526 2501 563 2547 se
586 2487 740 2548 noverint
795 2483 946 2561 septima,
960 2483 1203 2545 incarnationis
1218 2483 1398 2545 Dominicaa
1413 2497 1501 2543 anno
1511 2481 1590 2542 mil-

97 2582 266 2640 issecutos.
795 2581 910 2642 lesimo
926 2580 1151 2643 ducentesimo
1167 2580 1295 2642 decimo
1311 2580 1438 2652 octavo,
1456 2579 1590 2657 pontit]-

97 2676 181 2752 ›pter
195 2677 368 2738 carissime
379 2677 413 2738 in
428 2678 558 2740 Christo
572 2679 740 2752 11111919-
788 2679 887 2740 catus
899 2694 978 2740 vero
991 2679 1116 2740 domiui
1130 2678 1270 2740 Honorii
1285 2694 1380 2756 papae
1394 2677 1484 2740 tertii
1500 2690 1588 2740 anuo

102 2788 142 2834 ac
154 2773 373 2842 devotionem,
388 2791 486 2852 quam
499 2777 540 2838 ad
556 2780 738 2840 Romanam
794 2776 903 2839 tertio.

96 2887 127 2931 m
148 2871 292 2947 alongis
307 2873 397 2933 retro
419 2875 623 2951 temporibus
646 2878 679 2938 te
699 2894 739 2939 ac
1120 2890 1264 2978 XLVII

97 2983 204 3029 osores
232 2970 307 3030 tuos
333 2969 490 3032 habuisse
523 2973 738 3049 cognovimus

97 3065 161 3135 les,
190 3066 364 3141 praesentis
391 3067 506 3144 scripti
532 3069 665 3145 pagina,
696 3070 736 3131 ad
953 3033 1173 3095 Mabbatem
1185 3034 1426 3108 S·⁶⁶³²⁰v⁶foe·

97 3176 115 3221 r
135 3161 241 3223 felicis
256 3163 497 3227 recordationis
517 3166 684 3228 Coelestini
706 3169 739 3228 et
1086 3155 1198 3213 ²²⁰⁰V·
1216 3154 1294 3212 ¹²¹⁸·

97 3257 128 3320 tii
150 3260 430 3336 praedecessorum
454 3265 653 3336 nostrorum,
670 3266 739 3326 Ro·
957 3267 1356 3334 [doaoesetuxtraiu.xx1,n,
1370 3269 1425 3320 lvi.

97 3372 115 3418 ¹¹
152 3358 361 3431 Pontificum,
396 3359 578 3422 districtius
606 3361 739 3424 inhibe·
793 3375 909 3436 llandat
937 3384 969 3435 ut
992 3377 1160 3451 maglatrum
1186 3377 1214 3433 in
1243 3375 1400 3434 decanatus
1424 3374 1589 3435 Ambieusls

100 3470 173 3515 cum
188 3456 344 3518 Scotiana
363 3457 505 3519 ecclesia
521 3458 615 3521 sodis
632 3463 739 3537 Apos-
828 3467 1021 3540 possessione,
1061 3467 1089 3523 in
1116 3481 1202 3539 quom
1238 3466 1406 3524 auctoritate
1444 3466 1591 3539 pontilicis

97 3550 153 3611 cut
176 3551 246 3612 tilia
270 3552 425 3629 specialis
450 3553 542 3615 nullo
562 3555 670 3617 medio
695 3556 739 3618 sit
828 3555 946 3613 maximi
974 3555 1107 3613 inductus
1138 3554 1227 3614 111339
1258 3554 1458 3629 dignoscatur,
1476 3555 1589 3613 sublato

96 3691 101 3716 ‚
123 3648 157 3708 jn
174 3666 236 3724 qua
255 3649 305 3710 hae
325 3651 421 3711 sedes
444 3652 649 3728 episwpales
664 3670 738 3715 esse
828 3643 979 3717 cujuslibet
1003 3643 1237 3702 contradictionis
1261 3643 1419 3712 obstaculo,
1435 3641 1590 3701 defendant

97 3746 736 3821 m,ecclesiavidelicetSauctillndreae,
828 3741 858 3792 0‘
879 3732 985 3791 sillflssl
1000 3730 1133 3791 euffldtm
1149 3732 1269 3806 111οἰῆοῦ
1291 3732 1382 3806 118118
1407 3733 1591 3806 b⁰⁸⁸⁹⁸³1⁰¹¹⁰

97 3858 173 3915 ren„
204 3845 346 3913 ecclesia
375 3846 562 3917 Glascnen„
584 3849 737 3910 Dunkel·
830 3821 969 3896 ⁸⁸¹¹defe·

96 3941 264 4014 achinom,
277 3943 420 4004 ecclesia
437 3943 614 4017 aberden,
628 3946 738 4009 eccle-
834 3940 1013 4011 Honorius,
1029 3940 1104 4010 etc„
1117 3939 1247 4000 dilectis
1263 3938 1342 4000 liliis
1355 3937 1465 4001 abbati
1479 3941 1512 4000 S.
1525 3942 1590 4001 Ge-

96 4052 193 4110 aren„
212 4040 354 4101 eeclesia
383 4043 518 4109 Rosen„
534 4044 568 4104 ot
595 4043 736 4105 ecelesia
793 4037 919 4099 novesae
945 4039 978 4098 et
1000 4037 1122 4115 majori
1148 4035 1386 4098 archidiacono
1404 4036 1590 4097 Parisiensi

96 4135 214 4196 remini
225 4137 397 4198 liceatnisi
411 4141 559 4200 Romano
570 4140 735 4214 Pontillci,
791 4136 825 4196 et
838 4135 997 4211 magistro
1013 4135 1111 4196 Petro
1122 4134 1162 4195 de
1178 4136 1302 4211 Capua,
1317 4132 1444 4196 doctori
1458 4133 1589 4195 theolo-

96 4233 126 4293 to
158 4232 200 4293 an
231 4234 336 4311 ipsius
365 4235 469 4297 latere
498 4236 674 4310 destinato,
701 4239 736 4300 in
790 4233 866 4310 sie,
880 4232 1020 4293 Parisiis
1035 4232 1264 4304 commoranti,
1279 4230 1433 4293 salutem·

109 4331 229 4392 scotiae
260 4332 429 4394 interdicti
461 4335 514 4395 vol
545 4350 739 4398 excommu-
831 4332 913 4391 oum
934 4345 978 4391 ex
999 4330 1094 4406 parte
1119 4328 1289 4407 praepositi
1312 4328 1345 4390 ot
1370 4328 1588 4406 quorumdam

96 4427 120 4488 ls
152 4429 351 4490 senteutiam
378 4431 606 4512 promulgare,
641 4435 674 4495 et
706 4433 737 4493 si
790 4428 959 4489 sociorum
974 4443 1110 4489 suorum
1125 4427 1362 4490 canonicorum
1383 4425 1588 4489 Ambianen·

96 4524 149 4586 ata
166 4523 276 4598 luerit,
288 4526 498 4589 decernimus
521 4544 586 4590 oon
610 4529 734 4591 valere.
791 4527 877 4587 sium
892 4524 1042 4603 quaedam
1056 4540 1075 4586 a
1088 4524 1184 4586 nobis
1197 4540 1303 4601 nuper
1316 4514 1586 4586 luissentlitterae

96 4636 124 4682 rs
151 4622 264 4694 etiam,
290 4624 327 4685 ut
352 4624 438 4684 nulli
467 4625 507 4686 de
531 4627 662 4699 caetero,
679 4629 736 4705 qui
790 4624 975 4700 impetratae
988 4639 1090 4700 super
1106 4622 1239 4700 negotio
1255 4622 1434 4683 decanatus
1446 4621 1587 4683 Ambia-

95 4719 136 4780 iae
162 4735 265 4796 regno
301 4737 368 4782 non
396 4722 511 4794 luerit,
539 4723 606 4784 nisi
638 4740 735 4802 quem
791 4712 916 4793 nensis',
934 4724 967 4783 et
985 4720 1195 4783 absolutione
1219 4720 1365 4796 ipsorum
1387 4717 1430 4779 ab
1452 4734 1588 4780 excom-

96 4831 128 4879 :a
156 4817 259 4878 Sedes
284 4820 420 4895 propter
446 4819 508 4881 hoc
531 4820 571 4881 de
597 4837 735 4899 corpore
791 4819 1134 4896 municatione,quam
1149 4815 1342 4878 dicebantur
1353 4816 1389 4876 in
1402 4830 1459 4877 eos
1475 4815 1587 4879 dilecti

96 4913 206 4975 taliter
229 4915 456 4988 destinaverit,
480 4917 607 4980 licitum
632 4920 676 4982 sit
700 4921 735 4983 in
790 4917 852 4979 tilii
879 4916 981 4979 abbas
1004 4919 1037 4978 S.
1066 4914 1209 4977 Victoris
1233 4912 1436 4976 Parisiensis
1457 4916 1491 4979 et
1511 4916 1585 4978 col·

96 5011 177 5072 lonis
201 5011 347 5073 osticium
374 5029 544 5076 exercere.
572 5017 736 5079 Prohibe-
790 5015 872 5092 lagae
895 5015 959 5085 sui,
976 5014 1033 5091 qui
1048 5012 1168 5074 dilecto
1192 5010 1262 5073 lilio
1286 5012 1446 5088 magistro
1469 5016 1500 5076 J.
1521 5013 1584 5076 de·

96 5123 149 5178 rm,
166 5110 202 5171 ut
213 5111 460 5183 controversiae,
479 5129 552 5189 quae
566 5113 734 5176 luerintin
790 5108 1586 5187 canoAmbianensisuperdecanatuipsoanobis

95 5220 129 5267 so
144 5205 185 5266 de
205 5207 473 5283 possessionibus
495 5213 567 5287 ejus
596 5213 732 5284 oxomae,
790 5210 985 5270 executores
1007 5207 1139 5268 lucrant
1158 5208 1315 5284 deputati,
1339 5210 1413 5285 post
1431 5207 1584 5284 appella-

95 5317 135 5363 en
158 5306 252 5365 extra
276 5321 414 5383 regnum
439 5308 622 5384 positorum
641 5308 735 5385 judi·
789 5307 913 5369 tionem
927 5305 969 5366 ad
985 5321 1044 5366 nos
1059 5305 1289 5382 interpositam
1304 5302 1494 5383 protulisse,
1508 5305 1585 5365 tan-

107 5400 295 5473 trahantur,
309 5403 373 5464 nisi
383 5403 424 5463 ad
439 5407 622 5466 Romanam
635 5405 735 5468 suerit
789 5405 861 5466 dem
875 5403 963 5465 intra
978 5419 1101 5483 paucos
1116 5404 1187 5464 dies
1208 5402 1249 5464 ad
1265 5399 1477 5480 praesentiam
1501 5416 1584 5462 nos-

95 5512 123 5557 m
146 5499 358 5575 appellatum.
376 5501 410 5562 Si
426 5518 500 5578 quae
515 5504 733 5581 veroscripta
787 5503 874 5564 tram
912 5501 1074 5563 accadens
1113 5500 1271 5577 praesntus
1302 5498 1449 5559 decanus
1488 5498 1584 5559 nobis

95 5594 734 5679 ojuslibertatisstalutumapparuerint
787 5600 959 5662 humiliter
996 5597 1205 5678 supplicavit,
1231 5596 1267 5658 ut
1299 5594 1352 5659 vel
1385 5594 1583 5660 decanatum
