3824 6180
123 204 181 330 nl
560 320 562 324 .
739 252 1140 322 sr1sron1n.n1n.'v.
1365 286 1375 301 x
1646 336 1648 347 ,
1707 262 1768 322 742
1862 290 1866 295 ,

125 420 273 491 dexterae
291 418 491 489 venerabilis
509 423 612 487 nater
625 423 776 485 noster...
790 422 922 501 eplsco-
973 418 1157 484 venerabili
1169 419 1303 482 fratri...
1314 419 1764 498 archiepiscoponublinen„

126 520 921 613 pusostiensis,quidexteraglivinatanquamce-
973 518 1159 580 salutemet
1170 517 1386 594 apostolicam
1398 517 1674 605 benedictionem.

126 624 205 684 drus
219 623 335 684 Libani
347 622 515 698 plantatus
529 620 565 680 in
576 617 734 680 Ecclesiae
747 615 919 694 paradiso;
1014 616 1093 688 Quae
1121 630 1181 693 pro
1206 615 1423 677 ecclesiarum
1446 615 1568 679 decore
1596 632 1635 678 ac
1663 616 1768 679 divini

126 721 302 783 altitudine
317 717 605 795 contemplationis
622 718 745 788 rectus,
761 716 921 778 virtutum
974 711 1119 773 nominis
1133 711 1225 774 cultu
1242 713 1379 788 provide
1396 713 1606 787 ordinantur,
1626 715 1770 791 Aposto-⁴

127 819 228 881 odore
248 818 371 888 suavis,
390 816 486 877 famae
501 815 694 877 sinceritate
708 813 841 891 penitus
856 813 922 873 im·
974 810 1040 872 lico
1055 811 1149 872 decet
1164 811 1347 872 munimine
1361 809 1525 883 roborari,
1540 800 1769 874 utinconcusss

127 916 306 994 putribilis,
331 931 400 976 non
428 914 535 975 solum
570 928 630 973 sua
656 910 851 973 fortitudine
879 908 921 971 ad
975 924 1046 969 sam
1074 908 1248 971 obtineant
1271 907 1471 969 firmitatem.
1500 912 1580 970 Cum
1606 910 1710 985 igitur
1733 911 1768 970 in

128 1011 403 1073 sustentationem
414 1009 531 1069 domus
541 1006 672 1069 Domini
687 1006 855 1084 operatur,
868 1020 923 1068 ve·
975 1007 1118 1068 ecclesia
1132 1007 1190 1067 tna
1203 1005 1411 1079 decanatum,
1421 1008 1686 1082 praecentoriam,
1700 1008 1771 1070 the·

127 1125 201 1171 rum
215 1109 315 1170 etiam
329 1106 516 1169 honestatis
532 1105 677 1167 candore
690 1104 796 1181 ipsius
811 1117 923 1180 super
976 1103 1175 1174 saunariam,
1190 1102 1425 1164 cancellariam
1436 1103 1562 1165 etalios
1572 1109 1770 1181 personatus

130 1208 238 1269 ficiem
261 1206 491 1267 convenustai.
518 1203 582 1265 Sed
606 1202 684 1264 licet
704 1202 810 1279 ipsius
835 1215 923 1278 prac-
975 1200 1112 1278 provide
1127 1199 1305 1272 ordinarie,
1321 1201 1421 1261 certis
1437 1200 1619 1262 redditibus
1635 1201 1699 1274 his,
1714 1202 1771 1280 qui

128 1304 236 1367 sentia
249 1319 328 1365 cara
342 1318 409 1364 non
423 1301 520 1365 valde
533 1315 685 1363 caremus
700 1299 808 1371 inviti,
822 1299 859 1360 ut
869 1313 924 1359 cu·
976 1298 1185 1360 sustinebunt
1197 1313 1281 1358 onus
1296 1296 1481 1358 officiorum
1497 1298 1696 1376 hujusmodi,
1713 1300 1772 1361 de·

125 1404 182 1479 jus
199 1401 327 1463 auxilio
338 1399 519 1462 etconsilio
532 1396 711 1476 plurimum
723 1395 921 1472 indigemus,
976 1396 1099 1473 putatis
1114 1416 1122 1456 ε
1137 1410 1200 1456 nos
1213 1394 1280 1456 tuis
1292 1395 1445 1472 precibus
1456 1396 1620 1468 inclinati,
1635 1395 1773 1458 ordina-

129 1499 297 1560 notamen
311 1494 435 1559 Christi
458 1495 627 1572 negotium
644 1492 767 1556 nostris
784 1494 922 1571 postpo-
975 1494 1101 1555 tionem
1115 1492 1233 1570 ipsam,
1246 1492 1332 1554 sicut
1346 1492 1400 1569 pie
1410 1493 1594 1570 acprovide
1609 1493 1696 1554 iacta
1709 1485 1771 1567 est,
1830 1548 1832 1555 .

129 1611 210 1657 nere
248 1594 429 1658 commodis
460 1595 660 1665 videremur,
689 1608 764 1653 enm
791 1591 832 1652 ad
860 1590 924 1651 boc
977 1589 1174 1652 auctoritate
1187 1590 1377 1667 apostolica
1392 1590 1638 1663 confirmamus,
1648 1593 1681 1654 et
1691 1608 1772 1669 prae·

128 1693 336 1771 providimus
361 1691 598 1768 deputandum,
617 1691 653 1751 ut
667 1688 808 1765 iungens
827 1687 924 1764 plene
977 1689 1081 1754 sentis
1094 1688 1209 1765 scripti
1222 1688 1407 1765 patrocinio
1416 1689 1668 1750 communimus.
1679 1689 1773 1751 Nulli

130 1791 308 1868 legationis
334 1789 445 1851 cilicio
477 1804 537 1865 pre
562 1787 692 1864 Christo
719 1785 925 1862 evangelizet
977 1801 1069 1862 ergo,
1094 1786 1169 1857 etc„
1199 1788 1321 1846 nostrae
1356 1785 1619 1848 confirmationis
1646 1786 1772 1847 inirin-
1817 1843 1825 1860 ,

129 1886 407 1967 populisverbum
418 1886 539 1958 crucis,
550 1886 584 1948 et
595 1885 680 1947 alios
692 1887 782 1945 recle
795 1895 922 1959 regere,
977 1897 1068 1959 gere,
1082 1884 1146 1944 etc.
1170 1883 1205 1944 Si
1223 1883 1296 1960 quis
1312 1883 1433 1953 autem,
1454 1883 1517 1946 etc.
1540 1884 1660 1946 Datum
1675 1884 1775 1946 Late-

130 2001 170 2047 ac
181 1986 345 2046 indirecta
361 1984 506 2060 dirigere
521 1984 689 2058 satagere,
705 1994 824 2059 aspera
843 1995 926 2041 con·
978 1979 1064 2052 rani,
1075 1981 1105 2041 ll
1113 1980 1190 2042 idus
1205 1979 1329 2054 martii,
1339 1979 1552 2059 pontificatus
1563 1981 1670 2043 nostri
1685 1996 1776 2044 anno

129 2083 240 2145 vertat
262 2082 298 2144 in
317 2082 429 2159 plana,
445 2080 644 2157 extirpando
664 2077 748 2140 vitia
770 2079 804 2140 et
824 2077 924 2158 plan·
979 2077 1106 2155 quinto.

129 2181 232 2244 tando
260 2180 412 2251 virtutes,
433 2177 563 2240 firmam
591 2191 683 2253 sporn
705 2175 926 2253 fiduciamque

130 2279 294 2349 tenentes,
323 2276 410 2354 quod
438 2275 609 2346 Dominus,
637 2274 694 2351 qui
718 2272 749 2335 ei
777 2272 926 2348 linguam
1287 2255 1472 2345 CCXCIV

131 2374 274 2437 contulit
282 2373 457 2442 eruditam,
471 2372 556 2434 dans
566 2371 641 2433 voci
650 2374 722 2448 ejus
736 2385 852 2432 vocem
861 2369 928 2431 vir·
1031 2400 1084 2460 Ad
1099 2399 1395 2474 archiepiscopum
1408 2401 1727 2478 Rotmmaoemm·

130 2474 212 2535 tutis
237 2489 306 2533 suae
325 2472 361 2533 in
386 2470 596 2548 beneplacito
621 2484 681 2530 suo
706 2467 828 2544 diriget
853 2468 927 2528 vias
1266 2521 1387 2580 mmm
1413 2522 1480 2581 ml
1637 2466 1640 2473 “

131 2573 215 2647 elus,
241 2570 347 2647 ipsius
374 2568 543 2631 ioecundia
568 2569 696 2631 mentes
720 2565 927 2628 audientium
1160 2635 1166 2647 ⁹
1390 2564 1397 2577 ·
1486 2566 1493 2580 ·

133 2667 366 2730 ioecundando.
390 2668 554 2728 Caeterum
577 2665 640 2727 etsi
665 2667 737 2742 ejus
762 2662 926 2739 exemplo,
1013 2635 1135 2700 [ΗΘΜ
1148 2635 1195 2687 ¹¹¹³·
1207 2636 1240 2696 γ’
1250 2636 1324 2702 epist.
1337 2635 1392 2687 ⁶³⁰·
1404 2637 1595 2689 *mmmm
1604 2638 1640 2690 ‘¹¹¹
1649 2638 1746 2709 Μ’]
1777 2720 1782 2729 .

132 2768 228 2842 cujus
243 2764 402 2826 immeriti
416 2764 523 2826 vicem
540 2763 688 2839 gerimus
700 2760 787 2839 quod
807 2761 866 2821 uni
886 2763 930 2821 οι
1024 2752 1157 2826 Praecipit
1166 2753 1193 2809 ei
1202 2758 1235 2810 ut
1245 2753 1277 2810 ll.
1289 2751 1325 2809 dc
1336 2754 1432 2811 Louna
1448 2754 1584 2813 clericum
1598 2753 1740 2815 beneflcio

132 2863 282 2924 minimis
301 2862 427 2925 nostris
445 2862 491 2932 iit,
509 2860 606 2922 nobis
629 2859 704 2920 lieri
724 2860 928 2936 reputemus,
1005 2890 1008 2896 ·
1208 2839 1381 2915 lloebessdili
1396 2840 1555 2916 provideat.
1664 2930 1666 2935 Δ

132 2961 212 3038 quia
226 2961 338 3022 tamen
360 2960 449 3021 sicut
471 2958 568 3021 stella
597 2957 708 3019 differi
731 2972 750 3018 a
773 2956 870 3018 stella
894 2955 928 3015 in
1023 2959 1203 3029 Honorius,
1214 2960 1483 3032 etc.,venerabili
1493 2960 1782 3041 fratriarchiepis·

133 3059 296 3129 claritate,
313 3058 359 3118 ita
374 3058 531 3118 intereos
545 3058 596 3118 est
615 3055 772 3117 discretio
792 3054 930 3115 merito·
983 3072 1066 3134 copo
1081 3055 1321 3134 Retbomagen.
1819 3100 1824 3115 ..

133 3171 209 3216 rum
225 3177 233 3215 ε
250 3169 311 3216 nos
326 3155 497 3231 cupientes
518 3152 713 3229 praedictum
737 3152 929 3228 episcopum
1023 3157 1063 3216 st
1081 3155 1110 3215 si
1130 3169 1173 3215 ex
1191 3155 1353 3231 susceptae
1374 3155 1545 3218 servitutis
1572 3155 1683 3220 officio
1696 3158 1782 3222 iacti

134 3268 174 3315 eo
187 3253 385 3329 propensius
397 3251 567 3323 honorari,
583 3267 647 3328 quo
663 3266 723 3327 per
735 3266 811 3311 eum
828 3248 930 3310 Sedes
985 3252 1089 3313 simus
1111 3252 1263 3314 omnibus
1283 3252 1460 3326 debitores,
1477 3254 1645 3316 universis
1664 3238 1781 3325 ¹ttamen

133 3351 325 3428 Apostolica
347 3349 523 3411 sublimius
543 3348 739 3421 bonoratur,
760 3346 931 3409 universi·
984 3350 1112 3413 militiae
1123 3349 1272 3411 clericali
1287 3348 1465 3427 adscriptis
1476 3368 1537 3413 nos
1551 3351 1695 3422 latemur
1708 3370 1782 3432 spe·

133 3451 237 3511 tatem
250 3450 396 3510 vestram
411 3462 580 3523 rogamus,
597 3461 770 3508 monemus
791 3447 825 3508 et
845 3445 929 3506 bor·
984 3449 1116 3511 cialiter
1137 3447 1311 3524 obligatos,
1342 3449 1375 3509 et
1399 3448 1467 3523 illis
1494 3451 1690 3526 praesertim,
1721 3452 1785 3530 qui

134 3548 247 3609 tamur
271 3547 412 3617 attente,
438 3561 479 3607 ac
505 3561 564 3622 per
587 3544 778 3622 Apostolica
805 3543 931 3620 scripta
984 3547 1157 3610 honestate
1182 3562 1221 3607 ac
1243 3546 1382 3607 scientia
1407 3547 1549 3623 praediti,
1579 3549 1731 3611 ecclesiis
1759 3565 1781 3613 a

134 3642 615 3721 vobisfirmiterproecipiende
631 3642 932 3720 mandemusque·
985 3644 1103 3722 quibus
1112 3643 1274 3705 beneficia
1284 3643 1499 3718 obtinuerint,
1507 3644 1781 3724 possuntutiliter

134 3743 233 3802 tenus
253 3739 405 3800 eumdem
428 3737 584 3814 legatum,
600 3737 653 3798 vel
676 3737 786 3814 potius
809 3752 872 3798 nos
895 3737 931 3798 in
985 3743 1164 3804 deservire.
1183 3745 1289 3813 Quum
1308 3741 1412 3818 igitur
1423 3741 1564 3805 dilectus
1580 3743 1671 3805 illius
1686 3749 1725 3822 R·
1739 3746 1780 3808 de

136 3835 591 3915 ipso,recipienteshilariter
600 3834 807 3897 etdevoteac
820 3833 932 3896 debita
985 3829 1102 3901 Launa
1129 3839 1283 3911 clericus,
1312 3839 1399 3902 sicut
1425 3841 1556 3914 asserit,
1585 3841 1708 3904 dudum
1737 3843 1779 3905 ad

137 3935 313 3997 devotione
336 3934 533 4005 tractantes,
558 3931 716 3994 eidemin
732 3932 933 3994 omnibuset
986 3936 1159 3998 servitium
1167 3937 1334 3997 tuumate
1343 3938 1481 3998 vocatus
1491 3937 1654 4000 accedens
1665 3956 1777 4002 cum...

138 4032 325 4110 peremnia
340 4030 500 4094 studeatis
519 4029 701 4092 efficaciter
724 4028 869 4101 obedire,
885 4028 932 4091 iia
985 4030 1122 4093 officiali
1147 4031 1217 4099 tuo,
1238 4031 1334 4107 cujus
1359 4029 1450 4093 vices
1476 4031 1671 4109 plerumque
1695 4051 1778 4113 sup-

137 4131 224 4208 quod
244 4145 320 4191 oum
343 4128 524 4207 propitium
547 4128 580 4189 et
604 4143 666 4188 nos
688 4126 783 4189 vobis
811 4127 932 4188 exinde
985 4127 1097 4206 plebat
1110 4127 1145 4188 in
1161 4127 1271 4188 olilcio
1286 4128 1478 4201 assessoris,
1493 4129 1623 4190 etalias
1637 4129 1699 4192 tibi
1712 4146 1781 4193 ser·

137 4225 286 4288 reddatis
307 4223 509 4287 favorabiles
532 4225 565 4286 et
581 4223 743 4299 benignos
760 4243 769 4283 ε
784 4223 933 4301 alioquin
985 4225 1085 4288 vierit
1109 4224 1281 4286 humiliter
1310 4225 1344 4286 et
1368 4223 1511 4300 devote;
1540 4228 1642 4304 tuque
1670 4227 1780 4305 ipsum

138 4323 347 4395 sententiam,
365 4338 464 4400 quam
478 4321 566 4383 idem
585 4320 701 4383 tulerit
720 4320 756 4381 in
777 4320 930 4393 rebelles,
986 4323 1193 4402 postmodum
1209 4323 1245 4384 in
1259 4321 1497 4384 subdiaconum
1518 4324 1678 4387 ordinans
1693 4325 1779 4403 quod

137 4422 245 4485 ratam
270 4422 303 4483 et
323 4421 453 4481 firmam
478 4417 684 4490 babebimus,
705 4419 740 4481 et
759 4418 931 4491 iaciemus,
986 4421 1179 4500 provideres
1200 4420 1307 4482 eidem
1329 4420 1394 4481 sibi
1417 4437 1508 4500 spem
1529 4421 1661 4484 dederis
1685 4425 1781 4501 quasi

137 4520 275 4581 auctore
302 4517 453 4589 Domino,
483 4516 723 4579 inviolabiliter
748 4515 931 4578 observari.
987 4519 1239 4596 certam,·idque
1254 4519 1334 4581 licet
1355 4519 1502 4595 potueris
1517 4512 1664 4580 nondum
1679 4521 1783 4584 affec«

137 4616 256 4677 Datum
270 4613 438 4685 Laterani,
452 4615 482 4674 il
496 4612 572 4673 idus
584 4612 707 4684 martii,
722 4612 934 4689 pontificatus
986 4617 1036 4678 tui
1049 4615 1246 4693 mancipari,
1266 4631 1465 4693 quamquam
1484 4615 1526 4677 ad
1548 4615 1612 4678 boc
1632 4617 1701 4678 tam
1719 4633 1781 4679 ra-

137 4712 244 4775 nostri
259 4727 347 4774 anno
362 4711 489 4788 quinto.
987 4714 1077 4777 tione
1091 4713 1324 4785 ordinationis,
1341 4728 1440 4789 quam
1461 4712 1612 4790 obsequii
1628 4729 1648 4775 a
1670 4730 1706 4776 se
1722 4715 1786 4777 tibi

987 4811 1128 4873 exhibiti
1167 4810 1332 4886 obligatus
1372 4811 1509 4882 aristae,
1540 4811 1785 4875 fraternitatem

441 4897 628 4984 CCXCIII
986 4912 1078 4973 tuam
1102 4909 1286 4984 rogandam
1308 4908 1463 4970 duximus
1482 4909 1641 4971 attentius
1656 4915 1692 4974 et
1705 4927 1782 4974 mo-

213 5042 266 5101 Ad
286 5041 581 5114 areuteptscopum
603 5042 856 5103 mmmmm
989 5008 1131 5069 nondam
1153 5023 1213 5084 per
1237 5007 1428 5084 Apostolica
1456 5006 1516 5070 tibi
1539 5008 1664 5086 scripta
1688 5024 1785 5071 man·
1903 5018 1905 5023 ·

426 5162 459 5220 ¹4
472 5120 556 5220 mart,
573 5162 652 5221 ,m
841 5150 843 5153 -
988 5106 1115 5177 dantes,
1128 5107 1292 5183 quatenus
1308 5105 1349 5166 ad
1364 5106 1538 5168 servitium
1548 5108 1621 5184 eJus
1636 5106 1783 5169 debitum

251 5276 257 5287 ι
989 5202 1116 5265 habens
1131 5205 1318 5279 respectum
1332 5202 1397 5279 ipsi
1414 5204 1561 5271 nondum
1580 5204 1714 5282 aliquod
1727 5220 1785 5266 ec·

184 5277 315 5342 [T¹¹⁰¹¹¹⁰¹’
330 5278 827 5343 V⁰¹⁰¹⁸⁸¹⁰¹¹¹¹m·Hib⁰¹¹¹·⁶‘⁵⁰⁰‘'’¹'·
842 5279 893 5347 ω’]
989 5300 1214 5363 clesiasticum
1239 5300 1437 5362 beneficium
1465 5303 1638 5374 assecuto,
1669 5303 1724 5364 cui
1751 5304 1786 5364 et

140 5384 287 5444 θῐᾱῑΰθῐῑῡ
301 5381 489 5457 llifflffldflffl
511 5384 683 5458 dignitatum
699 5387 794 5443 ¹1¹⁸¹¹⁸
814 5386 936 5443 esssslesslss
989 5399 1066 5459 vitae
1085 5397 1249 5470 meritum,
1267 5401 1299 5460 et
1313 5398 1472 5460 talentum
1498 5399 1646 5460 scientiae
1662 5400 1787 5461 suffra·

397 5472 679 5532 f⁸⁰²³⁰⁰¹¹fls¹¹¹⁸fflf·
990 5495 1062 5571 gari
1087 5496 1254 5565 dicuntur,
1275 5495 1316 5556 ob
1342 5497 1565 5558 reverentiam
1586 5497 1786 5572 Apostolicae

181 5590 541 5669 Honoriusepiscopus,
552 5608 669 5654 servus
682 5607 854 5655 servorum
863 5590 935 5665 Dei,
992 5592 1087 5655 Sedis
1103 5593 1136 5656 et
1150 5594 1298 5656 nostram
1315 5594 1351 5654 in
1371 5593 1532 5656 beneflcio
1550 5594 1701 5656 ecclesiae
1719 5596 1786 5657 tuae
