3774 6186
736 299 966 364 EPISTOLAE.
990 299 1066 358 LlB.
1092 299 1147 359 111.
1694 298 1751 358 lea

109 302 170 368 193

102 464 222 526 nmtrrr
246 463 412 526 ullatenus
433 455 616 536 deauratis,
636 476 698 522 nec
718 460 807 521 ullas
819 458 902 521 obe·
956 459 1058 519 ventu
1072 459 1255 528 morentur,
1279 457 1325 519 ita
1345 457 1432 535 quod
1457 456 1550 519 nulla
1563 455 1751 518 obedientia

102 557 904 635 dientialismonasteriinumerumduarumequi·
957 556 1184 619 committatur
1205 554 1343 626 eisdem,
1373 555 1478 616 donec
1501 553 1753 615 emendaverint

102 656 304 728 taturarum‚
321 660 354 720 et
366 656 503 720 totidem
518 656 734 718 servientium
752 655 900 717 excedat
958 654 993 714 in
1007 653 1126 714 melius
1140 652 1243 713 vitam
1259 667 1367 712 suam.

106 756 214 817 Porro
224 754 339 825 abbas,
351 770 426 816 cum
436 770 495 832 pro
506 751 749 829 emergentibus
762 750 904 828 negotiis
998 750 1083 822 Quia
1100 765 1180 810 vero
1196 749 1330 825 quidam
1347 763 1390 809 ex
1403 748 1497 810 vobis
1513 748 1547 809 in
1565 749 1750 809 animarum

104 852 279 929 equitabit,
291 852 391 914 ducat
403 850 606 912 moderatam
617 849 788 919 familiam,
801 852 834 911 et
848 849 905 908 bo·
959 861 1094 908 suarum
1128 844 1309 923 perniciem
1340 846 1463 906 habere
1491 833 1660 923 proprium
1686 862 1752 908 non

105 952 249 1021 uestem,
270 951 304 1010 et
321 951 389 1010 tam
406 947 493 1025 apud
516 949 672 1009 Sanctum
692 949 902 1017 Germanum,
959 930 1127 1016 verentur,
1153 945 1340 1014 statuimus,
1366 944 1401 1005 ut
1426 943 1506 1003 illud
1529 945 1703 1019 resignare
1718 944 1751 1004 in

102 1061 205 1123 quam
221 1045 307 1124 apud
324 1045 393 1107 alia
414 1045 607 1106 monasterii
629 1044 749 1115 castra,
774 1043 812 1104 in
830 1042 906 1119 qui·-
959 1058 1040 1103 usus
1048 1041 1243 1102 monasterii
1255 1041 1513 1102 convertendum
1521 1040 1582 1101 sub
1592 1041 1753 1116 religione

100 1141 164 1204 bus
182 1144 294 1220 ipsum
315 1157 452 1204 manere
466 1143 645 1217 continget,
664 1143 733 1203 tres
757 1141 816 1202 aut
840 1140 905 1201 duo
956 1140 1149 1217 juramenti,
1171 1139 1200 1199 si
1216 1155 1352 1201 necasse
1373 1137 1483 1210 luerit,
1501 1139 1751 1216 compellantur,

97 1239 295 1302 senioribus
310 1239 481 1303 monacbis
500 1239 579 1300 vitae
592 1238 750 1315 probatae,
767 1238 907 1313 religio-
960 1239 994 1298 et
1015 1238 1045 1298 si
1068 1236 1109 1297 de
1133 1239 1253 1297 caetero
1277 1235 1399 1313 aliquis
1421 1236 1528 1312 ipsius
1552 1236 1615 1297 loci
1633 1252 1754 1297 mona-

97 1338 171 1408 nis,
189 1340 225 1400 et
239 1337 348 1409 lamae,
365 1352 496 1413 semper
506 1337 542 1396 in
555 1351 621 1396 una
631 1351 763 1397 camera
771 1334 907 1413 jaceant
960 1335 1043 1397 chus
1064 1334 1235 1411 proprium
1256 1333 1381 1394 babere
1397 1332 1499 1395 luerit
1516 1333 1753 1410 deprehensus,

97 1450 179 1496 eum
192 1434 325 1506 eodem,
343 1435 422 1495 aliis
433 1433 617 1505 monachis,
632 1434 689 1510 qui
702 1448 814 1494 secum
834 1431 908 1493 lue-
961 1432 1033 1493 sine
1052 1446 1109 1508 spe
1123 1430 1344 1493 restitutionis
1358 1447 1378 1491 a
1394 1432 1596 1492 monasterio
1606 1430 1756 1507 expella-

97 1532 185 1603 rint,
194 1533 233 1592 in
245 1548 311 1593 uno
326 1532 402 1593 loco
413 1530 657 1592 comedentibus
665 1529 904 1607 etjecentibus‚

97 1628 251 1706 eaquae
266 1628 382 1691 nullus
403 1643 568 1689 mmeram
582 1627 704 1690 babeat
715 1627 905 1704 specialem,

97 1726 137 1788 nt
146 1726 202 1787 sic
213 1725 333 1786 melius
343 1724 499 1788 Satbanae
508 1725 672 1797 obvietur,
680 1725 905 1786 obstruantur.

134 1822 304 1884 Monachi
325 1837 406 1884 vero
421 1823 456 1885 in
470 1822 672 1885 monastario
687 1822 906 1884 consistentes

97 1922 175 1981 tam
193 1917 445 1988 obedientiales,
466 1934 566 1995 quam
592 1918 652 1979 alii
678 1919 713 1978 in
740 1919 907 1979 communi

97 2016 306 2078 dormitorio
335 2018 493 2093 jaceant,
527 2020 562 2078 et
591 2015 759 2077 communi
791 2030 905 2077 come-

97 2112 188 2175 dant
202 2111 392 2185 refectorio,
416 2128 477 2175 nec
496 2113 670 2190 quisquam
684 2113 818 2173 illorum
832 2111 908 2174 obe—

97 2209 907 2286 dientialium,autaliussuperiorinmonasterio

102 2308 293 2369 servientes
321 2307 444 2369 habeat
466 2307 642 2385 speciales,
660 2322 723 2368 nec
745 2307 906 2384 specialia

104 2404 172 2467 eibi
186 2404 290 2466 iaciat
302 2403 428 2466 fercula
440 2404 633 2482 praeparari,
646 2404 703 2465 sed
716 2420 830 2465 omnes
838 2405 908 2481 pul·

105 2502 233 2563 mentis
248 2503 386 2563 utantur
404 2501 646 2571 communibus,
660 2501 803 2563 infirmis
816 2501 906 2562 dun-

107 2601 206 2662 taxat
218 2599 378 2676 exceptis,
394 2600 451 2677 qui
474 2602 508 2663 et
525 2600 591 2678 ipsi
612 2616 726 2663 omnes
748 2599 847 2662 simul
871 2600 906 2661 in

109 2696 333 2758 infirmatorio
343 2697 528 2771 comedant,
540 2699 605 2759 nisi
616 2698 741 2766 forsan,
750 2698 806 2775 qui
814 2699 906 2760 tanta
918 2726 922 2735 ·

110 2792 281 2857 debilitate
301 2793 465 2867 laborant,
487 2794 525 2856 ut
545 2811 590 2857 ex
613 2795 708 2857 lectis
736 2795 906 2856 discedere

109 2891 181 2953 aine
193 2891 390 2954 difficultate
403 2907 468 2953 non
483 2893 632 2969 possint:
646 2892 907 2968 subgindrmario

108 2993 220 3051 autem
236 2989 326 3050 alius
339 2991 504 3051 statuatur
516 2990 698 3051 monachus
713 2989 808 3051 bonae
821 3006 906 3053 con·

110 3087 326 3158 versationis,
340 3087 393 3147 vel
407 3086 526 3166 laicus,
541 3087 599 3164 qui
614 3087 782 3148 assiduam
803 3087 837 3148 in
854 3087 908 3147 in·

109 3182 296 3246 firmatoria
311 3183 437 3245 iaciens
453 3184 668 3246 residentiam
682 3184 748 3256 die,
762 3200 801 3246 ac
811 3187 907 3247 nocta

108 3280 319 3342 mdrmorum
341 3281 558 3356 singulorum,
574 3282 609 3343 et
626 3282 773 3343 omnium
793 3296 907 3343 curam

107 3380 205 3454 gerat
220 3377 410 3455 :bospitale
420 3394 551 3456 quoque
564 3378 728 3441 restitutis
747 3377 812 3440 sibi
830 3394 907 3440 om·

107 3474 208 3537 nibus
233 3474 410 3536 subtractis
422 3474 541 3548 eidem,
562 3475 674 3538 taliter
693 3475 905 3548 reformetur,

107 3572 144 3634 at
152 3571 293 3643 infirmi,
307 3573 342 3635 et
355 3588 519 3650 pauperes
530 3573 760 3650 confugientes
772 3574 812 3636 ad
824 3574 906 3635 illud

105 3669 230 3731 solatia
242 3668 290 3729 ibi
302 3670 469 3747 reci—piant
481 3672 655 3745 consueta;
676 3670 736 3732 sub
752 3671 906 3748 hospita-

104 3767 194 3834 lario
218 3766 437 3828 nibilominns
456 3767 524 3829 alio
546 3768 721 3840 monacho,
747 3769 800 3830 vel
826 3770 908 3831 reli·

104 3865 203 3942 gioso
212 3863 301 3925 laico
310 3865 500 3937 constituto,
514 3864 570 3942 qui
584 3864 625 3926 de
637 3864 691 3925 die
703 3865 907 3944 inhospitali

102 3977 318 4040 permanens,
330 3964 363 4025 et
380 3962 421 4024 de
435 3964 532 4024 nocte
546 3961 688 4025 fideliter
701 3965 906 4041 pauperibus

103 4058 329 4122 administret.

147 4157 323 4218 Monachis
348 4174 429 4220 vero
455 4159 598 4221 aliorum
628 4159 906 4221 monasteriorum

103 4269 186 4317 cnm
206 4255 247 4315 ad
263 4256 373 4332 ipsum
394 4257 632 4325 monasterium
653 4256 904 4330 declinaverint,

103 4351 253 4426 benigne
265 4352 352 4414 sicut
364 4353 471 4430 ipsius
486 4353 550 4415 loci
561 4354 719 4416 iratribus
731 4353 906 4416 ministre-

104 4452 176 4511 tur.
192 4451 229 4509 ln
245 4450 410 4526 superiori
433 4452 534 4514 etiam
549 4453 701 4514 sacristia
724 4452 908 4513 constitua·

103 4549 165 4607 tar
178 4545 300 4624 aliquis
314 4548 496 4610 monachus
509 4549 677 4626 providus,
694 4550 904 4621 ethonestus,

102 4643 234 4720 quires
246 4659 361 4706 sacras
371 4646 829 4724 custodiatdiligenter,neca
843 4647 907 4707 mi-

103 4741 251 4803 nisterio
279 4745 490 4805 removeatur
517 4744 721 4822 hujusmodi,
748 4745 905 4823 quamdiu

97 4832 217 4910 bene,
237 4855 277 4901 ac
300 4840 516 4903 laudabiliter
540 4841 761 4918 ministrabit3
787 4858 904 4905 sacer·

104 4934 205 4998 dotes
217 4936 413 5000 ordinentur
426 4938 468 5000 de
489 4939 677 5001 senioribus
698 4939 740 5001 ad
755 4941 818 5003 hoc
832 4940 908 5002 offl-

105 5032 201 5094 cium
223 5035 471 5113 exsequendum
499 5036 640 5108 idoneis,
656 5039 694 5099 ut
717 5039 847 5099 nonsit
869 5038 904 5098 in

105 5131 312 5193 monasterio
327 5134 478 5209 penuria,
493 5133 550 5195 sed
565 5135 661 5211 copia
682 5135 901 5196 sacerdotum.

105 5229 225 5290 Simon
240 5229 465 5302 decalmatio,
481 5234 628 5294 loannes
642 5231 684 5292 de
696 5232 902 5304 Collimento,

106 5326 208 5388 atilli
228 5327 330 5388 etiam
350 5328 516 5400 monachi,
541 5329 598 5406 qui
622 5329 906 5407 praesumpserunt

103 5439 184 5486 curn
204 5424 361 5486 Adinullo
382 5427 548 5503 quondam
571 5426 690 5488 abbate
710 5430 902 5504 conjurar03

103 5521 163 5583 vel
184 5521 350 5585 rebellare
371 5527 488 5586 contm
507 5528 690 5587 Romanam
709 5524 902 5597 Ecclesiam,

105 5635 169 5680 seu
180 5620 420 5681 monasterium
435 5622 632 5683 cassinense
640 5637 770 5699 semper
779 5623 813 5684 in
824 5637 906 5684 con-

255 5762 370 5807 ramoo.
390 5765 464 5808 rcus
485 5753 534 5811 lll.

960 1531 1015 1591 tur
1031 1551 1039 1588 ε
1055 1545 1130 1590 cum
1145 1545 1205 1590 nos
1221 1545 1335 1590 omnes
1350 1527 1539 1604 hujusmodi
1562 1528 1753 1605 proprieta-

961 1626 1029 1687 rios
1051 1626 1297 1687 decreverimus
1310 1625 1664 1687 excommunicationis
1677 1641 1756 1686 sen-

961 1723 1072 1785 tentiae
1090 1723 1273 1801 subjacere
1298 1723 1334 1784 Si
1354 1738 1435 1784 vero
1458 1722 1545 1799 apud
1567 1723 1697 1800 aliquos
1720 1723 1754 1783 in

962 1822 1067 1883 morte
1087 1822 1257 1898 proprium
1281 1821 1458 1896 contigerit
1474 1821 1629 1893 inveniri,
1648 1820 1758 1882 eccle-

962 1918 1096 1981 siastica
1109 1920 1245 1981 careant
1255 1919 1435 1996 sepultura.
1446 1919 1644 1980 caeterumsi
1654 1918 1756 1979 alicui

961 2016 1199 2078 monachorum
1219 2016 1344 2093 aliquid
1364 2030 1605 2093 aquocumque
1627 2017 1757 2092 specia-

962 2113 1038 2176 liter
1059 2113 1171 2176 datum
1190 2112 1300 2184 luerit,
1319 2112 1400 2172 illud
1417 2111 1539 2183 abbati,
1564 2112 1615 2173 vel
1631 2113 1756 2175 decano

961 2211 1118 2287 resignet,
1129 2211 1185 2271 sed
1197 2210 1268 2287 ipse
1282 2209 1394 2281 abbas,
1412 2210 1464 2271 vel
1480 2210 1625 2271 decanum
1639 2225 1758 2272 neces-

961 2307 1114 2371 sitatibus
1136 2311 1209 2386 ejus
1232 2307 1309 2369 inde
1337 2307 1439 2369 faciat
1462 2307 1648 2384 provideri,
1671 2309 1757 2371 sicut

961 2407 1082 2468 viderit
1095 2405 1265 2482 expedire,
1280 2420 1342 2466 nec
1354 2420 1407 2476 ea,
1420 2420 1494 2481 quae
1506 2404 1638 2466 suntad
1652 2404 1756 2467 retec-

960 2504 1069 2566 tiones
1080 2506 1138 2565 aut
1146 2504 1266 2573 vestes,
1281 2517 1341 2563 seu
1351 2502 1754 2578 conserventurperillos,

961 2601 1081 2680 quibus
1098 2600 1199 2663 luerit
1220 2599 1292 2661 baec
1306 2598 1495 2661 sollicitudo
1518 2599 1704 2670 commissa,
1723 2604 1757 2662 et

961 2715 1021 2778 pro
1051 2700 1199 2776 ipsorum
1231 2697 1471 2758 monachorum
1504 2697 1756 2759 necessitatibus

961 2797 1089 2860 utiliter
1097 2795 1337 2875 expendantur.

1001 2897 1070 2958 Nec
1092 2894 1320 2956 claustralium
1339 2893 1462 2971 aliquis
1479 2893 1685 2971 praebendas,
1702 2896 1753 2956 vel

961 2993 1109 3055 redditus
1124 2993 1245 3054 habeat
1259 2993 1355 3054 extra
1368 2992 1562 3063 claustrum,
1577 2994 1610 3053 et
1624 2993 1684 3061 eis,
1699 2994 1755 3071 qui

962 3093 1144 3154 noscuntur
1161 3089 1295 3160 babere,
1320 3089 1451 3166 penitus
1467 3089 1672 3161 auferantur,
1697 3091 1757 3152 de-

961 3204 1066 3251 canus
1089 3203 1219 3266 quoque
1233 3187 1357 3248 babere
1378 3186 1523 3261 duplicia
1543 3187 1752 3258 vestimenta,

962 3287 995 3348 et
1009 3285 1167 3363 specialia
1186 3284 1313 3346 cibaria
1329 3299 1395 3344 non
1409 3285 1599 3360 praesumat,
1623 3286 1657 3345 et
1679 3299 1755 3345 mo-

962 3383 1089 3444 rachus
1108 3385 1224 3444 vetera
1238 3380 1365 3452 reddat,
1381 3380 1655 3458 quandocumque
1670 3396 1755 3445 nova

961 3482 1124 3558 receperit
1139 3480 1344 3541 indumenta.

1001 3580 1041 3640 st
1056 3595 1130 3640 cum
1150 3577 1237 3656 apud
1247 3579 1383 3654 vosjam
1394 3577 1490 3654 quasi
1503 3591 1563 3654 pro
1576 3578 1757 3640 consuetu-

961 3675 1038 3737 dine
1057 3675 1180 3737 dicitur
1204 3675 1366 3746 obtinere,
1394 3674 1429 3734 ut
1453 3690 1527 3735 curn
1556 3675 1755 3737 monachum

961 3774 1106 3850 aliquem
1120 3771 1356 3848 irreligiosum,
1376 3772 1434 3831 aut
1448 3772 1631 3847 garrulum,
1646 3773 1758 3834 inobe-

961 3871 1118 3941 dientem,
1143 3870 1201 3931 aut
1226 3870 1325 3930 etiam
1354 3869 1556 3944 impudicum
1584 3870 1619 3930 in
1646 3873 1757 3933 vestro

961 3968 1099 4044 contigit
1110 3967 1249 4042 collegio
1266 3965 1429 4035 invenire,
1455 3965 1556 4026 abbas
1575 3968 1648 4044 ejus
1668 3969 1757 4030 sedi-

960 4066 1068 4126 tiones
1083 4064 1212 4125 evitans
1222 4062 1439 4132 obedientias,
1456 4063 1626 4135 ecclcsias,
1641 4065 1755 4126 atalia

961 4162 1047 4224 bona
1059 4160 1253 4222 monasterii
1264 4159 1318 4220 det
1328 4158 1647 4230 eisdem‚undemali
1658 4163 1756 4238 quasi

961 4260 1073 4321 desua
1088 4257 1215 4318 malitia
1230 4255 1436 4318 commodum
1451 4258 1659 4332 reportantes
1672 4273 1754 4335 pro-

960 4345 1128 4428 labuntur,
1149 4355 1272 4432 saepius
1296 4353 1337 4414 ad
1359 4356 1485 4430 pejora,
1503 4354 1537 4415 et
1554 4353 1612 4414 alii
1625 4371 1755 4434 quoque

960 4454 1001 4515 ad
1013 4454 1249 4523 dissensiones,
1261 4453 1294 4513 et
1308 4449 1464 4511 scandala
1480 4451 1679 4526 incitantur;
1695 4469 1756 4515 vo-

960 4549 1069 4610 lumus
1083 4551 1116 4610 et
1135 4547 1341 4617 mandamus,
1358 4549 1394 4606 ut
1408 4545 1510 4607 abbas
1528 4546 1619 4608 viros
1638 4547 1756 4608 hones·

960 4648 1021 4718 tos,
1034 4646 1236 4717 obedientes,
1251 4644 1438 4719 religiosos,
1448 4644 1610 4719 etgraves
1623 4645 1754 4706 sincera

959 4747 1104 4809 uacare
1115 4744 1246 4805 studeat
1260 4743 1410 4803 caritate.
1429 4743 1465 4800 ln
1485 4740 1641 4802 honestos
1660 4757 1752 4813 vero,

960 4861 999 4906 ac
1013 4842 1250 4911 inobedientes
1267 4840 1446 4900 dissolutos
1461 4839 1495 4899 et
1506 4838 1595 4898 leves
1613 4853 1686 4899 cum
1702 4839 1755 4900 de-

960 4941 1047 5012 cani,
1061 4942 1094 5002 et
1108 4939 1276 5000 seniorum
1296 4935 1437 4997 consilio
1452 4937 1550 5012 juxta
1571 4938 1753 5000 monastica

959 5039 1076 5118 puniat
1087 5035 1249 5104 instituta,
1266 5036 1302 5096 nt
1319 5035 1368 5094 sic
1388 5032 1466 5093 boni
1480 5033 1520 5094 de
1532 5032 1619 5095 bono
1633 5050 1755 5111 provo-

960 5141 1076 5199 centur
1089 5133 1130 5195 ad
1142 5132 1271 5203 melius,
1288 5133 1322 5193 et
1336 5131 1415 5192 mali
1432 5147 1452 5192 a
1474 5146 1534 5193 sua
1550 5132 1677 5193 malitia
1699 5148 1755 5194 re-

958 5235 1129 5296 vocentur.

998 5326 1240 5390 claustralibus
1250 5328 1361 5390 autem
1378 5327 1502 5404 absque
1518 5325 1704 5396 manifesta,
1721 5331 1753 5389 et

959 5426 1150 5489 necessaria
1162 5425 1445 5487 causaexeundia
1462 5425 1607 5485 claustro
1619 5422 1752 5487 licentia

959 5524 1148 5586 nullatenus
1171 5522 1347 5593 tribuatur,
1372 5538 1447 5583 oum
1469 5521 1693 5597 periculosum
1709 5525 1754 5585 sit

959 5621 1080 5684 talibus
1099 5620 1310 5681 saecularium
1325 5618 1464 5680 coetibus
1485 5617 1677 5693 admisceri3
1693 5636 1752 5681 nec

1597 5751 1611 5807 7
