3774 6186
54 389 115 450 aaa

393 556 521 645 CCGV

82 691 136 752 Ad
146 690 304 767 priorem
318 690 352 752 ot
367 691 557 766 ruptilium
569 689 688 753 Sancti
705 691 823 753 Ursini

332 788 572 850 Bilurtccitsts.

339 901 374 959 26
389 909 471 960 mart.
490 902 569 960 llil.

102 1007 223 1073 [Regesl.,
233 1006 278 1058 lib.
290 1007 320 1065 V,
333 1022 373 1072 ep.
388 1005 443 1058 ise.
456 1008 515 1058 llss.
528 1009 565 1060 La
574 1008 649 1060 Porto
660 1007 695 1058 dn
708 1007 802 1073 Theti]

55 1114 207 1183 statutum,
223 1129 280 1186 quo
295 1129 430 1173 numerus
447 1115 652 1173 canonicomm
673 1115 702 1172 ln
724 1115 851 1189 ipsorum

91 1202 213 1260 ecclesia
246 1201 282 1260 ad
307 1210 440 1261 octavum
473 1201 618 1262 decimum
646 1203 851 1262 determinatus

91 1298 162 1360 erat,
179 1291 347 1349 auctoritate
360 1292 523 1365 Apostolica
538 1292 699 1351 conllrmat.

95 1399 275 1468 Honorius,
289 1402 365 1473 etc,
379 1399 510 1463 dilectis
529 1400 608 1463 liliis
624 1400 727 1478 priori
745 1400 778 1463 el
792 1415 852 1462 ca·

56 1495 163 1573 pitulo
179 1498 292 1558 Sancti
305 1498 420 1560 Ursini
435 1498 616 1560 Bituricen.

96 1594 320 1656 Ecclesiarum
330 1596 469 1658 utilitati
479 1611 518 1657 ac
530 1595 765 1673 tranquillitati
775 1610 852 1657 con·

56 1691 179 1754 sulltur
192 1707 266 1754 cum
282 1708 441 1754 numerus
460 1708 677 1770 personarum
697 1692 850 1755 servien-

54 1789 140 1852 tium
155 1791 190 1850 in
204 1789 329 1852 eisdem
345 1806 462 1851 earnm
483 1790 698 1853 facultatibus
713 1790 851 1869 provide

55 1888 242 1963 coaptatur.
263 1890 369 1960 Quum
389 1888 492 1965 igitur
507 1888 548 1950 de
565 1904 731 1951 consensu
748 1904 852 1950 vene-

54 1984 174 2046 rabilis
201 1984 316 2047 fratris
341 1985 448 2049 nostri
476 1988 510 2047 S.
532 1986 715 2050 Bituricen.
738 1982 852 2049 archi·

55 2082 204 2160 episcopi
229 2085 382 2145 octavum
405 2083 570 2145 decimum
599 2084 850 2161 prebendarum

56 2195 232 2242 numerum
248 2182 283 2242 in
296 2181 438 2244 ecclesia
451 2184 573 2254 vestra,
588 2183 735 2259 pensatis
750 2180 853 2244 facul·

54 2278 180 2341 tatibus
212 2281 302 2357 ems,
334 2279 500 2341 duxeritis
531 2280 761 2353 statuendum,
790 2296 852 2343 nos

55 2376 211 2455 precibus
226 2376 346 2439 vestris
360 2376 542 2454 benignum
553 2379 781 2456 impertientes
796 2394 853 2440 as-

55 2490 202 2547 sensum,
218 2476 376 2538 statutum
392 2475 512 2552 ipsum,
528 2476 615 2538 sicut
629 2477 684 2553 pia
703 2476 853 2539 conside-

55 2572 238 2635 rationeae
249 2571 491 2635 deliberatione
503 2572 776 2649 providafactum
787 2574 849 2646 est,

56 2670 135 2732 etin
146 2670 252 2746 ipsius
263 2670 507 2748 archiepiscopi
518 2671 638 2733 litteris
649 2672 850 2745 continetur,

55 2768 253 2832 auctoritate
261 2768 453 2845 Apostolioa
466 2769 713 2842 confirmamus,
725 2772 759 2832 et
770 2785 853 2847 prae·

55 2865 161 2926 sentis
174 2866 291 2943 scripti
311 2866 497 2943 patrocinio
520 2868 774 2929 communimus.
791 2870 851 2929 ln-

55 2962 209 3026 hibentes
221 2979 264 3026 ne
280 2964 354 3041 quis
369 2964 411 3025 ad
426 2967 588 3041 majorem
600 2980 776 3027 numerum
790 2980 851 3027 vos

58 3061 237 3138 compellat
263 3062 397 3131 invitos,
422 3063 489 3123 nisi
512 3062 595 3126 adeo
613 3064 853 3135 excrescerent

59 3157 165 3235 ipsius
179 3158 331 3221 ecclesiae
352 3158 538 3234 facultates
555 3160 642 3238 quod
659 3161 760 3222 etiam
776 3175 854 3237 per-

55 3270 217 3319 sonarum
245 3273 404 3319 numerus
431 3258 602 3321 videretur
630 3260 749 3321 merito
774 3274 851 3320 am-

57 3354 232 3431 pliandus;
253 3355 346 3417 salvo
367 3354 526 3418 nimirum
541 3357 576 3417 in
596 3357 854 3435 omnibusllpo-

58 3451 187 3513 stolicis
211 3452 306 3513 Sedis
334 3453 502 3515 mandato.
531 3454 624 3515 Nulli
652 3469 745 3531 ergo,
774 3456 851 3528 etc,

58 3550 180 3611 nostroe
191 3550 452 3612 confirmationis
467 3551 501 3613 et
513 3551 722 3614 inhibitionis
736 3551 855 3615 inirin-

57 3661 150 3722 gere,
172 3649 236 3708 etc.
254 3647 288 3708 Si
305 3648 379 3725 quis
395 3650 518 3720 aulem,
534 3650 598 3711 etc.
620 3651 738 3712 Datum
753 3651 851 3713 Late·

56 3744 145 3816 rani,
161 3746 221 3807 Vll
232 3744 393 3807 kalendas
403 3745 531 3824 aprilis,
548 3746 760 3824 pontificatus
773 3763 855 3810 nos-

57 3842 100 3905 tri
116 3858 204 3904 anno
217 3843 344 3922 quinto.

381 3985 530 4075 dcdv1

177 4120 230 4180 Ad
242 4121 289 4181 Η.
303 4120 337 4182 et
352 4122 388 4182 S.
403 4121 546 4183 comites
559 4123 601 4182 de
620 4123 732 4198 Veplo.

341 4232 377 4291 29
389 4240 473 4291 mart.
488 4234 568 4292 llil.

208 4338 298 4404 [Peion
309 4340 370 4392 Cod.
382 4340 554 4404 diplom.,111,
566 4354 585 4399 l,
597 4356 623 4406 p.
636 4339 705 4407 iffi]

106 4439 165 4495 Eos
179 4437 300 4496 tuendos
311 4439 431 4512 suscipit
445 4446 473 4497 et
485 4438 595 4512 aliquas
610 4439 807 4512 possessiones

377 4528 538 4586 coullrmat.

98 4634 458 4712 Honoriusepiscopus,
470 4651 587 4698 servus
597 4652 770 4699 servorum
779 4636 851 4711 Dei,

58 4729 189 4793 dilectis
202 4731 280 4793 tiliis
294 4731 465 4794 nobilibus
479 4733 562 4795 viris
581 4736 622 4796 li.
638 4736 672 4797 et
687 4736 734 4807 S..
748 4734 855 4799 comi-

58 4828 146 4890 tibus
161 4829 202 4890 de
216 4830 333 4907 vegla,
348 4831 502 4904 salutem,
518 4833 581 4894 etc.

98 4928 330 5003 sacrosancta,
347 4929 424 5001 etc,
443 4944 552 5004 usgue
572 4929 762 4993 confovere.
782 4933 852 4993 lia-

57 5026 203 5101 propter,
220 5026 296 5097 etc,
309 5040 417 5101 usqam
431 5042 581 5089 assensu.
595 5030 762 5091 Personas
775 5044 854 5091 ves-

57 5124 128 5183 tras
159 5121 220 5184 sub
252 5122 341 5185 beati
376 5126 581 5201 protectione
614 5125 705 5188 Petri
740 5128 853 5190 susci·

59 5219 188 5296 pientes
216 5221 250 5282 et
277 5224 407 5294 nostra,
437 5224 580 5300 quatuor
609 5224 737 5286 insulas
765 5225 853 5287 inter

58 5317 230 5395 Spalatum
249 5319 283 5380 et
301 5319 413 5381 Ulmes
437 5320 530 5393 sitas,
552 5320 709 5384 videlicet
731 5324 852 5385 Faram

57 5417 90 5477 et
104 5418 274 5488 Braczam,
295 5419 475 5479 Gorzuram
490 5420 524 5480 et
538 5420 757 5495 Langurstam
776 5437 851 5483 cum

58 5511 208 5589 parvulis
233 5512 354 5574 insulis
377 5514 411 5577 et
430 5515 508 5577 aliis
531 5516 742 5593 pertinentiis
767 5519 849 5593 suis,

56 5626 140 5687 quas
167 5610 396 5673 intelleximus
421 5614 632 5676 carissimum
658 5615 694 5677 in
719 5616 850 5680 Christo

56 5708 163 5770 illium
185 5709 348 5784 nostrum,
363 5724 476 5788 regem
497 5714 733 5791 Hungarorum
753 5715 852 5779 illus·

682 386 913 451 umerum.
935 388 1015 451 LIB.
1037 386 1077 449 V.

903 548 1000 620 trem,
1016 547 1053 609 ln
1067 547 1410 626 recompensationem
1431 548 1611 613 multorum
1625 563 1701 612 ser-

903 644 1073 717 vitiorum,
1089 662 1163 723 quae
1180 644 1401 709 exhibueritis
1415 645 1535 721 eidem,
1552 645 1593 711 de
1605 662 1699 711 mera

903 741 999 804 vobis
1016 740 1217 805 liberalitate
1239 743 1392 816 donasse,
1408 744 1496 807 sicut
1509 760 1549 806 ea
1559 744 1650 823 juste
1665 743 1700 807 et

904 840 1043 917 pacillce
1057 840 1248 917 possidetis,
1267 840 1349 902 etin
1367 842 1589 904 instrumento
1607 841 1699 918 regis

904 936 1009 1014 ipsius
1024 937 1174 1000 coniecto
1187 938 1309 1001 exinde
1327 939 1525 1012 continetur,
1547 939 1699 1002 auctori·

903 1036 972 1097 tate
984 1035 1078 1097 vobis
1090 1035 1282 1112 Apostolioa
1294 1036 1541 1109 confirmamus,
1558 1036 1592 1099 et
1604 1052 1698 1116 prse-

904 1133 1008 1194 sentls
1018 1132 1134 1210 scripti
1144 1133 1329 1210 patrocinio
1340 1134 1592 1196 communimus.
1606 1132 1699 1196 Nulli

905 1245 986 1306 ergo
997 1230 1132 1291 omnino
1145 1230 1316 1292 hominum
1329 1231 1429 1294 liceat
1440 1231 1528 1294 bane
1541 1232 1699 1310 paginam

904 1330 1027 1390 nostrae
1046 1328 1262 1406 protectionis
1281 1328 1476 1406 infringere,
1491 1329 1546 1391 vel
1567 1329 1599 1392 ei
1613 1344 1700 1391 ausu

906 1425 1082 1488 temerario
1104 1427 1283 1488 contraire.
1300 1426 1335 1489 Si
1350 1428 1425 1504 quis
1440 1428 1550 1489 autem
1564 1426 1629 1489 boc
1645 1426 1700 1489 at·

904 1525 1033 1585 tentare
1043 1524 1302 1601 praesumpserit,
1319 1524 1582 1601 indignationem
1595 1524 1701 1585 omni·

904 1622 1049 1699 potentis
1069 1622 1145 1695 Dei,
1169 1625 1203 1683 et
1227 1619 1401 1683 beatorum
1427 1623 1518 1684 Petri
1546 1621 1580 1684 et
1601 1620 1700 1683 Pauli

905 1719 1129 1796 apostolorum
1154 1723 1227 1796 ejus
1252 1734 1289 1780 se
1310 1720 1442 1781 noverit
1469 1720 1696 1781 incursurum.

905 1819 1023 1879 Datum
1034 1818 1200 1888 Laterani,
1216 1820 1259 1879 1v
1272 1816 1433 1879 kalendas
1448 1816 1576 1896 aprilis,
1591 1816 1699 1897 ponti·

906 1915 1023 1977 ficalus
1037 1915 1143 1977 nostri
1154 1931 1244 1978 anno
1259 1914 1385 1993 quinte.

1217 2085 1387 2173 cccvii

1032 2219 1085 2280 Ad
1103 2221 1300 2295 episcopum
1323 2222 1572 2282 Parisiorum.

1088 2358 1096 2371 ·
1185 2333 1217 2390 31
1240 2339 1323 2391 mart.
1342 2333 1420 2391 1221.
1449 2339 1460 2366 ⁸

929 2437 1049 2502 [Regest.,
1062 2437 1109 2489 lib.
1122 2438 1153 2497 V,
1165 2438 1240 2503 epist.
1253 2439 1310 2489 too.
1327 2440 1385 2490 llss.
1399 2439 1435 2489 La
1445 2437 1522 2489 Porto
1533 2437 1568 2487 dn
1582 2437 1676 2503 Thell]

907 2528 985 2603 Facit
999 2545 1025 2602 ei
1041 2553 1210 2618 potestatem
1225 2546 1254 2602 in
1269 2544 1402 2604 omnibus
1421 2545 1550 2603 ecclesiis
1563 2542 1617 2602 sibi
1634 2545 1702 2618 lege

940 2631 1103 2691 dioeeesana
1123 2633 1271 2706 subjectis,
1292 2635 1389 2692 omnis
1408 2632 1643 2706 ordinandique
1664 2631 1703 2691 ad

941 2736 1025 2779 suum
1040 2723 1208 2795 cognoverit
1222 2721 1348 2781 olllclum
1361 2724 1514 2797 pertinere.

945 2831 1126 2904 Honorius,
1142 2832 1218 2905 otc,
1234 2831 1419 2895 venerabili
1433 2830 1532 2895 fratri
1545 2830 1701 2911 episcopo

906 2927 1070 2989 Parisien.

946 3027 992 3087 Ea
1007 3041 1081 3104 quae
1096 3025 1192 3088 nobis
1210 3041 1269 3104 per
1282 3026 1358 3089 tuas
1376 3026 1506 3089 litteras
1525 3024 1700 3099 intimasti,

906 3118 940 3187 et
954 3140 1028 3201 quae
1047 3123 1188 3186 dilectus
1208 3123 1297 3186 lilius
1317 3126 1351 3185 (i.
1368 3125 1542 3203 presbyter
1563 3123 1703 3185 nuntius

906 3220 983 3283 tuus
1002 3236 1045 3283 ex
1066 3226 1160 3299 parte
1180 3222 1237 3283 tua
1260 3222 1391 3284 curavit
1414 3236 1600 3300 proponere
1624 3220 1702 3284 viva

906 3334 1004 3390 voce,
1026 3318 1217 3380 audivimus
1246 3318 1438 3396 diligenter,
1467 3319 1558 3382 etin
1582 3318 1703 3396 quibus

907 3416 1074 3494 potuimus
1094 3416 1249 3479 exaudiri
1271 3417 1473 3490 curavimus,
1486 3414 1647 3479 babentes
1668 3416 1703 3477 in

907 3514 1002 3576 llrmo
1014 3514 1183 3593 proposito
1203 3513 1264 3577 libi
1277 3516 1433 3593 tanquam
1448 3514 1492 3586 ei,
1512 3530 1611 3592 quem
1626 3513 1702 3575 sin-

907 3628 984 3674 cera
1003 3612 1040 3673 in
1060 3613 1200 3674 Domino
1219 3613 1359 3675 caritate
1374 3611 1556 3688 diligimus,
1577 3611 1703 3674 favoris

906 3709 1090 3787 Apostolici
1102 3710 1245 3786 gratiam
1258 3710 1293 3771 in
1307 3709 1569 3789 quibuscumque
1581 3709 1705 3772 decue-

907 3807 962 3878 rit,
976 3809 1010 3869 et
1028 3807 1165 3884 petieris
1184 3807 1353 3869 exhibere.
1375 3808 1573 3885 Specialiter
1591 3808 1704 3869 autom

907 3920 1065 3983 supereo
1085 3904 1171 3982 quod
1195 3904 1341 3981 capitula
1355 3904 1520 3965 Parisien.
1547 3903 1704 3966 dioecesis

906 4000 1039 4080 publice
1061 4003 1226 4073 asserunt,
1250 4001 1335 4063 sicut
1355 4001 1440 4063 dicis
1461 4004 1494 4064 te
1517 4001 1642 4063 nullam
1667 4001 1704 4063 ln

907 4115 965 4161 eos
978 4098 1248 4177 jurisdictionem
1263 4096 1397 4173 habere,
1412 4099 1627 4176 praesentium
1640 4097 1704 4162 tibi

907 4196 1704 4274 auctoritatemandamus,quatenusinomnibus
1738 4214 1746 4227 ·

907 4294 1060 4357 ecclesiis
1079 4294 1140 4358 tibi
1163 4295 1237 4371 lege
1260 4295 1450 4357 dioecesana
1472 4292 1704 4373 subjectione

907 4394 1021 4456 nostro
1034 4392 1149 4454 lavore
1163 4408 1313 4462 securus,
1328 4408 1369 4454 ea
1381 4392 1485 4454 libere
1498 4392 1614 4465 iacias,
1629 4407 1704 4471 quae

908 4491 949 4553 ad
964 4492 1057 4553 tuum
1078 4491 1252 4567 cognoscis
1271 4490 1418 4553 osticium
1433 4491 1612 4569 pertinere.
1631 4493 1702 4553 Da·

907 4589 976 4652 tum
996 4589 1163 4662 laterani,
1183 4592 1212 4651 ΙΙ
1230 4588 1391 4651 kalendas
1414 4589 1543 4667 aprilis,
1567 4586 1704 4668 pontill-

907 4688 1001 4749 catus
1016 4686 1124 4751 nostri
1138 4703 1226 4749 anno
1241 4687 1369 4765 quinto.

1209 4864 1399 4953 dccviii

906 4999 960 5058 Ad
972 4999 1181 5060 Geraestum
1198 4999 1407 5072 episcopum,
1419 4998 1637 5059 Gutuelmum
1649 5000 1708 5060 ob-

927 5095 1051 5168 baim,
1063 5096 1098 5157 ot
1105 5097 1264 5171 priorem
1275 5096 1311 5156 S.
1324 5094 1475 5156 Martini
1487 5096 1683 5173 Sopieoses.

1200 5211 1213 5267 l
1231 5209 1313 5282 april.
1326 5209 1405 5267 liii.

938 5314 1062 5381 [Bmssek
1071 5316 1184 5367 &amen
1197 5314 1241 5366 des
1252 5316 1349 5366 llelsen
1360 5317 1463 5375 Franco,
1475 5321 1496 5366 t.
1509 5315 1542 5374 ll,
1552 5329 1579 5380 p.
1591 5314 1674 5382 lori]

907 5425 956 5483 Eis
974 5424 1126 5482 committit
1141 5422 1341 5496 inquirendam
1356 5430 1385 5481 et
1401 5422 1612 5481 terminandam
1633 5438 1704 5482 enu-

941 5527 1015 5582 sam,
1032 5520 1191 5571 vertentem
1215 5513 1289 5571 inter
1310 5514 1424 5571 Petrum
1453 5512 1705 5587 archiepiscopum

942 5604 1139 5663 senonensem
1147 5602 1337 5661 etlilancbsm
1345 5601 1703 5676 comitissamcampsnie.

945 5711 1619 5793 Honoriusepiscopus,serrusservorum
1630 5713 1703 5787 bel,

1638 388 1699 453 m
1829 388 1836 393 .
