3774 6186
10 248 14 253 ⁵
66 302 128 364 666

64 463 163 537 16666
187 457 232 522 ad
252 461 341 523 viam
371 460 579 524 rectitudinis
602 476 772 536 revocare,
797 479 861 525 no-

66 559 229 624 bilitatem
249 560 341 620 tuam
361 575 532 622 monemus
547 561 579 621 et
594 560 809 622 exhortamur
824 562 859 622 in

64 658 216 727 Domino,
232 673 290 733 per
316 659 504 734 Apostolica
528 658 587 720 tibi
615 658 737 735 scripta
759 675 857 718 man-

65 754 443 831 dantesquatenusapud
453 756 661 831 temetipsum
671 757 858 831 recogitans

65 853 179 929 quanti
192 852 331 929 periculi
342 853 396 922 sit,
405 852 489 929 quod
502 853 648 928 precisus
659 868 695 912 66
706 852 748 913 ab
759 853 858 914 eccle

64 949 200 1010 siastica
213 950 349 1021 unitate,
367 950 406 1010 ad
419 950 527 1009 sinum
539 950 706 1018 Ecclesiae,
720 965 792 1026 quae
804 966 860 1026 pa·

63 1047 137 1107 rata
150 1050 200 1108 esi
213 1047 360 1123 recipere
372 1047 559 1117 redeuntes,
568 1047 739 1109 humiliter
750 1063 859 1108 rever·

63 1141 160 1209 teris,
170 1142 203 1201 in
221 1141 373 1201 manibus
388 1158 462 1202 ven.
477 1141 589 1203 fratris
600 1143 704 1204 nostri
721 1145 755 1202 C.
770 1146 856 1204 Por-

64 1239 537 1315 166666166661,6666661166
552 1240 645 1299 Sedis
662 1239 762 1315 legati
773 1256 859 1316 6666-

65 1337 860 1412 oisejurando,etpraestandoaliasidoneascau·

64 1434 183 1504 tiones,
196 1434 279 1511 qnod
293 1434 424 1510 parebis
440 1435 603 1495 mandatis
619 1434 770 1494 omnibus
785 1451 857 1510 qum

64 1547 125 1592 nos
137 1532 188 1592 vel
201 1533 272 1608 ipse
290 1531 349 1593 tibi
361 1532 554 1592 duxerimus
569 1531 736 1606 facienda3
749 1534 858 1593 sciens

64 1629 204 1705 quodsi
231 1645 310 1689 usus
337 1629 488 1698 consilio,
506 1629 593 1689 insra
615 1629 698 1689 duos
727 1645 858 1690 menses

64 1729 139 1802 post
155 1728 398 1803 susceptionem
410 1727 623 1803 praesentium
638 1726 757 1787 leceris
771 1726 858 1803 quod

64 1823 247 1894 hortamur,
264 1840 323 1885 nos
337 1829 638 1900 quantumcumque
648 1825 743 1885 Sedis
756 1805 868 1900 Apos'

64 1922 173 1983 tolicae
189 1923 330 1996 gratiam
352 1922 567 1993 demerueris,
581 1923 621 1982 ad
634 1922 857 1998 provisionem

63 2020 155 2079 tuam
174 2019 214 2079 de
237 2035 301 2095 qua
325 2020 425 2080 Sedes
444 2021 644 2094 Apostolica,
663 2022 698 2080 ut
722 2020 858 2096 praedic-

64 2118 133 2177 tum
146 2121 206 2188 est,
219 2118 270 2193 pie
286 2116 326 2177 ab
343 2117 437 2178 initio
451 2118 608 2192 cogitavit
624 2117 733 2178 taliter
747 2118 858 2178 inten-

63 2214 194 2284 demus,
211 2214 296 2291 quod
312 2217 495 2274 Romanam
519 2215 701 2275 Ecclesiam
722 2230 802 2290 erga
823 2218 857 2276 te

63 2312 180 2373 matris
200 2313 327 2372 viscera
344 2311 500 2373 fateberis
515 2311 684 2373 hahuisse.
700 2312 857 2388 Alioquin

63 2409 189 2470 habeas
203 2426 262 2487 pro
277 2410 453 2481 constanti,
471 2411 668 2487 quodetiam
683 2426 741 2487 spe
751 2426 858 2471 roser·

62 2509 149 2569 vatae
171 2508 371 2583 provisionis
391 2511 421 2568 te
436 2507 570 2568 omnino
584 2508 798 2584 privabimus,
825 2510 858 2570 61

62 2619 123 2681 666
150 2606 348 2666 sententiam
380 2620 538 2681 expresse
560 2604 620 2666 tibi
644 2605 856 2682 abjudicabi-

701 302 929 365 spisrobdo.
953 303 1031 363 LIB.
1055 301 1093 361 V.

1651 300 1710 361 831

913 478 976 540 666
1001 460 1181 539 6661661666
1196 459 1313 522 fideles
1337 458 1393 521 ubi
1419 459 1618 521 videbantur
1637 476 1711 522 amd

913 559 999 635 plius
1025 557 1198 619 defecisse.
1224 560 1263 620 nt
1289 559 1325 620 ut
1349 557 1388 617 de
1413 557 1525 618 multis
1547 558 1710 635 exemplis

913 656 1023 733 aliqua
1048 655 1265 732 proteramus,
1283 655 1457 726 Philistaei,
1474 671 1553 716 arca
1578 655 1711 716 bomini

913 755 1020 829 capta,
1052 752 1221 813 1666611166
1248 752 1288 812 ad
1315 753 1380 813 ima
1401 752 1587 828 depressos,
1614 755 1710 814 etse

913 850 1076 911 exaltatos
1092 849 1132 910 ad
1144 849 1299 921 sublimia
1315 849 1544 924 crediderunt;
1566 849 1623 910 sed
1632 865 1711 911 mox

912 949 1093 1023 aggravata
1105 963 1222 1007 manns
1232 947 1361 1007 bomini
1375 962 1551 1022 superem,
1563 946 1709 1023 ipsorum

914 1045 1059 1106 fastuosa
1087 1045 1188 1105 elatio
1209 1044 1347 1114 corruit,
1364 1047 1397 1105 et
1412 1044 1633 1104 bumilitatem
1656 1046 1710 1104 Is-

913 1141 1056 1203 raelitici
1087 1141 1201 1218 populi
1239 1141 1440 1202 miraculosa
1481 1141 1589 1216 ipsius
1621 1156 1709 1201 66666

912 1239 1030 1300 6616116
1045 1239 1215 1300 exaltavit.
1240 1239 1294 1298 Sic
1318 1239 1470 1299 Samaria
1490 1237 1624 1298 obsessa
1641 1240 1710 1298 tarn

913 1337 1013 1407 arcte,
1024 1339 1057 1397 et
1068 1337 1161 1397 tanta
1176 1336 1273 1396 lamis
1295 1335 1474 1396 afflictione
1490 1351 1659 1413 oppressa,
1674 1336 1710 1396 61

913 1435 1011 1509 66661
1044 1434 1131 1493 66161
1169 1435 1336 1509 octoginta
1379 1433 1508 1510 argenti
1547 1433 1711 1494 vendere·

913 1533 976 1601 tur,
1003 1546 1064 1591 noc
1078 1533 1149 1606 J'am
1164 1531 1331 1591 videretur
1350 1530 1416 1590 uisi
1433 1529 1610 1591 deditionis
1626 1547 1710 1591 con-

913 1629 1024 1688 silium
1047 1643 1239 1705 superesse;
1257 1627 1370 1688 divina
1406 1627 1553 1704 potentia
1577 1629 1709 1688 saturos

914 1724 1104 1786 obsessores
1123 1725 1158 1784 in
1179 1725 1290 1801 lugam
1313 1725 1511 1785 miraculose
1533 1725 1707 1795 convertit,

913 1824 945 1884 et
955 1821 1107 1883 obsessos
1122 1822 1293 1883 famelicos
1306 1823 1484 1898 insperatae
1497 1820 1709 1883 abundantiae

913 1920 1064 1982 satietate
1085 1919 1211 1981 reiecit.
1230 1920 1284 1981 Sic
1299 1935 1377 1995 rege
1391 1918 1603 1996 Assyriorum
1618 1919 1710 1981 obsi-

912 2017 1009 2078 dente
1034 2018 1221 2079 Jerusalem
1242 2018 1275 2078 et
1302 2018 1384 2078 adeo
1413 2017 1448 2077 in
1473 2033 1534 2077 sua
1561 2017 1710 2094 potentia

911 2115 1087 2190 gloriante,
1105 2116 1141 2176 ut
1160 2116 1227 2175 Deo
1243 2115 1367 2176 viventi
1383 2115 1482 2175 etiam
1498 2113 1708 2191 exprobaret,

912 2211 1098 2283 multitudo,
1111 2211 1146 2273 in
1159 2227 1224 2289 qua
1235 2210 1430 2284 confidebat,
1443 2213 1562 2287 angelo
1578 2213 1709 2273 Domini

913 2309 1117 2385 percutiente
1145 2324 1211 2369 una
1239 2309 1336 2371 nocto
1363 2308 1499 2381 interiit,
1528 2311 1561 2371 et
1581 2299 1720 2386 eosqui'

912 2406 1031 2467 nonde
1053 2406 1209 2468 humanis
1232 2407 1370 2479 viribus,
1385 2408 1442 2469 sed
1455 2408 1495 2469 de
1510 2408 1581 2469 sola
1596 2407 1709 2469 divina

912 2503 1141 2564 misericordia
1173 2503 1394 2576 confidebant,
1423 2504 1482 2565 Dei
1498 2505 1642 2581 potentia
1668 2503 1709 2566 da

912 2599 1094 2660 obsidionis
1116 2602 1271 2676 angustia
1300 2601 1464 2663 liberavit.
1490 2602 1583 2663 Licet
1606 2602 1709 2678 igitur

62 2718 136 2762 mus
151 2703 252 2764 etiam
266 2703 388 2764 dictam
403 2704 527 2764 terram
551 2703 634 2764 citra
659 2702 856 2764 Rhodanum
906 2697 1080 2774 negotium
1096 2697 1184 2769 lldei,
1197 2714 1256 2774 pro
1270 2699 1381 2776 quoin
1400 2698 1549 2776 partibus
1565 2699 1709 2760 Provin-

61 2800 269 2870 existentem‚
299 2815 361 2861 neo
375 2799 522 2860 coutldas
546 2801 581 2860 in
605 2815 644 2860 eo
667 2799 753 2876 quod
769 2815 857 2861 nunc

60 2896 124 2957 tibi
144 2897 344 2958 successisse
356 2897 496 2968 videtur,
512 2897 609 2974 quasi
624 2898 739 2958 contra
754 2899 857 2957 beurn

61 2995 177 3055 valeas
208 2995 401 3071 praevalere,
424 2994 501 3071 quia
528 2995 557 3054 si
583 2993 643 3055 tihi
671 2994 857 3070 abJ'udicari

60 3091 241 3168 contigerit
274 3094 397 3153 terram
424 3092 541 3167 ipsam,
569 3107 738 3168 nunquam
763 3091 857 3151 illam

60 3190 369 3250 excommunicatus
385 3189 440 3249 din
464 3189 589 3265 poteris
608 3190 765 3260 retinere,
782 3203 857 3250 cum

60 3285 104 3345 ab
119 3300 158 3345 ea
173 3286 381 3361 possessione
398 3286 441 3346 sit
456 3284 554 3345 166116
569 3285 679 3361 dejici,
696 3300 769 3362 quae
784 3286 857 3346 sine

55 3384 151 3458 justo
165 3381 262 3442 titulo
278 3383 427 3443 noscitur
448 3381 600 3442 detineri.
626 3384 743 3444 Datum
758 3384 859 3444 Late·

60 3479 149 3552 rani,
164 3480 209 3540 111
224 3495 330 3541 66666
339 3479 428 3556 junii
445 3495 534 3541 anno
547 3479 673 3558 quinto.

351 3739 571 3826 ooooxlll

61 3874 433 3947 dearchiepiscopare
466 3874 796 3948 Rhothomoportscoi
822 3872 856 3934 et

99 3962 341 4037 suffraganeos
381 3965 456 4033 cias
494 3963 777 4035 Rotbomopcnsts
822 3962 855 4022 et

99 4051 280 4110 1161666616
313 4052 590 4123 provinciarum,
631 4050 665 4109 ot
698 4051 856 4124 66616116

100 4151 166 4213 per
181 4141 244 4200 hos
253 4141 455 4213 procinctos
469 4138 682 4199 constitutor.

356 4260 373 4318 3
389 4259 462 4333 junii
483 4260 562 4317 rsit.

99 4367 219 4431 [tlegest.,
231 4365 276 4416 lib,
287 4367 317 4425 V,
328 4367 400 4430 epist
416 4366 470 4416 oio.
482 4368 539 4416 1166.
552 4367 588 4416 ba
596 4366 671 4416 Porta
684 4365 820 4428 dabbath]

60 4473 285 4546 Archiepiscopo
313 4473 467 4531 Rhemensi
486 4475 582 4547 166616
606 4489 657 4546 666
671 4472 724 4530 bas
737 4475 851 4546 provin·

96 4555 156 4610 cias
175 4553 312 4610 adversus
340 4553 489 4610 haereticos
507 4554 660 4611 constituto
682 4554 759 4625 ipsos
783 4552 852 4610 obe·

97 4633 210 4690 dientes
224 4648 289 4690 6666
300 4633 390 4706 jubet.

99 4743 287 4810 Honorius,
316 4742 392 4814 616.,
418 4741 665 4802 venerabilibus
696 4740 854 4802 iratribus

61 4839 313 4916 archiepiscopo
333 4839 573 4915 Rotbomagen.
590 4855 629 4900 ac
651 4842 803 4900 Remens.
822 4840 854 4900 et

60 4937 300 5012 Rothomagen.
330 4937 546 4998 ecclesiarum
572 4936 793 5012 suffraganeis
821 4937 854 4997 et

59 5035 190 5096 dilectis
221 5034 299 5094 111116
330 5033 514 5106 abbatibus,
538 5033 705 5110 prioribus
727 5035 760 5094 et
776 5032 852 5094 aliis

58 5132 276 5193 ecclesiarum
307 5131 465 5209 praelatis,
487 5147 527 5192 ac
548 5131 671 5192 Christi
699 5129 853 5191 fidelibus

59 5230 224 5291 universis
239 5245 299 5306 666
317 5230 504 5291 11666661
525 5229 763 5304 Rothomagen.
780 5244 853 5306 pro-

57 5327 187 5388 vincias
200 5327 397 5397 constitutis,
414 5326 565 5398 salutem,
578 5328 640 5387 etc.

98 5425 237 5486 Divinas
260 5423 470 5485 recensentes
489 5423 649 5485 historias
664 5422 851 5484 invenimus

57 5522 103 5583 ibi
124 5536 256 5599 semper
274 5520 425 5581 infideles
444 5521 580 5598 gravius
600 5519 777 5592 corruisse,
796 5519 852 5581 ubi

57 5620 247 5681 surrexisse
268 5619 369 5681 altius
383 5618 591 5691 videbantur,
607 5616 720 5696 ibique
733 5619 853 5695 praeci-

200 5766 314 5813 rarnou.
330 5753 466 5811 6666111.

911 2795 972 2856 ciae
993 2797 1086 2856 16616
1113 2795 1235 2856 sudore
1262 2795 1446 2858 laboratum
1476 2799 1535 2868 est,
1564 2798 1597 2858 at
1614 2797 1708 2859 tanto

912 2891 1516 2970 laboresudatum,videaturgraviter
1527 2895 1706 2966 corruisse,

912 2989 1014 3051 animi
1028 2992 1138 3050 tamen
1151 2990 1296 3051 fidelium
1308 3006 1374 3051 non
1390 2991 1532 3053 debeant
1544 2992 1580 3052 in
1594 2991 1709 3068 hujus·

912 3085 999 3147 modi
1015 3087 1112 3147 ruina
1125 3086 1311 3158 concidere,
1329 3087 1397 3160 sed,
1408 3089 1493 3164 quod
1510 3092 1559 3150 est
1575 3088 1707 3151 virtutis

912 3184 1094 3260 proprium,
1125 3183 1279 3245 tortiores
1306 3201 1468 3261 exurgere
1490 3186 1524 3245 in
1544 3187 1707 3255 adversis,

912 3298 1008 3341 sunm
1031 3284 1197 3358 jactantes
1224 3282 1258 3342 in
1281 3283 1419 3344 Domino
1438 3284 1627 3359 cogitatum,
1652 3285 1709 3361 qui

912 3380 1005 3440 novit
1029 3379 1129 3440 elisos
1158 3379 1287 3455 erigere
1305 3382 1338 3440 et
1359 3396 1437 3441 suos
1457 3381 1491 3441 in
1509 3380 1581 3457 ipsa
1596 3381 1709 3442 tribn-

911 3477 1045 3539 lationis
1065 3478 1217 3553 angustia
1237 3477 1390 3539 dilatare.
1404 3478 1496 3539 Unde
1513 3494 1573 3540 nos
1592 3478 1634 3539 ad
1650 3495 1707 3540 re·

912 3574 1113 3637 levationem
1132 3576 1237 3651 ipsius
1256 3577 1391 3651 negotii,
1406 3576 1446 3636 de
1466 3577 1578 3637 divina
1590 3576 1709 3638 6661161

911 3672 1142 3732 misericordia
1167 3672 1311 3734 sollicite
1327 3673 1545 3745 intendentes,
1562 3691 1708 3736 venera-

910 3769 969 3828 bili
984 3768 1078 3829 fratri
1093 3772 1205 3830 666166
1228 3772 1384 3832 Remensi
1408 3773 1657 3849 archiepiscopo
1674 3773 1709 3833 in

910 3864 1074 3937 omnibus,
1092 3882 1165 3942 quae
1180 3866 1222 3925 ad
1235 3869 1402 3943 negotium
1419 3869 1527 3944 ipsum
1543 3871 1705 3945 spectant,

910 3961 1086 4039 legationis
1100 3962 1243 4023 officinm
1257 3964 1288 4022 16
1297 3965 1603 4040 provinciisvestris
1614 3967 1709 4026 duxi·

909 4075 983 4119 mus
1008 4060 1289 4129 committendum,
1313 4077 1471 4123 concessa
1496 4063 1527 4124 ei
1555 4063 1707 4139 plenaria

910 4158 1071 4233 potestate
1083 4156 1228 4218 faciendi
1241 4159 1308 4219 tam
1319 4159 1352 4219 in
1365 4158 1592 4235 indulgentiis,
1608 4177 1707 4238 quam

909 4255 944 4315 in
959 4254 1036 4314 aliis
1056 4255 1178 4325 omnia,
1194 4272 1267 4333 quae
1288 4256 1328 4316 ad
1348 4257 1585 4319 relevationem
1601 4258 1707 4334 ipsius

909 4352 1034 4428 negotii
1057 4352 1181 4415 viderit
1205 4353 1375 4429 expedire,
1401 4354 1448 4416 ita
1477 4357 1598 4428 tumen,
1619 4356 1707 4433 quod

909 4451 985 4511 vota
998 4465 1123 4521 eorum,
1139 4450 1196 4527 qui
1211 4452 1435 4528 crucesignati
1451 4455 1580 4515 suntad
1596 4454 1708 4516 subsi-

909 4547 999 4608 dium
1018 4550 1131 4608 Terrae
1158 4549 1287 4610 Sanctae
1315 4551 1470 4610 nolumus
1494 4551 1706 4628 aliquatenus

909 4646 1122 4705 commutare.
1148 4645 1239 4706 Licet
1262 4645 1365 4721 igitur
1386 4647 1427 4707 ad
1454 4647 1705 4710 subventionem

908 4742 1033 4817 negotii
1057 4742 1197 4803 animati
1221 4743 1306 4813 sitis,
1325 4745 1360 4804 ut
1381 4744 1557 4816 credimus,
1573 4762 1632 4821 per
1646 4762 1705 4807 vos

908 4841 999 4916 ipsos
1014 4841 1126 4915 utpote
1142 4841 1198 4916 qui
1218 4843 1290 4916 eJ'us
1312 4856 1442 4916 semper
1463 4841 1567 4904 luisse
1587 4845 1704 4906 nosci-

908 4938 989 4997 mini
1007 4938 1178 5007 zelatores,
1197 4953 1240 4997 ex
1257 4937 1439 4999 abundanti
1458 4941 1570 5002 tamen
1587 4959 1647 5004 vos
1663 4943 1703 5004 ad

907 5035 940 5094 id
954 5035 1062 5110 ipsum
1078 5035 1236 5096 attentius
1254 5036 1480 5110 exhortantes,
1493 5040 1705 5103 universitati

906 5134 1026 5193 vestrae
1043 5148 1102 5208 per
1120 5133 1310 5208 apostolica
1335 5134 1458 5212 scripta
1480 5138 1704 5214 praecipiendo

907 5229 1113 5301 mandamus,
1134 5232 1296 5307 quatenus
1319 5233 1494 5308 praelatum
1514 5234 1703 5311 archiepis-

907 5343 1025 5403 copum
1040 5328 1333 5403 sicutApostolicaa
1346 5330 1441 5391 Sedis
1455 5330 1599 5406 legatum
1615 5333 1704 5392 reci-

906 5425 1046 5500 pientes,
1061 5423 1216 5485 hilariter
1241 5428 1274 5487 et
1298 5425 1436 5487 honeste
1452 5429 1633 5489 tractantes
1648 5430 1702 5490 in-

906 5521 1049 5584 tendatis
1075 5522 1107 5582 et
1132 5519 1293 5583 obediatis
1328 5523 1436 5584 eidem
1471 5525 1641 5587 humiliter
1668 5531 1702 5590 et

906 5617 1034 5680 devote.
1055 5618 1210 5696 alioquin
1239 5621 1449 5695 sententiam,
1473 5639 1571 5701 quam
1596 5625 1701 5686 ratio-

1498 5755 1531 5812 27
