3774 6186
53 426 109 486 oet

16 636 21 641 .
54 586 185 646 lacinus
199 590 232 647 et
251 587 429 664 plurimum
452 588 696 649 abhorrendum
715 603 774 665 per
790 588 846 648 di-

53 698 172 743 versas
190 685 305 743 mundi
328 688 439 760 partes
458 685 647 761 accepimus
669 686 843 760 pullulare,

55 781 287 857 quodquidam
302 782 454 842 avaritiae
469 798 582 843 amore
599 783 725 852 caecati,
739 782 847 858 potius

54 894 153 954 quarn
167 878 237 937 zelo
253 879 425 954 religionis
439 880 581 950 accensi,
591 881 704 954 nigras
718 895 845 950 cruces,

55 991 140 1054 quas
151 975 271 1036 fratres
282 977 464 1053 Hospitalis
481 979 611 1038 Sanctae
621 978 736 1037 Mariae
743 978 849 1037 Theu-

54 1072 241 1134 tonicorum
270 1074 562 1149 Hierosolymitani
591 1074 754 1144 deserunt,
784 1072 848 1134 sihi

53 1171 226 1246 imponere
246 1173 279 1232 et
299 1186 355 1231 eas
371 1174 502 1248 portare
525 1172 660 1232 minime
678 1177 846 1242 verentur,

55 1270 93 1328 ut
114 1269 163 1328 sic
187 1268 314 1343 possint
334 1268 394 1328 sub
415 1269 474 1330 tali
498 1269 682 1330 velamento
704 1268 849 1328 eleemo-

55 1380 157 1442 synas
171 1365 370 1440 pauperihus
382 1366 555 1442 deputatas
572 1365 729 1440 colligere
741 1367 773 1425 et
786 1364 848 1424 sibi

55 1464 244 1522 animarum
274 1463 453 1538 perniciem
482 1478 655 1538 generare.
688 1464 849 1534 Quocirca

55 1559 269 1621 universitati
290 1560 411 1621 vestrae
433 1576 493 1637 per
513 1560 702 1636 Apostolica
727 1560 849 1636 scripta

55 1657 264 1728 mandanae,
286 1657 449 1733 quatenus
473 1672 541 1728 eoS,
567 1658 623 1734 qui
643 1672 775 1718 crucem
795 1656 850 1716 ni-

55 1768 150 1829 gram
180 1754 374 1829 portandam
406 1756 579 1815 assumunt
611 1756 669 1816 aut
700 1755 848 1829 signum,

56 1851 143 1926 quod
169 1850 331 1911 dictorum
356 1849 494 1911 lratrum
519 1851 671 1912 homines
697 1851 851 1913 deserunt

57 1950 90 2009 et
112 1948 226 2014 oblati,
247 1963 321 2008 cum
345 1963 411 2008 non
438 1949 504 2009 sint
524 1948 564 2008 de
587 1947 791 2025 professione
811 1964 850 2009 ac

56 2044 200 2119 collegio
221 2044 370 2120 ipsorum
395 2044 545 2116 fratrum,
568 2047 755 2106 amnicum
782 2045 851 2105 dis·

55 2143 212 2202 trictione
240 2141 440 2218 compellere
463 2143 634 2214 studeatis,
657 2147 693 2204 ut
716 2159 736 2203 a
760 2145 850 2204 tanta

57 2239 199 2300 stultitia
220 2241 254 2301 et
274 2255 387 2301 errore
409 2239 571 2301 desistant
590 2242 623 2302 et
642 2256 773 2301 crucem
795 2241 852 2301 aut

57 2335 184 2397 dictum
208 2338 339 2412 signum
360 2337 451 2398 nulla
474 2338 604 2399 ratione
630 2338 769 2399 ulterius
793 2337 852 2398 de·

57 2431 147 2495 terre
163 2436 376 2510 praesumant.
394 2435 428 2493 Si
445 2435 519 2511 quis
532 2451 643 2496 veroa
659 2435 752 2496 vobis
767 2450 853 2495 com·

56 2529 204 2591 monitus
219 2547 239 2591 a
253 2547 314 2590 sua
338 2532 483 2592 noluerIt
501 2533 688 2593 temeritate
707 2547 849 2602 cessare,

58 2628 92 2687 in
109 2645 186 2689 eum
200 2628 436 2691 ecclesIastioae
458 2629 757 2691 animadversionis
777 2629 852 2704 gla-

59 2725 151 2786 dium
171 2727 367 2788 auctoritate
386 2729 510 2797 nostra,
527 2727 617 2786 omni
632 2727 806 2787 occasione
821 2727 854 2787 et

58 2823 282 2898 appellatione
308 2823 511 2900 postpositis,
540 2824 698 2884 exeratis.
735 2825 853 2884 Datum

58 2920 216 2980 Laterani
238 2923 299 2980 llll
315 2919 446 2980 kalend.
463 2918 623 2981 februarii
643 2920 853 2997 ponttncatus

58 3017 166 3077 nostri
179 3032 266 3078 anno
281 3018 407 3093 quinto

369 3205 541 3292 CCXXII

79 3348 131 3408 Ad
144 3348 367 3422 prepositum
385 3347 418 3406 et
435 3347 620 3420 capitutum
639 3347 673 3407 S.
690 3348 834 3407 latraturi

347 3447 559 3506 Lemovicen.

353 3567 388 3624 23
400 3566 460 3639 jan.
480 3566 557 3623 tall.

96 3674 216 3736 [liegest.,
228 3673 271 3722 lib.
287 3672 317 3730 V,
328 3672 401 3736 epist.
412 3671 467 3720 358.
480 3671 537 3720 llos.
549 3672 583 3721 la
592 3672 668 3721 Porte
679 3671 713 3720 du
724 3671 816 3734 llicit]

60 3779 194 3850 Praecipit
204 3778 246 3835 ets
261 3786 291 3834 ut
304 3781 337 3835 ll.
355 3776 455 3844 David,
471 3785 500 3833 et
511 3778 557 3834 W.
572 3779 642 3835 Goet
652 3777 854 3849 compatriotas

95 3869 234 3940 ipsorum,
248 3867 325 3940 juxta
347 3865 512 3922 mandatum
532 3867 726 3937 apostolicum
744 3865 780 3922 do
800 3863 855 3922 hoo

92 3958 152 4029 J'am
168 3957 235 4013 olim
254 3955 404 4023 duminio
425 3955 580 4013 canonicos
606 3961 634 4010 et
655 3952 756 4013 tratres
779 3954 852 4011 reci·

95 4047 184 4119 piant.

100 4163 279 4234 Honorius,
301 4164 376 4232 etc,
394 4160 523 4223 dilectis
544 4159 658 4221 filiis...
678 4161 854 4238 praeposito

59 4263 93 4322 et
107 4261 253 4336 capitulo
275 4260 387 4320 Sancti
401 4263 419 4322 J
424 4259 539 4321 uniant
556 4259 778 4329 lemovicen„
796 4274 854 4319 sa-

60 4359 174 4428 lutern,
191 4360 253 4419 etc.

101 4456 224 4516 Saltem
247 4455 311 4521 lits,
334 4453 454 4530 quide
481 4455 571 4515 terra
595 4455 705 4516 vestra
730 4453 855 4514 ducunt

59 4551 223 4626 originem
246 4565 312 4609 non
333 4548 439 4608 solum
457 4549 607 4609 caritatis
629 4548 775 4617 obtentu,
796 4563 855 4609 ve-

58 4665 134 4709 rum
150 4648 250 4708 etiam
267 4647 431 4706 naturaIIs
446 4647 570 4730 amoris
587 4646 719 4716 intuitu,
734 4646 780 4706 ita
795 4661 854 4706 vos

60 4745 221 4807 exhibere
234 4743 391 4804 decuerat
404 4742 570 4813 liberales,
587 4745 621 4804 ut
635 4743 725 4820 ipsos
741 4758 800 4818 pro
815 4758 854 4804 eo

60 4842 146 4921 quod
163 4842 203 4902 de
226 4844 339 4901 nostra
355 4841 404 4901 eis
426 4841 564 4917 potestis
582 4841 690 4915 gratia
705 4839 852 4914 elargIri,

61 4958 128 5001 non
141 4938 337 5016 pateremini
347 4938 388 4999 ad
401 4937 518 4998 sedem
532 4937 756 5013 apostolicam
769 4937 857 4997 labo·

61 5054 149 5100 rare.
168 5037 260 5098 Unde
274 5052 341 5098 non
357 5036 430 5095 sine
450 5050 552 5096 causa
572 5035 743 5105 miramur,
770 5035 855 5111 quod

60 5151 219 5210 cumpro
247 5133 445 5211 pauperibus
477 5133 607 5194 clericis
629 5133 856 5209 compatriotis

61 5233 198 5304 vestris,
225 5234 264 5292 H.
291 5231 395 5292 David
422 5231 528 5307 primo
559 5246 598 5291 ac
633 5230 854 5306 postmodum,

61 5334 114 5392 W.
128 5331 210 5391 Goet
224 5330 326 5390 semel
342 5328 510 5390 etiterum
525 5326 619 5388 vobis
634 5327 857 5390 direxerimus

61 5429 186 5505 scripta
202 5430 326 5497 nostra,
344 5427 380 5489 ut
391 5441 448 5487 eos
463 5425 498 5486 in
515 5425 656 5487 ecclesia
674 5427 783 5487 vestra
800 5441 857 5486 re-

61 5525 219 5602 ciperetis
234 5524 268 5584 in
282 5523 459 5584 canonicos
470 5525 504 5583 et
518 5523 552 5583 in
569 5522 699 5594 iratres,
714 5523 857 5583 diversis

63 5625 112 5685 eis
134 5621 350 5682 monitoribus
368 5621 543 5698 tleprutatis,
559 5636 617 5681 vos
633 5635 690 5683 eos
710 5621 859 5697 recipere

681 430 908 491 EPISTOLAE.
931 431 1009 490 LIB.
1032 431 1071 490 V.

1635 429 1695 490 682

900 603 966 649 non
982 590 1136 661 curastis
1154 589 1240 650 sicut
1262 589 1407 665 ipsorum
1424 589 1517 650 nobis
1533 589 1693 650 instantia

901 686 1126 762 lacrymabilis
1153 685 1317 763 patefecit,
1346 687 1380 746 in
1410 686 1629 757 occasionem,
1659 688 1695 747 ut

901 783 1000 844 iidem
1016 785 1181 856 asserunt,
1200 784 1439 860 praetendentes
1453 783 1539 860 quod
1552 783 1694 845 ecclesia

901 883 1012 942 vestra
1038 882 1079 942 de
1101 881 1254 942 mandato
1273 883 1385 942 nostro
1401 880 1509 942 luerat
1528 881 1692 953 ordinata,

902 980 934 1038 et
950 994 1035 1038 unus
1059 979 1095 1038 in
1117 994 1155 1038 ea
1176 978 1210 1038 in
1237 978 1433 1038 canonicum
1458 979 1508 1039 est
1529 981 1693 1054 receptus,

903 1076 1053 1150 quamvis
1066 1075 1123 1135 ille
1136 1076 1317 1150 receptusa
1329 1076 1571 1151 praedecessore
1582 1078 1696 1136 nostro

904 1171 1031 1233 litteras
1050 1172 1260 1233 executorias
1274 1173 1491 1249 impetrasset,
1509 1174 1542 1234 et
1557 1176 1630 1249 post
1642 1189 1699 1234 or-

904 1268 1105 1330 dinationem
1127 1269 1315 1346 hujusmodi
1340 1271 1408 1330 tres
1428 1270 1581 1330 canonici
1605 1270 1694 1330 vlam

904 1363 970 1424 sint
998 1364 1162 1425 universae
1196 1365 1306 1425 carnis
1339 1365 1500 1439 ingressi,
1527 1381 1589 1426 nec
1621 1365 1695 1426 loco

903 1476 1018 1521 eorum
1034 1461 1077 1522 sit
1095 1461 1214 1539 aliquis
1232 1461 1440 1523 substitutus.
1457 1462 1615 1523 Nolentes
1628 1463 1695 1538 igi-

904 1561 958 1619 tur
967 1559 1053 1634 quod
1064 1557 1105 1619 de
1115 1559 1196 1635 ipsis
1208 1559 1437 1619 inchoavimus
1451 1561 1584 1637 propter
1593 1562 1695 1621 Deum

905 1656 1094 1732 relinquere
1114 1657 1329 1732 inexpletum,
1347 1658 1556 1719 universitati
1576 1658 1697 1721 vestr'ae

905 1769 964 1830 por
976 1754 1165 1830 Apostolica
1186 1755 1308 1830 scripta
1323 1755 1547 1831 praecipiendo
1560 1756 1699 1817 manda-

905 1867 994 1922 mus,
1016 1853 1179 1929 quatenus
1199 1851 1272 1912 loco
1297 1852 1525 1913 defunctorum
1550 1854 1699 1930 ipsorum

905 1949 1059 2025 praesatos
1071 1951 1110 2010 Η.
1123 1950 1155 2010 et
1171 1951 1222 2009 W.
1234 1949 1404 2025 recipiatis
1421 1949 1455 2010 in
1470 1951 1650 2012 canonicos
1666 1952 1699 2012 et

905 2045 939 2106 in
959 2045 1091 2118 fratres,
1108 2063 1208 2123 quum
1231 2062 1297 2107 non
1320 2046 1528 2108 intendamus
1546 2048 1697 2124 proeliis

905 2143 945 2204 de
968 2145 1088 2205 caetero
1113 2160 1171 2205 vos
1196 2159 1348 2219 gravare.
1371 2144 1528 2222 Alioquin
1547 2146 1697 2207 nolentes

906 2243 942 2303 ut
956 2241 997 2302 ad
1013 2255 1074 2302 uos
1088 2241 1225 2302 verbum
1247 2241 1396 2301 nostrum
1415 2258 1556 2303 vacuum
1579 2259 1696 2304 rever-

905 2340 1005 2410 tatur,
1023 2338 1152 2400 dilectis
1174 2338 1303 2409 tiliis...,
1325 2338 1561 2401 archidiacono
1581 2339 1623 2402 de
1645 2340 1700 2400 si-

905 2436 1051 2512 galonia,
1079 2436 1258 2498 Bituricen.
1289 2434 1452 2507 dioecesis,
1479 2438 1513 2498 et
1539 2437 1698 2513 magistro

906 2537 997 2595 Bono
1012 2535 1137 2605 Amice,
1150 2535 1183 2595 et
1194 2533 1361 2610 Stephano
1374 2535 1414 2594 de
1428 2534 1518 2596 riori
1528 2535 1699 2597 canonicis

906 2632 1099 2697 Bituricen.,
1110 2631 1233 2692 nostris
1247 2631 1362 2692 damus
1377 2631 1497 2693 litteris
1510 2632 1546 2692 in
1562 2633 1702 2693 manda-

907 2729 961 2799 tis,
976 2727 1012 2789 ut
1026 2745 1087 2790 vos
1105 2728 1144 2789 ad
1167 2728 1200 2789 id
1222 2745 1282 2805 per
1303 2745 1478 2790 censuram
1495 2730 1701 2792 ecclesiasti-

908 2842 991 2898 cam,
1015 2826 1236 2903 appellatione
1252 2829 1390 2898 remota,
1407 2826 1617 2905 compellant.
1634 2830 1701 2888 Da-

906 2925 974 2983 tum
999 2923 1164 2994 Laterani,
1188 2925 1216 2983 X
1237 2923 1398 2985 kalendas
1417 2922 1588 2997 februarii,
1612 2941 1699 2988 anno

908 3021 1033 3098 quinte.

949 3161 1113 3237 Scriptum
1129 3162 1178 3223 est
1193 3176 1293 3237 super
1307 3162 1370 3222 hoc
1382 3161 1517 3222 eisdem.

1208 3376 1399 3461 CCXXIII

909 3521 960 3579 Ad
972 3522 1128 3594 priorem
1143 3518 1175 3580 et
1191 3520 1324 3591 tratres
1337 3521 1372 3580 S.
1389 3522 1509 3594 Alcaeo·
1528 3523 1568 3582 dc
1583 3521 1700 3580 Monte

1229 3619 1381 3678 Fottcrto.

1200 3739 1236 3796 23
1248 3738 1310 3810 jnn.
1328 3739 1406 3797 tati.

1032 3852 1184 3917 {Maurique
1200 3851 1266 3903 Anu.
1278 3852 1443 3912 Cisterc.,lV,
1459 3869 1483 3918 p.
1497 3853 1565 3919 ade]

909 3959 1044 4018 Concedit
1059 3961 1232 4017 monasterio
1253 3961 1348 4017 Sancti
1363 3962 1467 4033 angeli
1483 3960 1518 4017 de
1536 3963 1631 4018 llonte
1647 3963 1699 4019 Fo-

944 4049 1020 4106 tiano
1038 4050 1183 4106 licentiam
1199 4049 1371 4120 suscipiendi
1387 4051 1517 4123 regulam
1538 4051 1633 4107 Sancti
1648 4051 1700 4107 lle-

944 4136 1059 4207 ncdicti,
1075 4139 1148 4194 sicut
1164 4137 1306 4194 inordina
1323 4139 1502 4196 Cisteroiensi
1524 4137 1700 4196 observatur.

949 4255 1136 4316 (laudemus
1159 4255 1193 4315 in
1220 4255 1370 4327 Domino,
1395 4256 1480 4333 quod
1507 4257 1702 4318 aemulautes

909 4352 1110 4414 charismata
1131 4353 1280 4422 meliora,
1304 4355 1337 4414 et
1357 4353 1465 4415 adhuc
1486 4355 1705 4416 excellentio-

909 4465 978 4512 rem
991 4450 1078 4511 viam
1089 4451 1225 4526 aggredi
1236 4451 1417 4527 cupientes,
1429 4452 1704 4514 nohishumiliter

909 4547 1133 4624 supplicastis,
1148 4551 1183 4610 ut
1194 4549 1398 4625 suscipiendi
1417 4550 1567 4625 regulam
1588 4552 1702 4612 Sancti

909 4646 1090 4717 Benedicti,
1108 4646 1194 4708 sicut
1213 4647 1248 4706 in
1270 4647 1483 4708 Cisterciensi
1504 4647 1620 4708 ordine
1639 4647 1702 4707 ob-

910 4745 1072 4813 servatur,
1090 4734 1183 4803 vohis
1200 4744 1370 4804 licentiam
1384 4743 1565 4805 concedere
1584 4744 1705 4821 digna-

911 4856 1032 4901 remur.
1050 4841 1118 4901 Nos
1136 4841 1238 4916 igitur
1249 4841 1370 4901 vestris
1383 4840 1485 4916 JustIs
1501 4842 1702 4917 postulatio-

911 4937 1007 4999 nibus
1035 4941 1131 5013 grato
1162 4938 1398 4998 concurrentes
1432 4953 1582 5011 assensu,
1610 4939 1704 5002 vohis

910 5034 1121 5096 concedimus
1148 5034 1324 5110 postulata,
1342 5037 1375 5097 et
1395 5034 1466 5107 tibi,
1488 5035 1535 5096 flli
1551 5038 1652 5114 prior,
1671 5041 1707 5100 ut

911 5131 1046 5192 novitiis
1067 5133 1140 5208 post
1159 5131 1347 5207 regularem
1369 5132 1607 5208 probatIonem,
1624 5151 1705 5195 con-

912 5230 1005 5290 sueta
1019 5228 1250 5291 benedictione
1264 5231 1449 5307 praemissa,
1470 5231 1633 5293 cucullam
1649 5233 1706 5294 tri·

911 5326 1005 5395 buas,
1034 5327 1232 5389 auctoritate
1267 5329 1481 5405 praesentium
1518 5328 1705 5390 litterarum

912 5424 1131 5500 indulgemus.
1157 5425 1250 5487 Nulli
1274 5442 1365 5502 ergo,
1389 5431 1451 5488 etc.
1473 5428 1591 5487 Datum
1608 5430 1707 5489 Late·

912 5521 997 5594 rani,
1011 5524 1041 5583 Χ
1054 5522 1185 5583 kalend.
1195 5523 1366 5596 februarii,
1379 5525 1588 5601 pontificatus
1600 5527 1705 5588 nostri

913 5636 999 5697 anno
1015 5619 1142 5697 quinto.

1093 5746 1098 5757 Ι

899 5780 922 5805 .Ι
955 5786 959 5795 ,
976 5772 1018 5795 ιιι.
1031 5756 1167 5791 ΙΑΑιΙΙΙιΊι
1186 5772 1225 5791 ιιι
1246 5778 1252 5799 .
