3774 6186
122 292 182 350 207

438 475 589 562 CXCIV

120 611 172 668 ,td
179 610 424 681 priorissarum
445 609 478 669 et
499 611 640 670 ciericos
653 611 774 669 scholae
787 607 910 668 canto-

377 721 457 766 rum
484 709 525 766 de
555 709 651 767 Urbe.

400 825 436 881 20
450 825 530 898 april.
547 825 624 882 tate.

303 929 455 993 [Bullatium
464 928 725 992 venerantius]

119 1032 160 1086 De
175 1027 303 1101 portione
324 1026 498 1084 oblationum
517 1026 614 1083 attaris
636 1025 711 1083 beati
740 1025 825 1093 Petri,
846 1040 910 1097 qna

152 1115 294 1188 contingit
320 1118 481 1179 Romanum
511 1115 673 1187 pontificem
699 1113 798 1171 decem
823 1114 910 1171 libres

153 1220 206 1261 suo
220 1211 329 1261 tantum
343 1211 471 1276 tempore
484 1204 630 1260 annuatim
646 1203 774 1275 largitur.

157 1321 334 1393 Honorius,
379 1321 435 1391 te,
461 1320 591 1382 dilectis
615 1320 694 1380 tiliis
720 1320 909 1396 primicerio

117 1420 150 1479 et
165 1416 295 1479 clericis
308 1417 431 1478 scholae
447 1419 620 1487 cantorum
633 1416 675 1478 de
690 1416 789 1478 Urbe.

156 1516 296 1590 Dignum
305 1515 365 1585 est,
375 1517 420 1579 ut.
431 1515 673 1590 quiministerii
684 1515 786 1576 vestri
796 1514 910 1574 munia

115 1612 332 1672 laudabiliter
365 1611 604 1687 exsequimini,
626 1611 742 1672 laudes
777 1611 909 1671 Domini

117 1699 265 1770 suaviter
292 1709 517 1779 decantantes,
536 1708 659 1769 exinde
685 1708 909 1784 assequamini

115 1821 253 1866 munera
276 1806 434 1881 gratiosa,
451 1822 525 1867 cum
555 1804 709 1867 dantibus
734 1805 907 1881 psalmum,

116 1919 181 1963 non
192 1903 686 1979 sittympanurndenegandnm.
706 1904 785 1964 Cum
799 1903 909 1979 itaque

115 1999 222 2060 seticis
235 2000 403 2065 memoriae
416 1999 613 2060 Coelestinus
627 2014 712 2075 papa
724 1998 911 2075 praedeces-

116 2112 173 2157 sor
201 2097 317 2163 noster
342 2095 440 2159 vobis
466 2095 506 2157 de
528 2096 679 2173 portione
707 2095 909 2158 oblationum

115 2193 232 2254 altaris
246 2192 335 2255 beati
349 2193 450 2263 Petri,
465 2210 538 2271 quae
549 2193 710 2269 contingit
725 2195 909 2255 Romanum

115 2290 315 2368 pontificem,
330 2306 459 2351 annuas
474 2290 645 2352 duodecim
660 2290 761 2351 libras
776 2290 816 2351 de
826 2305 908 2366 gra-

113 2387 161 2448 tia
176 2386 353 2447 contulerit
375 2386 517 2446 liberali.
531 2388 601 2447 Nos
620 2385 767 2462 eJusdem
793 2386 908 2461 gratiae

115 2484 265 2545 volentes
280 2483 401 2544 addere
418 2483 572 2558 gratiam,
587 2486 622 2544 ut
636 2484 677 2544 de
698 2484 821 2544 virtute
838 2484 909 2543 stn-

117 2581 223 2641 deatis
238 2581 399 2657 proficere
422 2581 457 2641 in
479 2581 647 2650 virtutem,
678 2580 718 2641 de
742 2580 909 2642 oblatione

119 2677 276 2755 praedicta
289 2678 402 2739 decem
418 2676 533 2748 libras,
546 2679 659 2738 nostro
674 2678 800 2739 tantum
825 2676 910 2737 iem-

117 2789 214 2852 pore,
225 2773 319 2834 robis
334 2774 505 2834 annuatim
523 2773 678 2833 duximus
702 2773 906 2850 largiendam

116 2872 166 2935 ita
180 2870 266 2948 quod
277 2886 320 2933 ex
334 2871 397 2940 hoc
412 2885 622 2932 successores
638 2870 742 2935 nostri
764 2870 910 2933 nullate-

114 2985 177 3029 nus
193 2967 390 3043 obligentur.
416 2970 534 3030 Datnm
559 2969 671 3029 Romae
694 2968 780 3044 apud
802 2970 908 3029 Sanc-

114 3070 184 3131 tum
196 3067 328 3130 Petrum
342 3066 403 3136 itii
419 3064 486 3128 hal.
499 3063 589 3137 maii,
604 3064 814 3141 pontificatus
830 3081 909 3126 nos-

114 3163 160 3234 tri
172 3179 260 3235 anno
279 3163 388 3226 tertio.
722 3151 727 3160 ’
807 3186 810 3194 ·

447 3290 578 3377 CXCV

114 3428 171 3487 Ad·
180 3424 386 3502 potestatem
406 3424 441 3486 et
462 3429 625 3498 poputum
640 3425 907 3485 Aoeoeandrtnos.

396 3537 433 3594 20
448 3535 529 3611 april.
546 3535 625 3595 itte.

253 3643 371 3710 [tibitibi.
380 3643 450 3697 Auo.
461 3642 488 3692 di
499 3641 671 3702 Alessaudria,
682 3657 708 3706 p.
716 3640 769 3706 rh]

114 3741 171 3803 Sub
183 3741 342 3806 beatiPetri
356 3748 385 3799 et
398 3755 449 3798 sus
459 3740 636 3816 protectione
646 3739 765 3812 suscipit
773 3738 909 3812 populum

395 3828 635 3890 Alexandrinum..

153 3941 320 4006 Honorius
328 3939 514 4017 episcopus,
522 3954 639 4000 servus
654 3952 827 3999 servorum
836 3936 907 4009 Dei,

114 4038 243 4104 dilectis
259 4038 337 4098 tiliis
352 4037 506 4115 potestati
521 4037 555 4098 et
569 4035 690 4113 populo
705 4032 908 4096 Alexandri·

114 4136 171 4196 nis
182 4136 322 4198 salutem
339 4135 373 4197 ei
396 4132 611 4210 apostolicam
629 4132 907 4195 benedictionem.

155 4233 374 4295 sacrosancta
390 4234 539 4293 Romana
557 4230 702 4291 Ecclesia
715 4229 862 4301 devotos,
877 4228 910 4290 et

113 4330 257 4391 humiles
268 4329 355 4390 titios
365 4344 408 4390 ex
419 4328 562 4390 assuetas
573 4327 705 4403 pietatis
718 4326 825 4388 offlcio
836 4341 910 4404 pro·

115 4428 251 4503 pensius
268 4425 408 4501 diligere
424 4423 611 4498 cousuevit,
627 4425 714 4486 etue
729 4437 908 4500 pravorum

114 4523 289 4585 hominum.
299 4520 459 4583 molestiis
475 4521 653 4598 agitentur,
668 4536 726 4582 eos
740 4522 908 4597 tamquam

114 4622 169 4701 pia
178 4623 285 4684 mater
299 4636 367 4681 suae
378 4619 596 4696 protectionis
604 4618 786 4679 munimine
794 4616 909 4679 conto-

113 4737 202 4784 vere.
220 4720 403 4797 Eapropter
417 4716 530 4778 dilecti
547 4716 582 4778 in
597 4716 737 4778 Domino
752 4714 813 4779 tilii
827 4731 908 4778 ves-

114 4820 175 4880 tris
185 4818 285 4895 justis
301 4815 455 4893 precibus
475 4814 638 4885 inclinati,
656 4813 824 4876 civitatem
838 4828 909 4874 ves-

114 4910 908 4989 tram,etpersonasconsistentesinea,subbeati

118 5012 216 5078 Petri,
231 5013 264 5073 et
287 5013 400 5072 nostra
415 5009 554 5087 speciali
575 5009 781 5088 protectione
802 5007 910 5072 susci-

115 5111 234 5189 pimus,
251 5115 283 5169 et
296 5106 471 5185 praesentis
487 5107 602 5184 scripti
617 5105 802 5184 patrocinio
818 5122 910 5170 com-

115 5207 298 5278 munimus,
329 5204 513 5266 districtius
538 5203 738 5275 inhibentes,
764 5218 806 5264 ne
835 5204 909 5280 quis

114 5320 185 5376 vos,
203 5306 235 5367 et
249 5304 416 5365 civitatem
438 5301 587 5363 eamdem
609 5303 788 5377 praesumat
811 5299 909 5362 inde-

115 5405 183 5466 bite
193 5402 380 5463 molestare.
392 5398 484 5460 Nulli
496 5414 575 5475 ergo
588 5399 722 5458 omnino
738 5398 909 5459 hominum

116 5502 215 5564 liceat
230 5502 316 5562 hanc
331 5499 485 5576 paginam
500 5496 621 5558 nostrae
638 5496 862 5573 protectionis,
877 5497 910 5557 et

116 5598 324 5664 inhibitionis
335 5593 628 5673 intringererelei
638 5609 720 5653 ausu
731 5594 909 5655 temerario

736 291 910 349 HONORII
933 290 977 349 111
1000 290 1147 351 OPERA.
1702 289 1751 349 208

966 445 1143 508 contraire.
1154 446 1189 508 Si
1204 447 1279 523 quis
1293 446 1404 507 autem
1419 446 1482 507 boc
1497 445 1668 509 attentare
1682 462 1752 524 pra

965 544 1157 621 sumpserit,
1165 542 1428 618 indignationem
1443 543 1681 620 omnipotentis
1690 545 1750 615 Dei,

965 641 998 702 et
1024 639 1197 702 beatorum
1221 639 1328 712 Petri,
1354 641 1389 701 et
1409 640 1506 702 Pauli
1533 640 1752 720 apostotorum

965 740 1048 815 ejus,
1063 751 1099 797 se
1114 738 1245 799 noverit
1256 737 1481 798 incursurum.

1005 835 1122 896 Datum
1136 837 1249 896 Romae
1264 833 1350 911 apud
1367 835 1525 896 Sanctum
1544 834 1684 896 Petrum
1700 835 1751 895 un

965 930 1032 992 kal.
1050 930 1146 1002 maii,
1164 930 1375 1008 pontificatus
1390 929 1498 992 nostri
1511 945 1602 992 anuo
1617 929 1723 992 tertio.

1289 1090 1440 1177 CXCVI

984 1224 1035 1282 Ad
1045 1223 1233 1295 potestates
1248 1225 1282 1285 et
1294 1229 1457 1298 portuum
1471 1225 1736 1287 Atecmzdnrwc

1248 1335 1284 1394 ²0
1297 1335 1378 1408 april.
1397 1335 1477 1394 tate.

1096 1439 1214 1502 tunium,
1225 1442 1293 1490 Anu.
1306 1439 1333 1490 di
1342 1440 1514 1501 Alessandria,
1527 1455 1554 1506 p.
1574 1439 1630 1505 η]

1011 1534 1090 1595 idem
1106 1534 1315 1610 argumentum
1321 1552 1355 1595 sc
1365 1537 1560 1595 antecedentis
1573 1538 1712 1610 epistotae.

1004 1645 1170 1704 Honorius
1182 1645 1493 1722 episcopusservus
1503 1660 1677 1706 servorum
1689 1646 1753 1716 bei,

964 1739 1094 1801 dilectis
1114 1740 1192 1801 tiliis
1209 1742 1366 1819 potestati
1376 1744 1409 1803 et
1424 1742 1545 1820 populo
1560 1741 1756 1803 Alexandri-

964 1837 1027 1908 nis,
1049 1837 1190 1899 salutem
1204 1840 1237 1900 et
1250 1838 1467 1914 apostolicam
1481 1836 1756 1901 benedictionem.

1003 1934 1218 1999 Deuotionem
1233 1936 1378 1998 vestram
1392 1936 1428 1997 in
1441 1935 1581 1997 Domino
1606 1935 1757 1996 laudibus

963 2031 1243 2104 commendamus,
1255 2032 1341 2111 quod
1360 2048 1421 2094 ros
1438 2047 1602 2094 memores
1616 2032 1758 2110 qualiter

964 2144 1024 2204 pro
1050 2128 1249 2205 apostolice
1274 2129 1369 2191 Sedis
1402 2128 1529 2192 honore
1551 2129 1614 2192 tuit
1638 2129 1757 2192 civitas

963 2227 1074 2286 vestra
1095 2226 1296 2300 constructa,
1317 2226 1405 2288 unde
1426 2242 1446 2287 a
1470 2225 1579 2288 telicis
1593 2227 1755 2288 recorda·

963 2322 1065 2384 bonis
1076 2323 1266 2385 Alexandro
1277 2339 1362 2404 papa
1372 2323 1618 2402 praedecessore
1631 2327 1756 2395 nostro,

963 2421 1059 2497 cnjus
1074 2420 1221 2497 tempore
1234 2419 1321 2483 tacta
1333 2423 1384 2483 est
1401 2421 1618 2493 Alexandria,
1637 2435 1758 2482 nomen

963 2516 1152 2593 assumpsit,
1165 2517 1198 2579 et
1209 2516 1316 2580 eidem
1326 2517 1400 2579 sedi
1410 2517 1619 2595 postmodum
1633 2534 1670 2580 se
1683 2535 1760 2579 con·

964 2613 1071 2674 stituit
1092 2614 1292 2687 censualem,
1320 2616 1588 2690 recognoscendo
1608 2615 1758 2677 eamdem

964 2710 1140 2786 specialem
1171 2712 1326 2773 Ecclesiae
1348 2713 1505 2774 Romanae
1534 2712 1760 2784 Etiamnunc

963 2807 1132 2871 fidelitatis
1152 2810 1379 2885 jnramentum
1395 2809 1502 2879 nobis,
1517 2811 1551 2872 et
1574 2810 1684 2872 eidem
1704 2826 1764 2872 ec-

963 2905 1074 2968 clesiae
1083 2906 1301 2981 praestitistis3
1317 2907 1545 2984 propterquod
1555 2907 1759 2984 eomagisad

963 3001 1134 3075 honorem,
1149 3006 1181 3064 et
1196 3003 1403 3065 commodum
1423 3006 1571 3066 vestrum
1586 3006 1621 3068 et
1639 3005 1760 3067 civita-

962 3099 1005 3160 tis
1018 3099 1166 3175 ejnsdem
1181 3099 1386 3163 intendimus
1400 3101 1550 3164 volentes
1563 3102 1673 3180 ipsam
1689 3117 1762 3180 spe-

963 3196 1041 3258 ciali
1067 3199 1180 3260 nostra
1196 3198 1402 3274 protectione
1426 3197 1563 3270 muniri,
1585 3198 1674 3276 quod
1689 3199 1761 3277 ple-

963 3294 1039 3359 nius
1055 3294 1098 3356 ad
1111 3311 1185 3367 nos,
1202 3296 1236 3356 et
1248 3294 1441 3372 praedictam
1454 3295 1633 3357 ecclesiam
1646 3295 1761 3358 since·

962 3391 1082 3463 ritatiS,
1104 3393 1137 3454 et
1156 3391 1340 3453 devotionis
1362 3391 1563 3453 exhibuistis
1589 3391 1759 3455 affectum.

963 3488 1126 3560 Quocirca
1139 3489 1389 3551 universitatem
1403 3489 1550 3551 nestram
1575 3488 1762 3566 rogandam

962 3584 1130 3657 duximus,
1164 3589 1198 3647 et
1227 3584 1441 3657 hortandam,
1476 3601 1537 3663 per
1570 3587 1761 3663 Apostoltca

964 3682 1088 3760 scripta
1110 3682 1316 3754 mandantes,
1332 3686 1495 3761 quatenns
1513 3683 1548 3743 in
1568 3682 1760 3756 nevouone,

963 3795 1003 3840 ac
1017 3780 1176 3842 fidelitate
1192 3780 1286 3841 Sedis
1306 3780 1505 3857 apostolice
1529 3780 1763 3856 persistentes,

964 3877 1048 3937 nulli
1061 3877 1185 3955 absque
1198 3876 1335 3954 speciali
1352 3877 1507 3939 mandato
1525 3879 1641 3939 nostro
1656 3877 1764 3945 tideli-

962 3976 1063 4036 tatem
1077 3975 1118 4036 de
1133 3977 1253 4037 caetero
1268 3973 1410 4036 faciatis.

1003 4073 1122 4134 Datum
1136 4075 1248 4134 Romae
1262 4070 1348 4150 apud
1372 4071 1529 4132 Sanctum
1547 4073 1687 4133 Petrum
1702 4075 1767 4134 xil

963 4168 1124 4231 kalendas
1159 4169 1256 4241 maii,
1287 4168 1498 4246 pontificatus
1531 4169 1640 4231 nostri
1674 4185 1764 4231 anuo

966 4267 1072 4328 tertio.

1275 4354 1448 4442 CXCVII

1021 4491 1073 4550 Ad
1093 4488 1304 4582 maptstrum
1319 4488 1451 4550 Grottoe
1470 4491 1701 4562 capadocum

1242 4600 1277 4657 22
1296 4601 1377 4673 april.
1400 4601 1478 4658 tate.

1103 4705 1218 4770 [Stricti
1227 4705 1293 4756 Anu.
1305 4706 1450 4770 Bologn.,t.
1462 4706 1493 4766 ii,
1508 4705 1534 4764 i,
1550 4704 1621 4771 tua]

963 4815 1099 4872 Ecclesia
1110 4814 1299 4872 Bononiensis
1309 4812 1516 4870 administratio
1530 4811 1764 4888 darnrmcgisno

1122 4903 1226 4960 Gratim
1245 4909 1274 4958 et
1294 4901 1357 4974 etus
1375 4901 1599 4960 successoribus.

1004 5011 1170 5072 Honorius
1185 5010 1359 5087 episcopus
1375 5025 1491 5072 servus
1506 5025 1681 5080 serrorum
1704 5011 1761 5072 Dei

964 5108 1122 5183 magistro
1136 5108 1258 5169 Gratiae
1274 5107 1447 5186 capellano
1460 5109 1575 5170 nostro
1590 5106 1764 5178 archidia-

965 5220 1048 5265 cono
1063 5204 1278 5265 Bononiensi.

1004 5303 1053 5361 Ne
1064 5303 1142 5376 jura
1158 5301 1379 5369 Bononiensis
1393 5299 1544 5362 ecclesiae
1566 5303 1763 5370 minuantur

964 5399 991 5458 si
1008 5413 1074 5458 non
1090 5398 1134 5458 sit
1144 5399 1199 5474 qui
1216 5398 1409 5474 specialiter
1422 5397 1545 5458 babeat
1559 5413 1676 5459 curam
1689 5401 1761 5474 ejus

964 5496 998 5554 in
1027 5496 1172 5571 capitulo
1207 5495 1356 5572 ejusdem
1384 5494 1535 5556 ecclesiae
1565 5494 1697 5571 plenam
1728 5497 1761 5557 et

964 5591 1103 5653 liberam
1128 5592 1448 5654 administrationem
1478 5591 1704 5671 spiritualium
1728 5596 1761 5657 et
