3774 6186
179 335 240 400 843

181 501 215 561 et
235 500 432 561 mandamus
452 499 590 560 subesse
613 496 748 558 omnino
773 494 976 556 monasterio

106 661 109 668 ,
182 598 294 657 Sancti
311 598 420 658 Pontii
436 595 657 657 Massiliensis
670 594 833 664 dioecesis,
850 593 973 669 inquo,

106 714 109 718 ’
180 695 218 755 ut
239 694 369 764 dicitur,
393 709 515 768 magna
535 693 625 767 viget
645 691 776 766 religio,
800 692 833 752 et
851 691 973 750 ibidem

180 791 380 851 monialibus
396 789 676 852 commorantibus
692 787 860 849 laudabile
880 787 976 848 testi-

161 887 328 948 *monium
341 887 522 964 apluribus
533 887 737 963 perhibetur.
746 885 794 946 Ad
806 884 974 962 provisio-

179 1001 255 1046 nem
266 989 377 1046 autem
389 985 584 1045 monialium
597 985 632 1043 in
645 982 849 1044 monasterio
863 980 974 1042 Sancti

179 1083 270 1144 Petri
291 1083 332 1142 de
351 1083 549 1143 Almanarra
574 1080 859 1150 commorantium,
882 1078 974 1139 assi-

180 1195 321 1255 gnamus
337 1179 494 1255 quidquid
514 1180 601 1255 juris
620 1176 764 1238 habebat
782 1177 835 1238 vel
852 1174 976 1236 habere

180 1275 319 1337 debebat
333 1277 573 1337 monasterium
589 1274 754 1352 quondam
771 1273 883 1334 Sancti
899 1277 976 1334 Ger·

178 1374 265 1433 vasli
280 1374 315 1433 ln
334 1371 578 1449 episcopatibus
593 1372 770 1432 Tolonensi
786 1374 819 1432 et
835 1372 976 1446 Foroju-

178 1469 289 1541 llensi,
311 1471 364 1530 vel
385 1470 461 1530 aliis
480 1469 574 1540 locis,
598 1470 735 1544 excepto
756 1468 842 1545 quod
858 1467 974 1527 archi-

51 1551 58 1560 ’
178 1567 374 1627 diaconatus
390 1566 606 1635 Arelatensis,
627 1567 659 1626 et
674 1567 812 1640 excepta
832 1563 974 1625 ecclesia

179 1666 310 1725 Sanctae
321 1664 462 1725 Caeciliae
469 1666 566 1740 juxta
577 1665 862 1733 castrumnovum,
876 1675 975 1738 quam

177 1778 302 1822 mensae
317 1762 555 1822 canonicorum
570 1760 814 1822 Arelatensium
828 1760 976 1833 assigna-

177 1859 297 1930 vimus,
336 1861 369 1921 et
397 1860 545 1935 exceptis
571 1858 722 1919 ecclesiis
751 1857 864 1918 Sancti
887 1857 974 1917 Vin·
1011 1851 1014 1854 ’

178 1957 282 2017 centii
315 1955 356 2017 de
386 1959 467 2018 lons
502 1955 724 2016 Massiliensis
751 1953 914 2024 dioecesis,
943 1954 976 2014 et

179 2054 309 2113 Sanctae
327 2054 441 2113 Mariae
461 2053 501 2113 de
523 2055 686 2128 Cupresso
707 2051 871 2127 Aquensis
894 2050 976 2110 dioe-

178 2149 276 2220 cesis,
298 2165 380 2226 quas
399 2149 486 2210 dicto
506 2148 709 2209 monasterio
732 2148 845 2209 Sancti
863 2147 975 2207 Pontii

177 2245 214 2306 in
245 2249 438 2323 perpetuum
477 2246 701 2321 assignamus.
738 2247 861 2306 Verum
896 2243 975 2320 quia

176 2344 219 2405 ad
253 2343 408 2420 quaelibet
439 2345 511 2405 loca
538 2344 661 2405 nostrae
686 2342 863 2418 legationis
890 2356 973 2417 per-

176 2443 338 2503 sonaliter
362 2443 520 2504 accedere
545 2458 611 2502 non
635 2441 799 2512 valemus,
824 2439 976 2501 volentes
1014 2436 1021 2446 '

176 2540 395 2600 nihilominus
410 2539 528 2616 partiri
548 2554 651 2600 onera
666 2540 781 2598 nostra
799 2538 888 2598 inter
902 2535 974 2596 ira·

175 2637 245 2699 tres
262 2636 482 2707 venerabiles,
503 2636 624 2696 iratres
643 2639 680 2696 B.
703 2634 972 2709 Magalonensem

176 2733 368 2809 episcopum
390 2735 422 2793 et
442 2735 478 2792 F.
493 2733 683 2808 episcopum
697 2731 916 2791 Tolonensem
931 2729 972 2789 ad

77 2830 80 2838 '
177 2830 416 2890 monasterium
447 2829 559 2889 Sancti
588 2828 679 2889 Petri
706 2828 746 2888 de
776 2827 973 2887 Almanarra

178 2926 333 2986 duximus
344 2926 570 2997 destinandos,
584 2925 827 2986 committentes
842 2924 971 2984 discre-

177 3024 263 3086 tioni
289 3023 490 3094 eorumdem,
508 3023 626 3100 deque
647 3023 745 3099 plane
764 3021 972 3092 confidimus,

177 3121 263 3198 quod
288 3121 419 3197 siquid
446 3124 536 3181 circa
560 3121 783 3196 provisionem
810 3120 972 3180 dictarum

176 3218 371 3280 monialium
400 3219 644 3301 augmentando
672 3218 725 3278 vel
759 3215 972 3277 diminuendo

177 3316 333 3377 duxerint
351 3316 588 3386 innovandum,
616 3317 730 3377 nostra
754 3313 831 3375 freti
852 3315 971 3376 auoto-

175 3414 287 3483 ritate,
324 3413 428 3474 libere
455 3417 487 3474 et
513 3414 585 3473 sine
614 3413 682 3472 ulla
711 3412 972 3474 contradictione

177 3510 324 3587 qualibet
356 3511 491 3572 valeant
528 3511 703 3570 immutare
738 3525 777 3570 ao
803 3508 971 3569 ordinare.

177 3609 297 3668 Datum
312 3609 462 3678 Biterris,
478 3609 522 3666 Xl
537 3606 700 3666 kalendas
712 3606 838 3667 martii.

217 3704 309 3764 Nulli
326 3719 404 3780 ergo
425 3704 559 3764 omnino
577 3704 748 3764 hominum
770 3704 870 3765 liceat
886 3703 972 3764 hanc

176 3803 334 3880 paginam
357 3805 479 3863 nostrae
501 3803 763 3863 confirmationis
789 3802 972 3877 intringere

176 3900 230 3962 vel
257 3901 288 3960 ei
314 3916 399 3960 ausu
423 3901 601 3961 temerario
626 3899 803 3961 contraire.
838 3899 872 3959 Si
897 3899 971 3976 quis

176 4001 287 4059 eutem
301 3998 363 4059 hoc
374 3999 538 4059 attentare
548 3997 808 4074 praesumpserit,
822 3996 972 4072 indigna·

175 4096 301 4158 tionem
316 4096 550 4172 omnipotentis
565 4095 637 4167 Dei,
650 4096 683 4155 et
695 4093 866 4155 beatorum
880 4095 971 4155 Petri

176 4196 210 4255 et
222 4194 317 4254 Pauli
333 4193 556 4270 apostolorum
572 4195 644 4268 eJus
657 4209 693 4251 se
711 4193 841 4252 noverit
857 4192 973 4252 incur-

177 4306 303 4352 surum.
329 4293 446 4352 Datum
480 4289 647 4360 Laterani,
680 4291 741 4350 VII
768 4289 843 4349 idus
870 4288 969 4365 junii,

177 4387 389 4465 pontificatus
403 4386 509 4447 nostri
524 4402 611 4446 anno
625 4386 752 4462 quinto.

212 4527 254 4601 <ll
275 4528 316 4583 Ex
330 4525 446 4584 archivo
460 4524 568 4583 ordinis
582 4525 664 4597 cujus
678 4531 776 4582 auctor
792 4523 844 4581 iuit
855 4525 882 4582 S.
892 4532 972 4597 peter

177 4599 353 4665 Dominicus,
369 4606 398 4654 ut
416 4597 445 4653 iu
463 4603 583 4653 tractatu
598 4598 640 4653 De
653 4611 787 4653 consessu
805 4597 970 4666 Baliarum,

176 4677 245 4729 tom.
257 4670 366 4735 ultimo,
382 4670 422 4725 lit.
435 4668 478 4724 ll.

212 4742 253 4814 (ἲ)
282 4743 409 4799 Romano
429 4740 537 4796 scilicet
551 4741 769 4805 bonaventurae,
785 4737 821 4794 de
836 4752 892 4809 quo
905 4738 969 4797 Cia·

176 4816 288 4882 conius,
304 4820 372 4868 tom.
389 4813 416 4869 ll
436 4811 615 4880 Vitoepoatif.
631 4812 657 4864 et
668 4808 823 4874 cardinali,
837 4824 904 4883 pag.
920 4809 969 4878 353

174 4883 324 4956 Ughellus,
349 4891 418 4939 tom.
445 4882 665 4938 lltuiioesacroe
690 4880 719 4935 in
743 4879 868 4952 episcop.
900 4881 968 4937 Por·

175 4961 254 5011 tuen.
278 4969 356 5009 num.
376 4955 435 5016 XL,
453 4967 520 5024 pag.
539 4953 599 5021 ¹30,
616 4949 684 5007 edit.
710 4953 835 5019 Venetae,
857 4952 967 5007 cateri-

174 5040 240 5098 que,
254 5039 326 5097 quos
342 5023 385 5079 isti
401 5024 527 5080 laudant.

211 5097 253 5169 (3)
274 5095 346 5151 lliuc
362 5095 460 5164 liquet,
475 5096 633 5151 Romanum
650 5090 967 5218 episcoputhortugn·

174 5182 236 5224 sem
265 5167 320 5222 'am
347 5172 430 5220 antea
453 5164 649 5220 renunciatum
684 5163 819 5230 uisse,e
856 5177 891 5218 ex
935 5179 970 5219 oc

174 5182 348 5295 emendandi
372 5236 535 5305 scriptores,
555 5235 603 5315 qui
619 5233 722 5290 dehoc
741 5235 907 5305 episcopatu
925 5235 967 5290 lo-

83 5352 89 5356 -
176 5311 234 5365 euti
250 5313 335 5377 sunt3
359 5306 510 5364 ciaconius
524 5319 600 5360 enun
615 5304 688 5361 hauc
703 5305 870 5362 electionem
884 5306 969 5361 ret'ert

173 5379 209 5436 ad
226 5393 331 5437 annum
349 5377 511 5435 blCCllel.
531 5374 665 5432 Oldoinus
681 5375 708 5429 iu
723 5375 969 5430 Additionibusad

792 336 968 397 HONORII
991 337 1035 397 111
1056 335 1205 396 oPnRA.

1312 501 1545 590 ccccxxss
1643 522 1646 532 ’

1061 649 1113 709 Ad
1126 648 1321 708 Romanum
1336 648 1568 709 Porizccuscm
1582 650 1794 723 episcopum.

1324 781 1339 836 7
1357 781 1429 851 junii
1445 779 1524 837 llil.

1126 892 1243 957 [llipolli,
1256 893 1400 944 Bullatium
1418 894 1567 954 Praedic.,t.
1583 895 1638 953 vii,
1651 911 1678 960 p.
1692 895 1730 961 4.]

1055 1011 1095 1068 lle
1110 1009 1210 1068 ordine
1226 1008 1266 1084 (l)
1280 1009 1387 1068 militiae
1399 1013 1467 1069 iesu
1479 1011 1581 1070 Christi
1591 1012 1802 1071 constituendo.

1070 1139 1236 1200 Honorius
1249 1139 1435 1216 episcopus,
1446 1155 1562 1200 servus
1573 1156 1747 1202 servorum
1758 1143 1825 1215 Dei,

1030 1236 1214 1299 venerabili
1238 1236 1334 1298 iratri
1361 1238 1389 1298 R
1392 1279 1464 1297 ......
1482 1237 1530 1316 (2)
1544 1240 1726 1300 Portuensi
1740 1240 1828 1316 epis-

1030 1349 1111 1410 copo
1134 1333 1182 1413 (3)
1206 1334 1405 1410 Apostolicae
1422 1335 1516 1395 Sedis
1540 1335 1663 1412 legato,
1687 1337 1826 1399 salutem

1030 1433 1062 1494 et
1076 1432 1292 1509 apostolicam
1307 1433 1583 1494 benedictionem.

1070 1530 1174 1600 Quum
1195 1529 1329 1605 quidam
1350 1530 1547 1590 Christianae
1569 1531 1646 1591 ildei
1665 1532 1826 1594 zelatores

1030 1626 1180 1686 ordinem
1194 1626 1334 1686 militum
1350 1626 1480 1688 institui
1494 1627 1685 1689 desiderent
1694 1630 1730 1689 in
1746 1646 1825 1705 pro-

1029 1722 1140 1783 vincia
1161 1722 1371 1784 Narbonensi
1389 1724 1457 1800 qui,
1477 1725 1564 1785 sicut
1582 1725 1765 1800 Templarii
1779 1725 1825 1805 (l)

1030 1821 1144 1880 contra
1155 1822 1541 1897 Saracenospugnantin
1553 1821 1826 1898 partibusOrien·

1030 1917 1084 1987 tis,
1106 1918 1152 1976 ita
1176 1918 1211 1977 in
1240 1917 1389 1993 partibus
1422 1918 1490 1979 illis
1519 1919 1691 1982 decertent
1712 1923 1825 1982 contra

1029 2014 1221 2076 haereticam
1243 2016 1441 2091 pravitatem
1475 2032 1536 2093 pro
1563 2017 1657 2094 pacis
1687 2034 1728 2079 ac
1751 2019 1825 2081 fidei

1029 2112 1175 2186 negotio,
1199 2112 1232 2172 et
1255 2112 1483 2174 ecclesiastica
1509 2113 1674 2183 libertate,
1696 2132 1827 2179 noseo-

1029 2225 1103 2268 rum
1117 2208 1276 2269 laudabili
1301 2209 1467 2270 desiderio
1488 2210 1636 2272 savorem
1651 2213 1824 2289 Apostoli·

1029 2320 1104 2366 cum
1130 2305 1369 2382 impendentes,
1391 2307 1614 2369 constituendi
1635 2309 1825 2386 hujusmodi

1029 2402 1156 2463 ordinis
1178 2403 1358 2464 secundum
1386 2404 1534 2482 aliquam
1548 2405 1589 2465 de
1604 2406 1824 2481 religionibus

1029 2501 1230 2577 approbatis,
1259 2501 1399 2562 liberam
1417 2503 1477 2563 tibi
1498 2504 1724 2576 concedimus,
1746 2521 1826 2565 auc·

1027 2598 1160 2660 toritate
1173 2599 1400 2674 praesentium,
1416 2599 1618 2671 facultatem,
1636 2601 1824 2677 illisionis

1028 2710 1152 2759 morem
1189 2711 1329 2771 quorum
1367 2696 1528 2770 elegerint
1556 2697 1673 2758 vivere
1701 2697 1824 2759 milites

1028 2792 1212 2862 memorati,
1243 2793 1369 2853 nullam
1394 2808 1453 2868 per
1468 2793 1529 2853 hoc
1553 2793 1823 2869 jurisdictionem

1028 2887 1193 2949 habituris
1214 2890 1249 2949 in
1268 2889 1369 2966 ipsos,
1396 2891 1461 2949 nisi
1484 2890 1569 2952 sorte
1590 2906 1638 2961 se,
1660 2891 1731 2951 illis
1747 2891 1825 2952 sub-

1028 2986 1109 3047 dere
1126 2987 1292 3049 voluerint
1307 2988 1487 3063 spontanea
1503 2988 1688 3049 voluntate.
1704 2990 1822 3050 Datum

1028 3085 1196 3152 Laterani,
1211 3086 1269 3144 Vll
1282 3084 1358 3145 idus
1372 3085 1473 3160 junii,
1490 3085 1704 3162 pontificatus
1720 3087 1823 3148 nostri

1028 3182 1260 3258 annoquinlo.

1297 3462 1552 3549 ccccxxiii

1027 3615 1080 3673 Ad
1106 3613 1316 3673 coactissimi
1339 3613 1374 3673 et
1400 3616 1566 3675 moniales
1590 3616 1623 3675 S.
1641 3615 1824 3676 Laurentii

1318 3713 1358 3771 de
1378 3712 1537 3772 Venonis

1324 3840 1427 3910 7juuii
1449 3841 1527 3898 litt.

1151 3962 1305 4028 [Cornelius.
1321 3963 1437 4013 Ecclesiae
1451 3965 1564 4022 Venetae,
1574 3966 1618 4022 Xl,
1632 3965 1700 4031 los]

1027 4089 1230 4147 blouasteriuur
1247 4089 1274 4144 S.
1292 4090 1436 4145 Laurentii
1458 4090 1632 4147 asolutione
1647 4089 1820 4149 deeimarum

1362 4177 1472 4234 linerat.

1067 4293 1233 4354 Honorius
1244 4293 1557 4370 episcopusservus
1566 4311 1740 4357 servorum
1750 4297 1818 4367 Del,

1027 4390 1157 4452 dilectis
1173 4391 1207 4450 in
1223 4391 1352 4451 Christo
1368 4391 1499 4452 filiabus
1512 4391 1690 4454 abbatissae
1706 4396 1819 4456 etmo-

1027 4529 1131 4601 palalio
1151 4529 1231 4601 regio
1245 4530 1423 4586 mansionem
1440 4529 1583 4588 habebant
1603 4532 1818 4607 Hierosolymis,

1026 4600 1073 4656 ubi
1098 4601 1238 4670 equestris
1262 4600 1331 4655 ordo
1355 4602 1476 4656 militum
1491 4603 1600 4673 Templi
1618 4603 1766 4662 institutus
1779 4610 1820 4660 est

1027 4685 1102 4726 anno
1128 4671 1282 4727 ncxvlll.
1318 4671 1508 4736 Conllunatus
1542 4679 1586 4729 est
1620 4681 1716 4730 autem
1747 4688 1819 4731 anuo

1026 4742 1196 4799 MCXXVlll
1216 4741 1243 4797 in
1259 4742 1381 4797 concilio
1396 4743 1539 4810 Treoensi,
1562 4743 1684 4815 preside
1699 4745 1820 4802 Matheo

1025 4809 1162 4868 cardinali
1181 4812 1316 4884 episcopo
1347 4813 1513 4881 Albaoensi‚
1543 4815 1571 4871 S.
1600 4814 1682 4873 Sedis
1710 4816 1737 4872 le
1762 4824 1815 4882 ato,

1026 4883 1121 4964 ibique
1142 4882 1277 4938 militibus
1303 4882 1358 4938 illis
1385 4882 1485 4939 tradita
1513 4884 1623 4956 regula,
1648 4895 1678 4941 et
1707 4831 1819 4943 buzites

1025 4954 1079 5009 albi
1093 4953 1197 5009 coloris
1211 4953 1402 5024 prescriptos,
1425 4955 1470 5010 cui
1495 4963 1592 5026 postea
1603 4971 1691 5026 super
1723 4959 1819 5014 allium

1024 5038 1138 5080 crucem
1155 5023 1272 5081 rubeam
1288 5025 1373 5080 attexi
1388 5026 1499 5081 curavit
1520 5027 1668 5098 Eugenius
1688 4972 1729 5085 lfl
1745 5043 1819 5085 anuo

1025 5095 1174 5153 llCXLVl.
1194 5094 1302 5168 Regula
1329 5095 1432 5167 legitur
1447 5094 1482 5151 ad
1497 5097 1605 5153 calcem
1619 5099 1734 5154 concilii
1751 5101 1832 5157 Tre·'

1024 5165 1229 5237 censis.Hujus
1252 5166 1396 5222 institutus
1422 5165 1487 5222 linis
1511 5175 1582 5230 erat,
1609 5169 1672 5225 vias
1693 5170 1820 5241 publicas

1024 5235 1176 5303 custodire,
1191 5235 1289 5293 iidelcs
1305 5237 1340 5292 ab
1356 5236 1532 5305 iulldelibus,
1554 5246 1583 5294 et
1602 5242 1819 5312 peregrinantes

1024 5306 1060 5362 ad
1079 5307 1139 5362 loca
1156 5307 1430 5374 sucre,christieoos
1445 5323 1460 5364 a
1475 5306 1641 5380 praedonum
1656 5310 1779 5380 insidiis,
1792 5317 1819 5367 et

1024 5378 1256 5444 Sarracenorum,
1272 5376 1424 5434 Christiani
1438 5379 1563 5435 nominis
1573 5376 1709 5448 hostium,
1723 5384 1815 5439 iucur-

175 5451 340 5507 Cioconium
352 5450 413 5504 loco
422 5462 487 5503 mox
495 5446 619 5511 laudato,
630 5446 665 5502 ad
676 5459 780 5501 artuum
792 5445 966 5513 MCClllllil,
1022 5447 1102 5503 sibus
1123 5446 1285 5514 defendere,
1302 5463 1337 5504 ac
1357 5450 1451 5506 tutari.
1469 5449 1563 5507 Adeas
1585 5459 1729 5521 auctores,
1749 5468 1818 5525 quos

173 5523 218 5578 vel
243 5519 448 5586 blCCA'XllVl;
464 5517 601 5576 odoricus
627 5518 666 5574 lla
689 5516 790 5573 ualdus
805 5514 841 5572 ed
860 5531 968 5573 anuum

175 5592 328 5651 llCCllllV
336 5606 344 5662 3
359 5589 497 5665 Ughellus
509 5588 544 5646 ad
557 5601 664 5644 aunum
704 5587 864 5645 CCXXVll.

1023 5518 1128 5584 laudat,
1144 5527 1172 5575 et
1195 5520 1300 5591 excipit
1316 5520 1433 5577 Carolus
1449 5523 1492 5578 liu
1507 5522 1604 5594 Cauge
1618 5522 1648 5578 in
1664 5524 1816 5587 dtossmio,

1023 5588 1109 5646 verbo
1137 5589 1300 5660 Tempiorii,
1322 5591 1493 5650 Consulondi
1517 5593 1604 5648 etiarn
1627 5591 1768 5656 Labbeus.
1790 5601 1819 5650 et

209 5662 251 5736 (l)
272 5664 318 5722 Sic
343 5661 410 5718 dicti
436 5660 501 5733 quia
523 5660 603 5733 juxta
632 5657 768 5730 templum
794 5656 966 5726 hominiis
1021 5659 1163 5718 hubertus
1175 5660 1287 5718 lliraens
1302 5658 1338 5718 de
1354 5661 1468 5734 origine
1480 5661 1610 5720 ordinum
1625 5665 1814 5737 Equestuum.
