3774 6186
121 302 182 364 609

121 461 298 523 ecclesiam
317 460 536 530 Vesambulae,
553 460 729 521 ecclesiam
751 459 791 520 de
810 461 914 519 Dom-

121 559 319 636 pnemcniae,
336 558 511 619 ecclesiam
526 557 566 619 16
592 558 748 619 11661666.
772 559 808 617 16
826 556 916 631 epis·

122 657 242 733 666616
255 658 405 726 Τ66666.,
422 656 597 716 666166166
619 655 730 716 Sancti
746 653 914 715 Benedicti

122 770 223 831 super
243 755 408 831 Sequana,
429 753 603 814 ecclesiam
624 752 664 813 16
679 752 791 827 Fegia,
808 750 917 812 eccle-

122 853 207 912 siam
233 852 345 913 Sancti
373 851 541 912 Benedicti
569 850 679 911 Curiis
704 849 848 911 Marivli.
877 850 913 907 ln

122 949 316 1026 episcopatu
354 949 548 1020 Belvacen.,
585 947 760 1009 ecclesiam
803 946 915 1007 Sancti

123 1047 213 1108 Petri
232 1046 392 1108 himerici
407 1045 528 1107 Curtis.

163 1146 199 1205 ln
237 1143 524 1220 archiepiscopatu
552 1145 703 1213 Remea,
740 1141 914 1203 ecclesiam

123 1241 236 1302 Sancti
251 1241 421 1302 Benedicti
436 1241 476 1301 16
490 1238 648 1301 Scrbone.
664 1242 701 1300 ln
723 1240 916 1316 episcopatu

123 1338 269 1413 sagien,
284 1338 460 1398 ecclesiam
473 1337 513 1397 de
536 1337 721 1411 Magntaco,
741 1335 915 1397 ecclesiam

121 1436 161 1495 de
176 1438 321 1511 Perreja.
335 1435 427 1495 Alias
447 1450 575 1511 quoque
590 1434 760 1504 ecclesias,
777 1434 809 1494 61
824 1433 916 1494 deci-

120 1549 204 1603 666,
219 1548 301 1608 quas
312 1535 400 1608 juste
409 1533 441 1592 et
449 1531 608 1592 canonice
622 1531 811 1608 possidetis,
822 1530 916 1591 vobis

120 1630 339 1691 nibilominus
352 1630 597 1690 confirmamus.
612 1628 796 1706 Adjicimus
816 1629 916 1689 etiam

120 1732 282 1805 praeterea
298 1726 536 1803 preposituras
549 1727 661 1787 Sancti
671 1726 839 1786 Benedicti
849 1731 917 1786 Au-

119 1826 282 1886 relianen.
300 1825 339 1885 de
354 1825 508 1901 Stampis,
525 1824 565 1885 dc
575 1823 754 1895 dunavilla,
768 1823 807 1884 de
818 1825 917 1884 Curta

120 1921 706 1994 1166166666,16116661166616,
733 1921 773 1982 16
802 1921 915 1992 Disce,

120 2021 331 2091 castellione,
367 2019 406 2079 16
436 2019 573 2090 Villare,
603 2019 717 2079 Sancti
748 2017 916 2079 Benedicti

120 2135 196 2179 cum
219 2134 333 2181 earum
355 2117 573 2194 pertinentiis
589 2119 621 2177 et
639 2116 779 2191 burgum
804 2115 916 2177 Sancti

119 2215 291 2277 Benedicti
315 2232 389 2275 cum
404 2216 472 2276 1616
486 2214 584 2276 valle.
611 2215 767 2286 Quartam
790 2214 916 2290 partem

120 2315 307 2373 Furnorum
336 2312 376 2373 de
402 2312 570 2383 Lorriaco,
594 2327 613 2371 a
643 2311 809 2373 Ludovico
839 2326 917 2385 rege

120 2413 324 2471 Francorum
335 2412 424 2486 juste
433 2409 525 2471 vobis
536 2425 738 2480 concessam,
751 2411 784 2471 et
794 2409 917 2484 scripto

120 2525 181 2569 666
207 2508 381 2568 firmatam.
414 2507 534 2567 Villam
561 2507 602 2567 de
625 2508 811 2582 Mentinges
842 2522 917 2567 cum

120 2605 275 2672 ecclesia.
296 2607 328 2666 et
352 2607 476 2665 terram
506 2605 742 2681 Spicaemagnis
769 2621 788 2665 a
812 2603 916 2665 nobili

122 2705 194 2764 6166
207 2702 371 2764 Randullc
380 2703 526 2763 Cestren.
537 2703 656 2764 comite
667 2702 814 2777 legitime
823 2700 916 2763 66116

121 2804 154 2862 61
166 2801 315 2862 ecclesiae
331 2804 450 2860 vestrae
465 2816 668 2871 concessam,
686 2798 825 2862 etbonae
842 2816 916 2860 me-

122 2899 236 2959 moriae
248 2897 382 2960 Roberti
392 2897 598 2958 lincolnien.
622 2897 769 2974 episcopi
794 2898 916 2974 pagina

121 2994 322 3057 roboratam.

160 3094 208 3154 Ad
225 3093 308 3164 haec,
322 3093 429 3154 lelicis
443 3094 613 3154 memoriae
628 3108 789 3170 paparum
804 3094 916 3167 Buge-

122 3191 188 3262 611,
218 3190 355 3251 Adriani
387 3192 420 3251 et
447 3191 628 3253 Alexandri
666 3191 915 3252 antecessorum

121 3288 913 3363 nostrorumvestigiisinhaerentessententiam,

121 3401 219 3463 quam
235 3385 321 3445 idem
337 3385 504 3461 Eugenius
524 3386 612 3446 inter
631 3401 702 3457 666,
720 3388 752 3446 61
771 3384 916 3446 6611166

120 3484 229 3543 61666
254 3483 418 3543 Hilarium
448 3483 488 3543 de
512 3483 672 3544 'lussiaco
697 3498 798 3558 super
822 3481 914 3551 villa,

121 3597 195 3657 quac
219 3580 344 3641 Villare
373 3579 505 3651 dicitur,
533 3579 574 3640 de
603 3580 745 3641 consilio
774 3580 916 3641 fratrum

119 3691 268 3746 suorum,
284 3677 515 3753 promulgasse
526 3676 742 3752 dignoscitur,
756 3693 816 3737 nos
832 3692 916 3754 quo-

119 3790 183 3849 quc
198 3774 397 3834 auctoritate
415 3774 604 3850 apostolica
620 3772 865 3847 confirmamus,
883 3775 916 3833 et

115 3872 212 3947 juxta
224 3871 462 3932 continentiam
473 3870 641 3948 privilegii
656 3873 728 3946 ejus
744 3870 866 3941 datam,
881 3871 914 3929 in

119 3971 289 4044 posterum
299 3967 508 4029 decernimus
524 3984 730 4044 permanere.
745 3969 915 4045 11116166-

118 4068 168 4126 166
190 4065 290 4126 61166
316 4068 351 4127 61
375 4067 547 4126 concessio
567 4066 637 4137 illa,
658 4082 754 4143 quam
777 4067 915 4128 carissi-

119 4165 244 4224 66616
267 4163 397 4224 (1161616
413 4163 501 4223 illius
524 4166 637 4224 666166
656 4163 853 4235 Ludovicus,
871 4165 914 4225 il-

119 4260 235 4321 lustris
255 4263 458 4321 Francorum
478 4261 607 4332 66616
627 4262 742 4322 Castro
763 4261 913 4323 Molineti

118 4357 213 4418 66116
239 4357 358 4418 1661666
381 4357 588 4434 dignoscitur
613 4358 646 4419 et
670 4358 793 4434 scripto
820 4360 912 4436 regio

119 4455 347 4527 confirmasse,
365 4456 437 4515 rata
460 4455 628 4531 perpetuis
654 4454 858 4531 temporibus
881 4460 913 4518 et

118 4552 299 4613 immobilis
320 4553 520 4628 perseveret.
537 4553 769 4614 venditionem
786 4557 911 4630 praete-

118 4653 210 4710 terea
226 4665 245 4709 a
262 4649 405 4710 Roberto
426 4649 466 4710 de
482 4649 642 4711 Molineto
657 4649 697 4710 de
720 4651 789 4711 tota
808 4652 910 4719 terra,

118 4763 216 4824 quam
239 4745 429 4823 possidebat
454 4763 474 4807 a
499 4747 605 4808 strata
630 4747 772 4823 publica,
797 4765 870 4825 quae
892 4765 911 4809 a

119 4845 277 4905 berriaco
293 4845 457 4905 soliacum
473 4843 564 4905 ducit
580 4845 738 4920 usquead
756 4847 911 4907 Sanctum

117 4941 343 5011 Benedictnm,
353 4942 386 5003 et
396 4941 437 5003 de
447 4941 638 5003 molendino
649 4945 744 5020 cujus
757 4945 911 5019 stagnum

117 5043 289 5115 totumque
304 5038 530 5100 Latitundium
555 5040 639 5100 citra
661 5042 799 5101 stratam
819 5042 910 5101 illam

117 5153 135 5196 a
152 5140 247 5213 parte
261 5136 375 5197 Sancti
395 5134 576 5203 Benedicti,
591 5136 815 5198 molendinum
832 5154 910 5201 vero

116 5234 225 5309 ipsum
239 5234 326 5294 ultra
337 5235 487 5303 stratam,
498 5249 639 5293 assensu
657 5233 807 5309 praedicti
821 5237 910 5311 rogis

115 5331 211 5393 vobis
227 5333 384 5392 61666166
400 5331 602 5391 monasterio
623 5329 755 5402 iactam,
773 5334 911 5409 616166-

116 5430 190 5490 dem
214 5429 308 5503 regio
334 5428 458 5503 scripto
486 5428 661 5500 firmatam,
679 5429 713 5488 in
738 5445 798 5489 suo
822 5433 909 5492 statu

115 5528 276 5603 perpetuo
289 5541 425 5586 manere
440 5526 619 5586 sancimus.

154 5628 244 5685 Sane
255 5621 296 5682 de
308 5623 523 5700 presbyteris,
535 5625 590 5700 qui
605 5640 663 5700 per
676 5626 853 5700 parochias
868 5626 908 5687 61

259 5776 373 5820 ramos.
389 5776 462 5820 6666
475 5765 524 5820 lll.

748 300 976 361 EPISTOLAE.
1000 298 1077 358 hle.
1102 299 1138 356 V.

1703 295 1763 352 clu

971 456 1171 518 monasteria
1183 454 1397 531 pertinentes,
1412 454 1447 514 in
1464 452 1616 515 ecclesiis
1630 452 1761 514 consti-

970 557 1120 624 tuuntur,
1131 552 1388 629 praedecessoris
1402 553 1509 613 nostri
1520 554 1644 613 sauctae
1656 565 1764 610 recor·

971 651 1115 712 dationis
1130 649 1255 712 Urbani
1271 665 1362 726 papae
1377 643 1576 711 sententiam
1592 648 1766 708 66611666-

971 765 1054 819 666,
1072 748 1106 810 61
1120 748 1277 809 611611661
1298 746 1445 818 6116166,
1466 748 1500 808 16
1516 745 1763 823 parochialibus

971 845 1122 906 ecclesiis
1138 860 1220 922 quas
1234 845 1349 906 166661
1361 845 1592 920 66166666666
1608 844 1761 914 consilio,

971 943 1182 1020 presbyteros
1198 941 1675 1018 661166661661166,61116661
1691 942 1765 1002 hie-

970 1041 1047 1111 rint,
1065 1041 1212 1117 episcopi
1228 1039 1396 1116 parochiae
1416 1054 1529 1099 curam
1545 1055 1619 1100 cum
1635 1039 1764 1100 abbatis

971 1153 1135 1198 consensu
1154 1138 1371 1207 committant,
1390 1140 1425 1198 ut
1439 1136 1629 1214 hujusmodi
1651 1153 1765 1198 sacer-

971 1235 1063 1296 dotes
1079 1236 1119 1295 de
1135 1235 1240 1310 plebis
1256 1235 1387 1311 quidem
1399 1250 1479 1295 6666
1490 1235 1645 1312 66166666
1661 1236 1766 1297 ratio-

971 1349 1046 1394 nem
1063 1333 1216 1406 reddant3
1232 1332 1342 1394 abbati
1357 1349 1436 1394 vero
1449 1349 1509 1409 666
1523 1332 1621 1393 66166
1637 1335 1765 1409 tempo-

971 1429 1097 1490 ralibus
1117 1430 1159 1490 ad
1182 1430 1417 1491 monasterium
1439 1430 1681 1506 pertinentibus
1702 1414 1787 1491 de?

970 1527 1524 1604 11166661166116666661116661,
1538 1532 1572 1590 et
1585 1528 1633 1589 sic
1645 1529 1765 1605 cuique

967 1627 1045 1701 jnra
1075 1641 1135 1685 666
1162 1627 1348 1686 serventur.
1388 1625 1607 1686 Prohibemns
1635 1641 1765 1702 quoque

973 1723 1017 1794 ut,
1031 1722 1117 1782 intra
1134 1723 1310 1799 parochias
1332 1724 1550 1784 ecclesiarum
1565 1728 1764 1794 vestrarum,

973 1821 1084 1881 nullus
1097 1821 1268 1892 ecclesias,
1285 1821 1338 1881 661
1353 1822 1501 1897 capellas
1517 1821 1641 1898 absque
1655 1824 1766 1884 666166

973 1934 1116 1980 6666666
1130 1919 1165 1978 16
1181 1918 1338 1980 166666
1359 1935 1475 1979 66666
1491 1919 1657 1981 aediiicare
1675 1937 1766 1997 6666-

972 2017 1091 2078 66661.
1104 2017 1360 2078 Distracticnem
1375 2033 1455 2077 vero
1467 2017 1673 2102 bonorumet
1688 2034 1769 2095 pos·
1846 2056 1849 2060 ⁴

973 2116 1159 2176 sessionum
1172 2114 1278 2190 166166
1288 2116 1482 2176 monasterii
1493 2116 1609 2177 contra
1618 2119 1768 2177 Romana

973 2213 1148 2289 privilegia
1164 2213 1281 2274 illicite
1297 2213 1416 2274 tactam
1432 2223 1769 2291 evacuamus,'eaque

972 2310 1769 2372 admonasteriumrevocaricensemus.0beunte

972 2409 1093 2469 666616
1105 2408 1351 2485 nuncejnsdem
1364 2409 1427 2468 loci
1439 2407 1623 2479 abbate,vel
1635 2413 1768 2470 tuorum

972 2504 1119 2583 quolibet
1136 2520 1377 2577 successorum,
1395 2509 1471 2577 etc,
1485 2522 1593 2580 usque
1609 2506 1768 2582 provide-

973 2604 1041 2664 rint
1060 2604 1259 2676 eligendam.
1283 2603 1415 2663 Electus
1442 2605 1551 2663 autem
1578 2606 1769 2664 aR01nano

973 2701 1143 2771 Pontifice,
1158 2702 1212 2762 vel
1227 2716 1246 2760 a
1267 2716 1474 2776 quocumque
1488 2701 1632 2762 voluerit
1647 2702 1768 2762 catho-

972 2798 1037 2858 lico
1066 2800 1232 2875 episcope,
1259 2797 1487 2864 benedicatur,
1520 2799 1698 2877 nullusque
1726 2800 1770 2860 dc

972 2896 1090 2956 ordine
1113 2896 1324 2966 sacerdotali,
1340 2897 1611 2974 archiepiscopus
1628 2898 1767 2967 scilicet,

972 2996 1030 3055 661
1051 2996 1236 3071 661666666,
1256 2995 1433 3056 autetiam
1455 2993 1624 3055 interioris
1641 2996 1769 3056 ordinis

971 3091 1123 3152 abbatem
1139 3093 1337 3167 inquietare,
1355 3108 1416 3151 666
1430 3095 1547 3152 666166
1563 3093 1767 3154 6616616166

971 3189 1077 3266 ipsius
1101 3189 1142 3249 ad
1170 3189 1257 3249 idem
1286 3188 1525 3249 monasterium
1552 3190 1680 3261 venire,
1709 3196 1768 3252 aut

972 3288 1117 3364 aliquam
1142 3285 1386 3348 ordinationem
1406 3285 1457 3347 vel
1478 3287 1599 3348 missas
1615 3287 1766 3365 publicas

972 3385 1142 3446 celebrare
1158 3387 1347 3461 praesumat.

1009 3482 1768 3561 Nullaetiarnecclesiasticasaecularisveper-

971 3581 1766 3658 scnaidemmonasterium,velejuspertinentias

970 3678 1139 3750 invadere,
1152 3679 1204 3740 vel
1221 3680 1382 3750 minuere,
1397 3679 1502 3739 autin
1516 3696 1681 3756 quoquam
1695 3698 1767 3743 mo-

970 3775 1102 3846 lestare,
1121 3792 1181 3836 nec
1196 3776 1362 3853 subjectas
1379 3776 1428 3836 illi
1444 3792 1603 3852 personas
1616 3778 1688 3837 sine
1701 3794 1765 3840 vo·

969 3873 1095 3934 luntate
1111 3872 1240 3934 abbatis
1263 3873 1463 3947 distringere
1482 3873 1613 3934 audeat.
1630 3874 1678 3934 nd
1695 3875 1767 3936 baec

969 3968 1163 4045 adjicientes
1175 3970 1361 4039 statuimus,
1380 3972 1415 4031 ut
1431 3969 1465 4029 16
1479 3970 1644 4030 6666661
1661 3971 1766 4032 16166-

968 4067 1055 4127 11616
1082 4065 1301 4127 11666166116
1327 4066 1360 4126 16
1388 4066 1461 4143 1666
1485 4067 1573 4128 16611
1595 4069 1765 4130 Benedicti

968 4164 1171 4225 monasterio
1204 4163 1318 4224 divina
1353 4164 1461 4225 offlcia
1499 4164 1684 4240 celebrare;
1717 4167 1763 4228 116

967 4265 1078 4322 16666
1096 4263 1132 4322 61
1146 4260 1314 4322 interdicti
1330 4261 1382 4322 vel
1399 4263 1677 4324 excommunicati
1693 4263 1765 4323 nul·

968 4360 1097 4420 latenas
1127 4359 1365 4432 admittantur;
1394 4359 1552 4421 fratribus
1573 4362 1683 4421 autem
1705 4361 1762 4438 qui

967 4457 1001 4517 in
1020 4456 1101 4516 locis
1128 4456 1327 4518 6616616666
1351 4457 1551 4533 regulariter
1574 4459 1759 4534 nequeunt,

967 4554 1074 4614 studio
1103 4555 1317 4616 meliorandae
1341 4556 1416 4617 vitae
1439 4555 1478 4614 ad
1507 4555 1614 4630 ipsum
1643 4556 1762 4616 ducem

967 4652 1204 4712 monachorum
1219 4652 1397 4724 coningere
1413 4651 1511 4713 liceat
1526 4652 1630 4712 donec
1647 4652 1762 4712 166616

966 4749 1084 4824 religio
1100 4749 1306 4809 reformetur.
1325 4747 1359 4806 Si
1381 4764 1461 4808 6666
1479 4749 1591 4818 61166,
1609 4749 1661 4809 661
1687 4766 1761 4812 mo-

966 4847 1093 4907 nachus
1108 4846 1148 4905 de
1162 4844 1276 4906 eodem
1288 4846 1489 4906 monasterio
1506 4847 1761 4909 allecclesiasti·

966 4943 1763 5020 camdignitatempromotusluerit,n0nillicha-

965 5040 1041 5102 beat
1053 5041 1191 5102 alterius
1208 5042 1402 5118 potestatem
1418 5042 1618 5114 remorandi,
1628 5046 1686 5105 aut
1696 5044 1762 5104 ali-

966 5139 1042 5215 quid
1064 5139 1251 5199 crdinandi.
1273 5138 1505 5200 interdicimus
1520 5140 1620 5200 etiam
1636 5139 1762 5202 66166-

965 5236 1018 5307 16,
1042 5252 1115 5312 quae
1139 5236 1180 5296 de
1197 5239 1307 5296 vestro
1323 5237 1478 5297 tenentur
1501 5239 1702 5298 monasterio
1718 5237 1760 5298 ad

965 5333 1049 5394 alias
1071 5333 1231 5394 ecclesias
1246 5334 1371 5410 absque
1385 5337 1495 5395 666166
1507 5350 1648 5394 6666666
1662 5336 1759 5396 1666-

965 5433 1069 5502 66661,
1085 5433 1118 5490 61
1133 5447 1194 5491 666
1207 5431 1276 5507 1666
1288 5432 1400 5503 61166,
1419 5449 1479 5493 666
1495 5433 1606 5510 aliqua
1619 5448 1760 5508 persona

966 5529 1192 5606 possessiones
1207 5530 1312 5605 ipsius
1332 5531 1523 5591 monasterii
1549 5531 1583 5590 in
1600 5533 1761 5608 potestate

963 5628 1104 5687 alterius
1116 5627 1218 5702 possit
1230 5627 1393 5702 redigere,
1409 5627 1493 5687 sicut
1505 5628 1761 5703 praedecessoris

1555 5768 1589 5825 20
