3824 6180
125 275 186 337 435
745 278 921 339 bonomi
943 279 988 339 111
1011 281 1159 342 OPERA.
1716 288 1782 346 tae

126 434 311 497 annuentes
324 435 509 497 cessionem
529 437 612 512 ejus,
625 433 665 496 de
684 433 823 497 fratrum
838 451 921 498 nos·
976 438 1061 499 tram
1090 439 1347 503 sollicitudinem
1372 441 1524 503 ecclesie
1549 456 1621 504 suaa
1648 443 1774 506 utilitas

125 535 254 594 trorum
289 533 440 604 consilio,
476 531 635 593 duximus
672 532 920 595 admittendam.
976 538 1183 613 procuretur,
1199 538 1246 600 ita
1268 538 1353 615 quod
1367 553 1388 600 a
1403 541 1470 602 Deo
1495 540 1665 612 meritum,
1685 542 1721 602 et
1733 541 1774 605 ab

127 631 291 691 Caeterum
304 646 345 692 ne
353 631 527 693 Bisuntina
539 631 649 699 sedes,
660 632 804 707 pastoris
812 629 921 692 otilcio

128 726 252 788 dlutius
265 728 433 801 destituta,
442 729 651 806 dispendium
662 729 817 805 patiatur,
827 727 921 789 vobis

125 841 186 902 per
199 826 387 902 Apostolica
405 825 533 903 scripta
549 826 743 887 mandamus
758 826 922 903 quatenus

127 922 180 994 iis,
189 939 328 999 quorum
340 924 479 985 interest
489 923 624 1000 eligere,
635 923 724 984 inira
734 922 921 999 quindecim

126 1020 199 1082 dies
212 1021 286 1098 post
300 1023 544 1098 susceptionem
564 1020 777 1098 praesentium
792 1019 922 1080 denun-

127 1119 212 1180 tiare
226 1120 360 1190 curetis,
378 1120 424 1191 ut,
439 1118 526 1180 inira
541 1134 689 1180 mensem
702 1120 776 1195 post
787 1117 921 1178 denun-

126 1216 300 1278 tiationem
324 1217 445 1278 factam
469 1216 606 1289 eisdem,
623 1215 687 1276 sibi
703 1230 762 1291 per
779 1214 920 1276 electio-

128 1329 204 1376 nem
231 1315 426 1376 canonicam
453 1313 495 1375 de
516 1329 658 1390 persona
684 1312 824 1383 idonea,
848 1327 920 1388 quae

127 1413 219 1473 tanto
248 1414 410 1488 congruat
442 1412 536 1473 oneri
564 1413 598 1473 et
626 1411 757 1481 honori,
785 1409 921 1486 provide

975 635 1166 709 Apostolica
1181 635 1265 697 Sede
1279 636 1422 712 gratiam
1436 637 1597 714 consequi
1617 638 1772 716 valeatis.

976 730 1094 793 Datum
1108 732 1261 806 viterbii,
1270 736 1388 801 octavo
1402 733 1479 795 idua
1487 735 1589 812 junii,
1599 734 1785 812 pontifice«

976 828 1029 888 tus
1043 829 1149 890 nostri
1164 845 1252 892 anno
1266 832 1396 907 quarto.

1277 989 1470 1081 timui

975 1115 1027 1175 Ad
1051 1115 1249 1189 eptrcopum
1267 1115 1302 1177 et
1322 1115 1511 1190 capitutum
1532 1117 1783 1178 modenensis

1292 1214 1459 1275 dicae-ests.

1267 1325 1302 1385 27
1316 1326 1384 1383 maii
1396 1325 1475 1383 lato.

1007 1429 1180 1496 [liegest.‚lib.
1192 1433 1235 1491 iv,
1248 1432 1322 1497 epist.
1332 1431 1456 1483 780tllss.
1472 1433 1508 1483 La
1517 1433 1592 1483 Porta
1603 1432 1640 1483 du
1650 1433 1745 1498 lircil]

129 1511 309 1586 l)1‘⁰⁰¹¹¹'t³¹1t
322 1509 358 1570 1¹¹
379 1509 569 1587 POlltffloeffl
582 1507 615 1570 θῑ
630 1510 807 1584 Pamm-
824 1506 920 1568 ΑΗΘ·
976 1528 1103 1601 injungit
1118 1537 1148 1587 ut
1161 1529 1328 1604 Raynmndo
1337 1529 1513 1588 subdiacono
1522 1537 1552 1587 et
1567 1531 1681 1588 notario
1694 1546 1775 1604 papa

128 1606 208 1683 quin
221 1606 372 1667 volumus
386 1609 419 1668 et
432 1606 581 1668 districte
592 1604 814 1683 praecipiendo
826 1619 924 1665 man·
1010 1614 1133 1675 tructam
1148 1618 1309 1690 prebenda
1323 1619 1378 1692 ipat
1394 1619 1425 1676 in
1449 1633 1549 1676 aarum
1562 1620 1685 1677 eccesia
1701 1622 1773 1677 assa

128 1703 256 1777 damus,
268 1706 305 1766 ut
326 1719 370 1766 ex
388 1705 468 1766 tunc
482 1707 625 1780 quatuor
639 1719 682 1764 ex
703 1701 836 1764 illorum
859 1718 923 1761 nu·
1010 1713 1108 1779 gnata
1118 1707 1264 1780 percipere
1276 1709 1449 1781 permittant,
1465 1708 1598 1780 quamue
1612 1707 1776 1767 residentia

129 1792 221 1861 mero
256 1815 395 1877 quorum
434 1799 585 1861 videritis
621 1799 804 1870 interesse,
839 1796 921 1859 viris
1011 1795 1105 1866 legem
1121 1796 1274 1855 observare
1287 1812 1344 1854 non
1359 1799 1508 1870 potuisset.

127 1897 275 1974 providis
291 1897 499 1969 etdiscretis,
512 1898 568 1974 qui
580 1896 675 1959 robis
685 1895 727 1959 ad
738 1896 802 1959 boc
815 1895 922 1970 magis
1016 1905 1196 1977 Honorius,
1202 1904 1278 1976 ete„
1287 1903 1610 1967 venerabililratri...
1619 1904 1777 1983 episcopo

127 1994 240 2056 idonei
262 1995 473 2066 videbuntur,
503 1995 700 2058 auctoritate
731 1999 845 2055 nostra
869 1992 923 2053 in·
976 2001 1009 2062 et
1023 2003 1168 2079 capitulo
1181 2003 1388 2073 bardanem,
1403 2002 1555 2073 salutem,
1569 2001 1633 2063 etc·

31 2140 35 2146 ,
122 2093 266 2169 iungere
298 2093 497 2170 procuretis,
529 2094 565 2154 ut
593 2092 767 2168 usquead
801 2090 921 2152 testum
1016 2098 1161 2161 Dilectus
1189 2101 1278 2161 iilius
1299 2100 1638 2175 Raimundus,nepos
1662 2098 1776 2160 dilecti

13 3193 16 3197 ‚
127 3110 179 3174 Ad
193 3113 295 3187 cptsc.
311 3113 563 3188 Ltnponeasem
578 3111 612 3172 et
627 3111 921 3177 suessionensem.

129 2190 243 2251 Sancti
267 2190 441 2251 Michaelis
468 2190 621 2267 proximo
646 2189 779 2250 venturi
808 2190 921 2248 nostro
976 2193 1036 2254 lilii
1049 2197 1198 2272 magistri
1209 2196 1372 2259 Obitionis
1381 2196 1646 2258 subdiacetnot.
1655 2197 1786 2269 nostri„

127 2285 920 2365 ‹mmmmmsepaeoemmtdmmpmmdm‚
976 2293 1777 2372 manmmpmmmmmmcmntpmdamma

127 2386 264 2447 auctore
285 2386 436 2458 Domino,
460 2385 656 2447 duxerimus
685 2383 922 2447 conferendum
976 2389 1778 2469 praehendaequamineclesiavegtraslbicontuli.

127 2482 256 2552 devote,
270 2483 357 2545 sicut
368 2483 473 2556 decet,
487 2498 527 2544 ac
550 2483 722 2545 humiliter
742 2480 920 2557 recepturi.
975 2506 1049 2550 mus
1064 2491 1170 2567 primo
1186 2505 1284 2560 anno,
1293 2489 1326 2549 id
1338 2489 1493 2564 exigente
1506 2487 1611 2565 ipsius
1623 2489 1781 2551 eeclesiae

127 2581 219 2652 Quod
231 2581 259 2640 Si
275 2597 341 2642 non
352 2580 448 2642 ambo
467 2581 510 2640 iis
525 2579 746 2657 exsequendis
761 2580 922 2640 interesse
976 2586 1225 2657 consuetudine,
1235 2602 1301 2649 non
1310 2585 1469 2664 percepit.
1479 2586 1574 2646 Circa
1586 2584 1778 2648 linemvere

128 2677 316 2753 potueritis,
335 2679 435 2739 Otcm·
457 2678 576 2738 Datum
593 2675 745 2746 viterbii,
761 2677 837 2736 VIII
852 2674 920 2734 kal.
976 2684 1123 2762 ejflgdem
1138 2684 1218 2745 anni
1241 2682 1281 2745 dg
1298 2682 1516 2761 quorumdam
1530 2685 1678 2745 vestrum
1694 2699 1777 2744 con.

124 2773 226 2851 ΜΠ,
243 2774 570 2851 pontificatusnostri
587 2773 816 2849 annoquarto.
976 2781 1052 2842 silio
1075 2797 1141 2843 non
1161 2782 1235 2843 sine
1254 2780 1412 2858 grauibus
1431 2780 1600 2857 expensis,
1622 2783 1655 2842 et
1669 2780 1780 2842 inter-

976 2879 1129 2956 ruptione
1144 2879 1244 2941 studii
1259 2878 1301 2939 ad
1317 2878 1423 2955 ipsam
1439 2877 1581 2939 accessit
1594 2877 1777 2939 ecclesiam

977 2976 1016 3037 de
1031 2991 1125 3038 more
1137 2974 1284 3038 lactarus
1298 2975 1513 3037 residentiam
1536 2974 1719 3048 ineadem,
1737 2991 1777 3039 ac

976 3074 1057 3134 anni
1085 3074 1252 3150 sequentis
1276 3072 1404 3135 fructus
1431 3072 1593 3134 instantes
1619 3071 1780 3135 videlicet

977 3171 1200 3249 percepturus.
1219 3173 1366 3247 eumque
1387 3169 1457 3231 lere
1472 3185 1531 3246 per
1545 3170 1673 3245 septem
1698 3186 1791 3247 sep-

976 3269 1132 3339 timanas,
1144 3267 1324 3329 resedisset
1333 3267 1468 3339 ibidem,
1483 3267 1676 3329 asseruistis
1691 3266 1778 3345 quod

977 3366 1158 3428 residentia
1180 3381 1239 3427 sua
1256 3365 1319 3426 sibi
1339 3365 1507 3427 fructuosa
1523 3380 1590 3427 non
1613 3367 1698 3438 erat,
1716 3380 1777 3427 nec

978 3464 1078 3525 etiam
1091 3463 1335 3525 secundo-anno
1348 3461 1474 3526 tructus
1484 3463 1682 3540 perciperet,
1696 3464 1776 3541 quia

977 3561 1075 3623 erant
1088 3561 1245 3624 solutioni
1259 3560 1446 3622 debitorum
1465 3561 1608 3638 ejusqui
1623 3561 1776 3623 eamdem

978 3659 1188 3737 praebendam
1219 3657 1407 3721 obtinuerat
1437 3674 1496 3734 per
1523 3658 1774 3720 concessionem

977 3759 1080 3828 tuam,
1097 3755 1201 3817 irater
1217 3758 1383 3834 episcope,
1400 3755 1464 3816 sibi
1488 3755 1609 3817 iactam
1632 3755 1711 3817 dum
1726 3756 1779 3817 vi-

121 3855 311 3930 lingonen.
336 3856 371 3916 et
392 3854 605 3917 suessionen.
627 3852 802 3930 episcopis,
827 3853 921 3916 salu·
978 3856 1070 3916 verat
1084 3854 1242 3931 deputati.
1258 3855 1297 3915 lit
1310 3853 1442 3931 quidem
1455 3853 1484 3914 si
1495 3853 1688 3931 hujusmodi
1701 3869 1790 3915 con·.

127 3953 205 4025 tem,
221 3953 284 4014 etc.
978 3952 1085 4014 cessio
1101 3950 1205 4013 libere
1226 3952 1299 4012 fleri
1313 3950 1484 4028 potuisset,
1507 3951 1639 4027 aequius
1661 3952 1774 4013 tamen

167 4052 272 4122 Quum
305 4047 385 4110 olim
416 4046 559 4110 dilectus
591 4047 716 4109 illius...
747 4048 921 4109 Belvacen.
978 4049 1088 4111 dierat
1110 4049 1143 4111 id
1160 4048 1301 4125 intelligi
1323 4048 1365 4111 de
1382 4047 1545 4109 ductibus
1560 4048 1660 4125 primi
1684 4049 1778 4121 anni,

124 4147 249 4208 electus
260 4148 296 4209 in
309 4148 422 4207 Terrae
437 4146 569 4206 sanctes
591 4144 775 4207 subsidium
790 4144 921 4222 prolec—
977 4147 1162 4226 praesertim
1173 4163 1248 4209 cum
1269 4162 1354 4209 onus
1368 4145 1557 4224 hujusmodi
1572 4146 1788 4208 commodius

124 4247 219 4308 turus
233 4244 305 4316 tibi,
320 4243 424 4305 irater
439 4243 636 4318 Lingones„
649 4245 727 4305 tunc
740 4243 880 4315 cantori,
891 4244 924 4305 et
977 4244 1058 4306 ferri
1074 4243 1253 4322 potuerita
1277 4242 1426 4320 pluribus
1442 4258 1541 4320 quam
1563 4242 1605 4304 ab
1621 4259 1701 4314 uno,
1717 4258 1778 4304 nec

126 4341 221 4403 bonae
242 4342 412 4403 memorias
426 4343 462 4401 B.
486 4340 723 4402 archidiacono
745 4341 920 4401 Belvacen.
977 4343 1027 4404 sic
1053 4342 1233 4404 absurdum
1259 4340 1361 4403 ltrerit
1381 4339 1507 4403 tructus
1521 4343 1601 4402 tunc
1623 4342 1776 4417 proximo

411 2969 643 3056 CXXXVHI

415 3233 450 3292 25
467 3233 535 3290 maii
553 3233 632 3291 1220.

117 3388 120 3394 «
157 3349 277 3414 mages,
290 3348 335 3401 lib.
346 3348 390 3410 iv,
398 3347 473 3412 epist.
484 3346 541 3398 77⁷.
555 3348 614 3399 lise.
625 3344 890 3407 maenomenon]

127 3455 206 3514 Facit
228 3456 271 3513 eis
299 3461 468 3529 potestatem
493 3454 689 3526 episcopatum
718 3452 922 3510 belvacensem

162 3542 389 3610 administrandi,
406 3541 543 3615 quamdiu
567 3542 751 3600 belvacensis
769 3541 876 3597 electus
888 3539 923 3597 ad

160 3630 317 3689 subsidmm
331 3632 425 3689 Terra
435 3631 549 3689 Sancte
563 3631 805 3704 peregrinaretur.

166 3756 345 3825 Honorius,
368 3757 444 3828 etc„
465 3754 712 3819 venerabilibus
728 3755 922 3817 iratribus...

4 4454 7 4459 ·
125 4438 265 4500 liberam
281 4440 314 4500 et
327 4439 516 4515 generalem
531 4437 852 4500 administrationem
867 4454 924 4498 ec·
977 4440 1182 4517 colligendos
1199 4439 1391 4506 concedere,
1408 4454 1506 4515 quam
1526 4437 1777 4501 concessionem

127 4536 239 4599 clasiae
254 4551 323 4596 suae
342 4535 377 4595 in
391 4535 589 4612 praebendis,
612 4537 645 4597 et
659 4533 736 4596 aliis
751 4534 923 4596 beneflciis
978 4537 1171 4616 hujusmodi
1186 4552 1275 4599 anno
1297 4537 1472 4613 interjecto
1496 4550 1555 4613 per
1579 4535 1703 4598 saltum
1718 4552 1781 4598 ex-

125 4633 345 4704 conlerendis,
358 4648 398 4694 ac
415 4633 491 4695 aliis
506 4633 641 4694 duxerit
655 4631 922 4694 committendam
977 4636 1114 4696 tendere
1129 4634 1169 4696 ad
1182 4633 1322 4696 futuros.
1339 4633 1500 4697 Nolentes
1512 4633 1617 4710 igitur
1626 4634 1778 4696 eumdem

126 4729 924 4802 substituenste,iratersuessionensi's,tunctlte·
979 4735 1017 4795 ll.
1035 4732 1154 4793 ellectu
1168 4732 1286 4808 gratias
1309 4733 1433 4793 nostrae
1447 4731 1560 4792 taliter
1572 4729 1775 4799 defraudari,

125 4829 314 4890 saurarium
328 4826 538 4903 etquondam
553 4830 591 4887 G.
608 4827 806 4887 canonicum
824 4829 925 4887 Sues-
978 4844 1038 4908 per
1067 4829 1257 4907 apostolica
1289 4828 1385 4890 vobis
1414 4829 1538 4906 scripta
1566 4828 1782 4901 mandamus,

2 4938 31 4971 ¹·
126 4924 462 4997 sionen.,sitedictae
475 4923 923 5000 Lingonen.,autpraelatum
978 4924 1777 5005 quatenusconsuetudinedeiaciendaresiden-

126 5022 400 5085 archidiaconum
432 5021 517 5082 mori
552 5021 776 5097 contingeret,
806 5022 858 5084 vel
882 5021 923 5082 ad
978 5026 1036 5096 tia,
1049 5042 1123 5085 cum
1139 5039 1283 5102 pereum
1296 5038 1363 5084 non
1377 5022 1516 5095 steterit,
1530 5022 1775 5094 nonobstante,

126 5119 316 5199 pontilicale
331 5118 768 5196 oliiciumpromoverlmos,
781 5118 923 5182 neidem
979 5122 1153 5199 praesentis
1164 5121 1245 5183 anni
1270 5120 1397 5182 tructus
1422 5121 1553 5196 integre
1577 5120 1779 5184 ministretis

125 5218 249 5280 electus
266 5233 327 5278 sue
342 5215 506 5277 desiderio
521 5216 746 5289 defraudetur,
766 5216 926 5279 fraterni·
978 5219 1085 5280 eidem
1100 5220 1146 5281 ita
1162 5217 1325 5290 hilariter,
1340 5220 1373 5280 ct
1382 5217 1536 5290 libenter,
1546 5217 1635 5295 quod
1649 5219 1775 5296 praela-

72 5350 77 5355 ·
125 5314 704 5391 tatlvestraeperApostolicascripta
715 5315 922 5388 mandamus,
978 5318 1031 5378 tus
1046 5317 1195 5377 notarius
1213 5331 1312 5393 quem
1334 5330 1395 5392 pro
1408 5316 1541 5385 restris,
1568 5315 1602 5376 et
1625 5317 1779 5378 ecclesie

126 5417 289 5492 quatenus
316 5412 430 5474 taliter
450 5412 636 5473 exerceatis
661 5410 925 5474 administratio-
978 5417 1097 5477 vestrae
1105 5413 1484 5490 negotiissollicitum,et
1493 5411 1783 5489 diligentem,cu1n

127 5528 202 5573 nem
216 5510 417 5587 htuusmodi,
434 5508 520 5586 quod
533 5511 631 5586 Juxta
642 5508 810 5582 ilduciam,
824 5526 924 5588 quam
978 5528 1033 5574 res
1047 5512 1207 5589 exposcit,
1223 5525 1298 5572 esse
1315 5509 1602 5586 comportasset
1618 5510 1779 5588 obsequia

128 5606 285 5686 praelatus
308 5607 433 5669 electus
459 5607 500 5667 de
526 5607 621 5669 vobis
635 5604 753 5669 babuit
765 5624 834 5686 ¹per
848 5624 925 5671 ves·
980 5613 1091 5674 uestra
1115 5608 1233 5673 merito
1249 5608 1368 5671 sertim
1387 5608 1605 5684 astringatur.
1620 5608 1782 5686 Alioquin
