3774 6186
114 289 173 352 727

157 449 240 525 Quia
253 450 404 512 novimus
414 466 471 511 vos
483 467 548 512 una
563 450 734 512 nobiscum
745 449 785 510 ad
799 451 909 510 Terrae

119 551 249 611 Sanctae
264 548 447 610 subsidium
461 548 539 610 totis
554 548 730 609 desideriis
748 547 908 623 aspirare,

118 661 192 723 quae
216 646 256 706 ad
276 645 309 705 id
336 644 502 720 pertinent
521 643 792 719 promovendum,
817 640 911 702 uobis

121 742 355 805 committimus
373 741 571 802 fiducialiter
588 742 621 802 et
639 740 790 800 libenter.
807 742 913 812 Quum

118 841 232 917 igitur,
247 841 333 901 sicut
345 840 544 916 accepimus
560 839 593 898 in
608 838 776 898 colonien.
788 839 820 896 et
835 839 912 895 Bre-

120 951 206 997 men.
228 935 409 1012 provinciis
429 936 523 997 multi
550 935 757 1011 susceperint
781 934 912 1008 signum

121 1034 241 1106 crucis
256 1034 289 1094 et
303 1033 437 1110 plurimi
454 1033 638 1108 suscepturi
655 1034 842 1108 sperantur,
856 1031 912 1106 qui

122 1131 257 1192 navium
276 1130 426 1206 indigent
447 1132 618 1206 apparatu,
638 1145 697 1205 per
723 1144 805 1205 quas
828 1144 915 1204 prm-

123 1228 912 1302 dictaetarraetantoutiliuspossuntsuccurrare,

121 1327 244 1402 quanto
270 1326 338 1386 tam
366 1325 533 1396 victualia,
560 1340 657 1400 quam
679 1339 772 1384 arma
795 1325 827 1382 et
847 1322 914 1381 alia

123 1423 342 1483 instrumenta
370 1421 488 1482 bellica
511 1421 713 1482 commodius
739 1420 818 1479 illuc
838 1436 916 1494 pos-

124 1520 211 1589 sunt,
239 1519 377 1578 Domino
403 1519 591 1594 adjuvaute,
622 1518 815 1578 transferre.
846 1517 914 1576 Nus

123 1616 271 1676 volentes
284 1631 340 1676 eos
356 1616 390 1674 in
412 1615 475 1676 hoc
496 1616 651 1689 congruis
666 1614 801 1673 auxiliis
820 1613 916 1688 adju-

124 1727 215 1784 vare,
232 1712 424 1773 discretioni
445 1714 574 1781 restrae,
592 1712 631 1771 de
648 1712 760 1787 quain
776 1711 914 1770 Domino

124 1808 255 1884 plenam
270 1808 455 1869 obtinemus
471 1807 636 1876 fiduciam,
653 1823 712 1883 per
726 1806 913 1881 apostolica

125 1906 247 1981 scripta
263 1905 470 1976 mandamus,
487 1906 649 1982 quatenus
668 1904 853 1979 pecuniam,
876 1903 915 1962 de

126 2001 350 2079 redemptione
365 2002 670 2078 crucesignatorum
685 2001 829 2060 nondum
842 2000 914 2060 col-

127 2100 257 2170 lectam,
276 2100 311 2159 iu
331 2099 497 2176 praedictis
511 2099 692 2176 prouinciis
711 2098 913 2173 colligentes

125 2211 198 2257 eam
214 2197 395 2258 secundum
408 2197 621 2273 providentia
635 2199 753 2258 uestrae
773 2195 915 2256 studium

126 2293 163 2354 in
201 2295 426 2371 praeparandis
465 2294 606 2355 navibus
644 2293 685 2354 ad
723 2307 916 2353 succursum

125 2393 235 2454 Terrae
263 2394 391 2453 Sanctae
414 2392 543 2453 faciatis
570 2391 722 2468 expendi.
752 2389 916 2451 Attentius

126 2489 292 2567 provisuri
306 2490 341 2550 ut
352 2490 490 2567 pecunia
504 2490 575 2566 ipsa
591 2489 702 2550 taliter
712 2487 917 2563 expendatur

125 2585 161 2646 in
187 2587 284 2648 terrae
307 2587 504 2663 supradictae
529 2586 722 2663 profectum,
749 2584 833 2661 quod
858 2599 916 2643 nos

125 2685 284 2760 concepta
300 2683 339 2744 de
355 2684 448 2745 vobis
468 2684 587 2744 fiducia
611 2699 676 2744 non
692 2682 862 2752 fraudetis,
888 2681 916 2740 si

126 2781 235 2856 potius
255 2797 313 2842 vos
329 2782 415 2857 apud
437 2785 539 2842 Deum
558 2782 590 2842 et
605 2781 756 2841 homines
772 2778 917 2839 reddatis
931 2834 934 2839 .

33 2934 36 2939 .
126 2879 245 2940 merito
257 2879 544 2940 commendandos.
556 2882 733 2949 Praeterea,
747 2879 782 2938 ut
792 2877 845 2946 iis,
861 2875 917 2951 qui

126 2975 167 3036 de
179 2976 327 3052 partibus
341 2978 410 3037 suis
426 2976 560 3052 navigio
571 2977 635 3038 iter
647 2974 822 3037 intendunt
837 2973 919 3033 arri·

126 3089 204 3150 pore
213 3074 253 3135 ad
267 3075 450 3136 subsidium
463 3077 574 3135 Terrae
587 3076 716 3134 Sanotae
725 3072 917 3133 dilationem

126 3171 330 3248 exsequendi
345 3172 468 3242 votum,
482 3171 578 3248 Juxta
594 3170 679 3247 quod
695 3168 852 3245 expedire
868 3167 920 3226 ri-

125 3267 252 3339 dentis,
270 3269 458 3329 concedatis
475 3267 613 3328 liberam
636 3265 731 3327 vobis
759 3264 917 3326 concedi-

125 3377 198 3422 mus
212 3362 413 3423 facullatem.
429 3364 547 3423 Datum
561 3360 728 3430 Laterani,
748 3361 791 3419 Vi
813 3374 918 3418 nonas

127 3459 249 3531 martii,
263 3460 474 3536 pontificatus
487 3458 592 3520 nostri
609 3473 696 3518 auno
710 3457 836 3533 quinto.

400 3626 638 3716 dccxxvii

147 3775 199 3833 Ad
212 3771 463 3833 anormstertum
479 3769 597 3831 Sancti
614 3771 781 3830 Jobcants
798 3766 897 3838 Bapt.

197 3870 432 3931 Herttacerasts
447 3865 609 3945 (s.-Jcan
630 3870 670 3926 dc
688 3862 844 3942 Certicr).

417 3980 434 4038 3
450 3987 532 4037 mart.
551 3981 629 4037 titt.

126 4088 273 4155 [mariadoc
286 4088 421 4139 Urkunden
435 4087 477 4136 fiir
488 4086 530 4136 die
542 4085 689 4136 Gescbiclita
701 4084 746 4133 dor
758 4082 830 4133 Stadt
846 4084 919 4140 Bern,

381 4164 400 4207 t.
415 4159 434 4215 l,
449 4172 474 4223 p.
486 4158 543 4215 aot,
557 4172 582 4206 u.
595 4156 661 4217 lac]

127 4258 198 4318 Illud
209 4257 414 4317 monasterium
426 4254 561 4312 tuendum
575 4253 703 4325 suscipit,
715 4241 833 4324 ejusone
845 4251 919 4309 bona

314 4361 347 4402 ac
363 4344 560 4418 possessiones
571 4343 732 4399 coufirmat.

166 4455 334 4516 Honorius
343 4453 529 4528 episcopus,
538 4466 654 4510 servus
667 4465 839 4510 servorum
849 4449 919 4517 Dei,

127 4554 257 4614 dilectis
283 4551 361 4611 tlliis
383 4549 496 4609 abbati
516 4548 629 4607 Sancti
647 4547 811 4608 lobannis
836 4549 923 4622 Bap-

128 4653 214 4713 tistae
240 4647 476 4712 Herilacensis.
503 4648 640 4722 ejusque
671 4643 828 4704 fratribus
855 4646 921 4703 tam

128 4747 346 4828 praesentibus
359 4762 458 4823 quam
473 4743 603 4813 futuris,
621 4742 808 4817 regularem
820 4741 922 4802 sitam

128 4847 285 4926 professis
305 4845 338 4904 in
355 4844 561 4920 perpetuum.

168 4944 370 5019 Religiosam
395 4941 498 5001 vitam
530 4936 730 5014 eligentibus
756 4935 925 5011 Apostoli-

127 5059 202 5105 cnm
223 5040 378 5102 conuenit
398 5039 517 5098 adessa
540 5035 744 5113 praesidium,
771 5049 812 5094 ne
839 5034 923 5093 forte

128 5138 306 5218 cujuslibet
325 5135 522 5198 temeritatis
547 5134 701 5194 incursus
723 5148 780 5193 eos
801 5147 821 5190 a
845 5146 924 5207 pro-

128 5238 235 5317 posito
247 5236 384 5297 revocet
399 5234 457 5293 aut
469 5231 580 5302 robur,
598 5230 683 5307 quod
704 5228 801 5298 absit,
819 5244 924 5291 sacrae

127 5333 300 5411 religionis
318 5329 490 5404 infringat.
520 5329 737 5403 Quapropter,
755 5324 866 5386 dilecti
889 5325 923 5384 in

131 5433 268 5494 Domino
292 5429 365 5499 filii,
387 5426 508 5488 vestris
524 5426 626 5501 justis
646 5421 924 5500 postulationibus

129 5520 924 5592 clementerannuimus‚etmonasteriumsancti

128 5636 145 5695 J
150 5629 291 5701 ohannis
311 5623 467 5701 Baptistae
489 5620 727 5690 Herilacensis,
743 5620 778 5679 in
795 5634 859 5695 quo
874 5617 926 5677 di-

733 289 910 349 IlONORII
933 289 978 349 III
999 290 1147 350 OPERA.

1706 286 1764 344 728

967 449 1045 510 vino
1061 449 1140 510 estis
1152 447 1308 524 obsequio
1324 447 1516 523 mancipati,
1534 445 1574 506 ad
1592 445 1764 522 exemplar

967 546 1074 607 felicis
1090 545 1331 608 recordationis
1347 545 1440 605 Lucii
1459 559 1554 620 papae
1570 544 1763 619 praedecas-

968 644 1054 704 soris
1070 644 1174 704 nostri
1199 642 1260 703 sub
1285 643 1372 703 beati
1396 643 1485 703 Petri
1503 644 1537 701 ct
1551 644 1668 702 nostra
1689 655 1765 716 pro·

967 741 1111 802 tectione
1146 741 1344 816 suscipimus
1373 742 1405 800 et
1439 739 1617 816 praesentis
1649 738 1764 814 scripti

968 839 1143 914 priuilegio
1155 838 1406 899 communimus.
1421 839 1459 896 In
1473 837 1591 912 primis
1602 835 1763 912 siquidem

969 937 1162 1007 statuentes,
1180 938 1215 995 ut
1235 935 1314 996 ordo
1330 935 1544 1003 monasticus,
1561 933 1621 1010 qui
1641 948 1763 992 secun-

970 1034 1045 1093 dum
1073 1037 1176 1093 Deum
1201 1035 1234 1094 et
1259 1032 1347 1093 beati
1368 1032 1538 1092 Benedicti
1558 1030 1714 1106 regulam
1733 1032 1764 1090 in

969 1130 1083 1189 eodem
1100 1129 1299 1190 monastario
1313 1129 1482 1189 institutus
1498 1143 1573 1187 esse
1590 1127 1764 1201 dignosci-

968 1230 1032 1296 tur,
1050 1227 1217 1303 perpetuis
1238 1227 1271 1285 in
1293 1242 1332 1286 eo
1354 1224 1557 1301 temporibus
1585 1223 1763 1284 inviolabi-

970 1324 1046 1385 liter
1059 1325 1262 1384 observetur.
1280 1325 1445 1384 Praeterea
1457 1337 1687 1399 quascumque
1700 1337 1765 1396 pos·

970 1423 1146 1492 sessiones,
1164 1437 1378 1497 <plumamque
1393 1421 1479 1481 bona
1498 1421 1587 1479 idem
1604 1422 1762 1478 monaste

970 1520 1056 1579 rium
1081 1521 1114 1579 in
1142 1519 1394 1594 praesentiarum
1419 1520 1510 1594 juste
1535 1533 1578 1577 ac
1605 1517 1760 1577 canonice

971 1617 1127 1691 possidet,
1147 1616 1251 1676 autin
1271 1616 1416 1675 futurum
1432 1613 1651 1674 concessione
1668 1615 1763 1690 ponti·

971 1714 1086 1780 ticum,
1118 1713 1296 1788 largitione
1322 1727 1437 1787 regum
1471 1710 1524 1772 vel
1558 1711 1760 1787 principum,

971 1811 1136 1871 oblatione
1161 1809 1319 1876 fidelium,
1339 1825 1397 1869 seu
1422 1808 1500 1868 aliis
1522 1808 1760 1885 justismodis,

971 1910 1147 1984 praestante
1172 1909 1323 1974 Domino,
1349 1907 1470 1983 poterit
1496 1905 1654 1982 adipisci,
1678 1905 1763 1965 firma

971 2004 1064 2065 vobis
1087 2004 1273 2082 vestrisque
1297 2002 1546 2064 successoribus
1578 2003 1611 2063 at
1641 2001 1762 2063 illibata

972 2104 1196 2178 parmaneant.
1215 2105 1251 2160 In
1267 2100 1386 2177 quibus
1402 2100 1473 2160 baec
1494 2099 1642 2176 propriis
1660 2100 1764 2175 expri-

972 2200 1090 2260 menda
1103 2198 1273 2260 vocabulis
1289 2200 1432 2258 :Locum
1447 2198 1557 2274 ipsum
1573 2197 1608 2257 in
1626 2213 1692 2273 quo
1707 2213 1763 2256 me

972 2299 1135 2358 moratum
1150 2296 1386 2357 monasterinm
1400 2295 1499 2355 situm
1513 2295 1566 2354 est
1582 2311 1659 2355 cum
1670 2296 1763 2354 omni-

971 2395 1032 2456 bus
1052 2394 1247 2471 adjacentiis
1261 2394 1293 2454 et
1313 2392 1522 2469 pertinentiis
1538 2393 1623 2453 suis.
1640 2393 1764 2452 Curiam

972 2490 1761 2565 deMenaenowacumllominibns,agris,pratis‚

973 2590 1115 2667 pascuis,
1133 2588 1243 2659 terris,
1259 2589 1357 2648 cultis
1373 2591 1406 2649 et
1422 2587 1571 2657 incultis,
1588 2604 1666 2647 cum
1683 2588 1763 2648 omni

972 2687 1164 2758 tenimento,
1184 2685 1381 2761 adjacentiis
1405 2687 1438 2745 et
1455 2685 1670 2761 pertinentiis
1689 2684 1763 2744 suis.

972 2788 989 2847 J
993 2802 1031 2844 us
1046 2784 1132 2861 quod
1148 2783 1280 2845 habetis
1293 2783 1327 2842 in
1343 2781 1484 2844 ecclesia
1503 2782 1544 2842 de
1560 2783 1714 2856 Graugis,
1733 2782 1764 2841 in

973 2882 1122 2953 decimis,
1148 2881 1370 2958 eleemosynis
1395 2882 1427 2942 et
1447 2883 1523 2956 jure
1550 2879 1761 2940 fundationis.

974 2980 1198 3041 Molendinurn
1215 2979 1299 3055 quod
1317 2978 1445 3039 habetis
1457 2978 1492 3038 in
1507 2978 1589 3038 villa
1606 2977 1760 3038 dedran-

973 3079 1036 3154 giS,
1058 3093 1132 3138 cum
1158 3075 1311 3137 omuibus
1332 3075 1529 3152 adjacentiis
1557 3076 1640 3135 suis.
1667 3075 1763 3147 Quid·

975 3177 1051 3253 quid
1067 3175 1197 3236 habetis
1210 3175 1245 3233 in
1259 3174 1417 3250 parocbia
1433 3173 1474 3232 de
1488 3172 1618 3233 Sedcrf.
1636 3173 1759 3233 Curiam

975 3274 1014 3334 de
1024 3278 1112 3334 Anes
1130 3276 1163 3334 et
1176 3272 1303 3331 curiam
1319 3271 1358 3331 de
1372 3271 1499 3331 Mulnet
1511 3286 1586 3330 cum
1601 3271 1761 3346 pertiuen-

974 3373 1030 3434 tiis
1045 3371 1247 3435 earumdem.
1271 3372 1320 3430 Ex
1335 3370 1421 3431 dono
1434 3368 1602 3430 Bucbardi
1623 3371 1656 3430 et
1677 3368 1759 3444 Egil-

975 3469 1089 3529 drudis
1105 3469 1220 3529 uxoris
1235 3482 1304 3529 suae
1317 3467 1549 3543 possessiones
1564 3468 1598 3528 et
1613 3465 1758 3542 quidquid

975 3567 1104 3628 bebetis
1128 3567 1163 3626 in
1191 3565 1290 3625 Sbuc.
1317 3564 1441 3625 vineas
1470 3579 1553 3639 quas
1581 3563 1708 3625 habetis
1731 3562 1758 3621 in

976 3665 1099 3726 Nuerol
1116 3666 1149 3724 et
1162 3664 1197 3723 in
1208 3663 1350 3738 velcon;
1364 3663 1481 3722 vineas
1492 3661 1534 3721 ad
1551 3661 1712 3738 capellam
1725 3658 1757 3720 ad

975 3762 1135 3832 Balmam,
1152 3761 1193 3821 ad
1208 3760 1345 3831 Salices
1361 3759 1402 3820 ad
1415 3759 1580 3830 Curseies,
1596 3759 1639 3819 ad
1653 3757 1723 3818 Vilo
1733 3757 1757 3816 et

976 3861 1016 3920 ad
1032 3862 1171 3921 Mornet.
1186 3858 1368 3918 Ecclesiam
1382 3857 1544 3917 demente
1559 3859 1684 3917 Tesson
1696 3869 1755 3915 cun

976 3957 1128 4018 omnibus
1149 3955 1344 4033 adjacentiis
1369 3956 1402 4016 et
1423 3953 1637 4030 pertinentiis
1657 3951 1755 4013 suiset

972 4059 1048 4133 jure
1071 4053 1287 4124 fundationis
1315 4053 1401 4113 sicut
1428 4068 1449 4111 a
1478 4051 1576 4111 bonae
1606 4051 1753 4111 memorio

976 4153 1129 4224 nodulfo,
1157 4151 1322 4228 quondam
1348 4149 1528 4210 Basiliensi
1555 4150 1671 4221 electo,
1695 4150 1752 4209 eta

977 4249 1135 4311 fratribus
1169 4249 1238 4308 suis
1261 4250 1351 4323 Juste
1381 4248 1458 4307 sunt
1488 4246 1641 4307 coenobio
1663 4246 1751 4306 vestro

977 4349 1110 4410 collata.
1122 4350 1140 4409 J
1144 4363 1182 4406 us
1195 4346 1280 4422 quod
1296 4344 1426 4405 habetis
1441 4345 1476 4405 in
1490 4344 1631 4406 ecclesia
1653 4344 1691 4404 de
1705 4343 1751 4402 Nu·

977 4445 1027 4507 rol
1041 4462 1115 4506 cum
1126 4444 1263 4505 decimis
1275 4445 1307 4503 et
1318 4441 1489 4502 beneficiis
1500 4458 1575 4517 quae
1587 4442 1622 4501 in
1632 4438 1750 4502 ecclesia

977 4543 1106 4604 habetis
1122 4542 1248 4602 eadem.
1272 4540 1457 4600 Ecclesiam
1472 4538 1513 4599 de
1530 4539 1684 4599 Herilaco
1696 4548 1750 4597 cun

973 4645 1050 4719 jure
1081 4639 1284 4699 fundationis
1313 4642 1345 4698 et
1375 4636 1528 4697 omnibus
1563 4632 1750 4713 pertinentiis

978 4739 1057 4799 suis.
1069 4737 1234 4798 Allodium
1250 4736 1335 4812 quod
1348 4734 1479 4794 habetis
1490 4735 1525 4793 in
1538 4734 1649 4795 littore
1659 4728 1748 4794 Rutili.

979 4836 1027 4894 Ex
1042 4833 1128 4893 dono
1144 4830 1332 4905 Manegoldi
1344 4829 1491 4905 junioris
1508 4829 1637 4889 curiam
1652 4829 1689 4888 da
1700 4827 1752 4886 Hu-

978 4931 1090 4991 tewile
1106 4946 1178 4990 cum
1192 4929 1262 4988 suis
1273 4926 1484 5003 appenditiis.
1503 4928 1553 4986 Ex
1568 4926 1653 4991 dono
1668 4920 1753 4985 duni·

979 5043 1097 5088 norum
1117 5024 1306 5086 Nouicastri
1321 5023 1516 5097 terragium,
1540 5022 1627 5098 quod
1647 5017 1752 5081 habetis

979 5126 1013 5185 in
1023 5123 1264 5185 Fontanachin.
1277 5121 1441 5197 Quidquid
1451 5119 1582 5181 habetis
1593 5120 1627 5180 in
1638 5120 1666 5179 N
1669 5112 1751 5180 uerol.

980 5226 1116 5284 Pratum
1132 5221 1233 5282 etiam
1249 5219 1334 5297 quod
1349 5217 1478 5279 habetis
1489 5218 1524 5278 in
1534 5215 1755 5279 Vileldxdono

980 5321 1069 5381 senis
1098 5319 1220 5380 Excnis
1250 5318 1290 5378 de
1318 5314 1502 5387 Usenberc,
1534 5315 1707 5390 piscariam
1729 5309 1758 5368 in

980 5418 1167 5478 Landerun.
1183 5419 1285 5477 Usum
1297 5427 1426 5490 quoque
1442 5412 1637 5488 piscationis
1649 5412 1682 5471 in
1697 5409 1758 5469 lacu

980 5517 1020 5577 de
1034 5514 1158 5576 Nuerol
1170 5529 1188 5573 a
1200 5512 1330 5589 populis
1344 5525 1448 5586 usque
1462 5509 1503 5570 ad
1513 5509 1623 5570 rivum
1637 5508 1675 5568 de
1687 5505 1758 5567 Vile.

981 5617 1029 5676 Ex
1045 5614 1130 5674 dono
1149 5610 1278 5673 abbatis
1293 5607 1420 5670 Alberti
1444 5611 1477 5668 et
1500 5607 1648 5669 Udalrici
1663 5604 1764 5667 fratris
