3774 6186
113 305 171 366 631

107 458 630 535 113313,3333331331111311311333,
641 456 766 532 cogatis
777 455 909 516 veritati

115 558 339 624 testimonium
356 555 540 634 perhibere.
555 554 646 626 Quod
664 555 693 614 si
709 568 775 614 non
795 568 910 615 omnes

115 658 169 719 bis
195 654 415 732 exsequendis
441 653 615 730 potueritis
643 651 816 722 interesse,
846 650 911 710 duo

116 755 262 816 restrum
277 767 316 813 ea
330 751 547 811 nihilominus
562 751 799 826 exsequantur.

157 852 274 912 Datum
294 848 461 917 Laterani,
476 849 519 908 IV
533 861 639 907 nonas
649 845 811 923 januarii,
828 859 912 922 pon-

117 947 263 1009 tificatus
275 944 382 1006 nostri
395 959 483 1007 anno
498 943 623 1019 quinto.

451 1166 581 1253 ccxx
652 1134 657 1142 “

118 1320 170 1378 Ad
184 1319 364 1379 1311331333
388 1317 516 1378 01131311·
540 1316 655 1387 fideles
679 1329 743 1388 pcr
765 1326 913 1389 1311113111

330 1416 461 1475 81133131
485 1412 698 1474 constitutos.

388 1544 540 1617 djanuarli
558 1545 635 1602 1111.

303 1669 457 1734 [Vestorius
475 1670 541 1722 viris
556 1669 646 1734 aquil,
661 1669 726 1733 171]
829 1677 831 1680 ’

120 1787 252 1845 Hortatur
278 1786 363 1859 11113
387 1787 469 1859 regni
494 1787 592 1843 fideles
612 1794 642 1843 ut
660 1784 779 1842 fideliter
801 1785 914 1841 solvant

154 1891 271 1933 censum
285 1876 453 1948 Apostolicae
467 1875 532 1933 Sedl
542 1875 687 1932 annuatim
700 1873 826 1930 debitum
839 1872 914 1945 qnod

155 1965 333 2038 neglexerint
343 1978 358 2020 3
370 1964 574 2037 quinquennio.

158 2092 326 2152 Honorius
340 2091 524 2167 episcopus,
535 2106 653 2151 servus
662 2105 832 2150 servorum
843 2088 911 2159 Dei,

120 2189 286 2253 universis
302 2189 424 2250 Christi
437 2187 590 2248 fidelibus
602 2203 661 2265 per
671 2203 809 2262 regnum
826 2189 913 2247 Sue-

119 2287 180 2347 ciae
196 2286 394 2357 constitutis,
411 2285 550 2347 salutem
571 2286 604 2346 et
620 2284 836 2361 apostolicam
851 2284 914 2344 be·

119 2383 352 2444 nedictionem.

158 2482 238 2540 Cum
250 2496 293 2540 ex
306 2496 408 2541 censu
424 2480 459 2541 in
479 2497 543 2558 quo
559 2480 636 2542 Sedi
650 2480 849 2557 apostolica
864 2482 916 2541 te·

119 2578 245 2638 nemini
270 2578 440 2641 annuatim
463 2580 624 2654 appareat
646 2578 831 2649 manifeste,
855 2593 914 2638 vos

119 2690 195 2736 esse
215 2679 438 2737 sacrosanctae
463 2678 620 2736 Romanae
647 2675 803 2735 Ecclesiae
828 2675 915 2735 illios

119 2771 291 2848 speciales,
317 2773 350 2833 et
372 2773 413 2833 ob
437 2774 500 2834 hoc
514 2772 658 2849 speciali
674 2772 820 2848 ejusdem
838 2788 916 2848 pro-

116 2869 259 2932 tectione
282 2885 320 2930 ac
344 2870 528 2945 patrocinio
545 2869 730 2945 gaudeatis,
753 2870 916 2929 miramur

119 2981 186 3027 non
198 2967 374 3037 modicum,
391 2966 476 3043 qnod
492 2968 577 3029 sicut
591 2966 793 3028 venerabilis
814 2966 916 3027 frater

121 3065 270 3125 noster...
293 3065 484 3126 Arusiensis
510 3065 685 3142 episcopus
720 3065 790 3125 suis
819 3063 915 3125 nobis

117 3161 237 3223 litteris
252 3163 418 3224 intimavit
433 3178 568 3224 censum
582 3163 691 3238 ipsum
698 3165 768 3239 jam
782 3177 801 3222 a
821 3163 916 3238 quin·

119 3261 262 3337 quennio
273 3261 306 3321 et
321 3260 474 3336 amplius,
487 3260 565 3321 licet
577 3258 618 3320 ab
631 3260 746 3321 eodem
760 3260 915 3336 episcopo

120 3356 249 3417 fueritis
275 3357 438 3433 requisiti,
454 3357 488 3418 in
515 3357 703 3417 animarum
728 3358 915 3417 vestrarum

119 3454 303 3530 pericnlum
339 3455 470 3514 solvere
501 3454 707 3529 neglexistis.
745 3455 786 3514 Ut
814 3453 916 3529 igitur

119 3551 267 3612 divinam
287 3553 320 3612 et
345 3550 434 3612 beati
462 3551 553 3613 Petri
566 3551 620 3611 cni
639 3567 758 3611 census
778 3550 916 3612 debetur

119 3647 310 3724 hujusmodi
324 3648 454 3709 evitetis
477 3647 648 3720 offensam,
665 3649 914 3709 universitatem

119 3746 264 3806 vestram
285 3760 457 3807 monemus
478 3747 510 3806 et
533 3744 705 3807 hortamur
721 3746 754 3806 iu
776 3746 915 3807 Domino

120 3842 154 3902 in
180 3842 409 3903 remissionem
430 3842 525 3904 vohis
542 3843 773 3920 peccaminum
797 3845 915 3919 injun-

119 3943 246 4014 gentes,
276 3941 439 4017 quatenus
467 3944 534 4003 Deo
561 3942 594 4002 et
616 3931 814 4018 Apostolicae
839 3941 916 4002 Sodi

61 4032 65 4038 ’
119 4038 362 4101 satisfacientes
397 4055 545 4114 congrue
580 4040 620 4100 de
655 4039 834 4109 subtracto,
867 4039 916 4100 sic

119 4134 276 4212 deinceps
291 4152 428 4197 censum
444 4137 553 4212 ipsum
576 4137 729 4198 hilariter
744 4136 916 4213 persolva-

120 4233 175 4300 tis,
192 4232 278 4309 qnod
302 4235 360 4294 Dei
385 4235 441 4310 qui
466 4235 615 4295 datorem
635 4234 777 4296 hilarem
793 4234 914 4310 diligit,

120 4331 262 4404 gratiam
286 4331 454 4406 consequi,
476 4332 508 4392 31
522 4332 720 4406 Apostolicce
743 4331 837 4393 Sedis
861 4331 916 4392 fa-

120 4442 233 4487 vorem
260 4428 455 4487 mereamini
481 4428 611 4503 plenius
630 4428 791 4489 obtinere.
818 4429 915 4490 Alio-

121 4521 200 4598 quin
240 4521 455 4592 sententiam,
497 4538 595 4597 quam
626 4523 714 4583 idem
742 4524 916 4599 episcopus

120 4618 255 4693 propter
263 4617 324 4677 hoc
335 4617 578 4679 rationabiliter
586 4618 743 4680 tuleritin
759 4619 914 4690 rebelles,

120 4715 226 4775 ratam
243 4713 449 4785 habebimus,
466 4716 500 4776 et
521 4715 681 4777 faciemus
703 4718 838 4777 auctore
857 4719 918 4778 Do·

122 4812 211 4872 mino
240 4811 480 4874 inviolabiliter
506 4811 689 4874 observari.
722 4812 814 4873 Nulli
837 4830 916 4888 ergo

121 4909 255 4970 omnino
292 4909 464 4971 hominum
503 4912 603 4973 liceat
636 4911 724 4972 hanc
761 4911 917 4987 paginam

120 5006 243 5066 nostrae
255 5008 516 5069 confirmationis
528 5008 711 5083 infringere
722 5008 774 5069 vel
789 5008 821 5069 ei
832 5024 917 5069 ausu

119 5103 298 5163 temerario
314 5104 494 5165 contraire.
513 5106 547 5165 Si
563 5106 637 5182 quis
659 5107 770 5167 autem
785 5105 850 5166 boc
865 5106 918 5167 at-

121 5201 249 5262 tentare
274 5203 534 5277 praesumpserit,
560 5203 824 5279 indignationem
841 5219 917 5264 om-

122 5299 299 5375 nipotentis
324 5298 394 5370 Dei,
412 5299 627 5361 etbeatorum
651 5302 740 5362 Petri
765 5303 798 5362 et
821 5301 917 5362 Pauli

123 5397 348 5471 apostolorum
362 5399 434 5472 ejus
450 5413 485 5456 33
507 5399 637 5459 noverit
651 5399 876 5459 incursurum.

163 5495 279 5553 Datum
306 5495 473 5564 Laterani,
504 5496 603 5556 tertio
627 5511 733 5556 nonas
756 5496 917 5574 januarii,

126 5590 336 5663 pontificatus
351 5593 454 5654 nostri
469 5609 556 5654 anuo
573 5593 698 5669 quinto.

731 296 908 356 HONORII
931 295 976 354 111
998 294 1146 354 orchi.

1290 460 1441 546 CLXXI

985 596 1036 653 Ad
1049 592 1167 655 0131311
1198 594 1492 667 arcirieptscoprcm
1511 594 1739 664 npsatcuscm.

1240 705 1257 761 1
1273 704 1396 777 januarii
1414 704 1491 761 1211.

1096 809 1242 874 [Liljegrem
1257 810 1366 861 81333111
1386 808 1522 872 11111119,
1541 823 1568 858 3.
1588 807 1641 871 lh]

965 908 998 964 Ei
1020 905 1116 963 tribuit
1140 907 1283 963 licentiam
1304 904 1472 962 absolvendi
1495 918 1559 972 eos,
1583 903 1632 976 qul
1654 904 1755 960 clericis

1000 995 1141 1051 violentae
1170 1009 1273 1051 manus
1303 993 1459 1061 intulerint,
1488 992 1620 1064 exceptis
1654 992 1755 1049 casibus

1001 1083 1182 1156 gravioribus
1194 1082 1260 1140 Sedi
1274 1083 1411 1138 13133113
1425 1082 1592 1138 reservatis.

1006 1189 1677 1266 Honoriusepiscopus,servusserrorum
1688 1188 1746 1258 liei,

966 1284 1549 1361 venerabilifratri...archiepiscopo
1571 1282 1748 1360 Upsalensi,

966 1384 1106 1445 salutem
1122 1385 1154 1444 et
1166 1382 1382 1459 apostolicam
1397 1381 1677 1443 benedictionem.

1006 1484 1052 1541 De
1074 1480 1181 1542 salute
1203 1479 1409 1540 subditorum
1433 1479 1570 1540 tuorum
1599 1477 1747 1539 sollicitus

967 1577 1061 1638 nobis
1084 1577 1256 1638 humiliter
1280 1576 1486 1653 supplicasti,
1512 1576 1559 1646 nt,
1587 1589 1662 1636 cum
1683 1575 1750 1635 nulli

967 1675 1007 1736 de
1022 1674 1234 1751 parochianis
1256 1673 1322 1734 tuis
1338 1674 1421 1734 adeo
1441 1672 1613 1733 indomitae
1630 1672 1748 1733 cervicis

967 1773 1152 1842 1111313313
1167 1788 1203 1831 33
1216 1770 1414 1832 obedientiae
1425 1772 1545 1847 jugum
1557 1770 1744 1831 excutientes

967 1869 1113 1940 omnino,
1128 1869 1213 1945 quod
1227 1868 1421 1945 plerumque
1436 1869 1469 1928 in
1493 1867 1636 1928 clericos
1650 1883 1745 1928 exces-

967 1983 1024 2027 sus
1059 1967 1270 2042 increpantes
1296 1965 1431 2027 illorum
1463 1980 1584 2026 manus
1612 1964 1743 2041 injiciant

967 2063 1130 2126 violentas
1145 2066 1178 2125 et
1199 2063 1364 2124 interdum
1379 2077 1422 2123 ex
1443 2061 1525 2139 ipsis
1551 2061 1707 2131 occidant,
1721 2064 1744 2122 et

967 2163 1035 2223 tam
1056 2163 1190 2239 propter
1205 2162 1352 2222 locorum
1368 2158 1562 2221 distantiam
1583 2161 1617 2220 31
1639 2174 1744 2235 erpen-

968 2275 1081 2319 sarum
1096 2259 1273 2330 defectum,
1290 2273 1388 2335 quam
1405 2271 1625 2334 personarum
1648 2256 1744 2316 debili·

967 2358 1080 2428 tatem,
1109 2356 1323 2434 quamplures
1348 2354 1507 2416 accedere
1532 2355 1692 2431 nequeant
1714 2351 1744 2413 ad

970 2450 1087 2516 sedem
1112 2453 1334 2531 Apostolicam
1358 2451 1565 2522 absolvendi,
1587 2454 1682 2528 super
1696 2450 1741 2510 hoc

969 2551 1068 2612 saluti
1083 2567 1198 2612 eorum
1227 2549 1489 2611 misericorditer
1514 2548 1684 2610 consulere
1702 2547 1741 2607 11-

968 2664 1157 2724 gnaremur.
1175 2649 1244 2709 Nos
1260 2663 1339 2722 ergo
1355 2646 1422 2708 11113
1437 2646 1593 2723 precibus
1615 2644 1742 2705 inclinati

969 2745 1166 2808 auctoritate
1179 2743 1238 2807 tibi
1261 2744 1477 2822 praesentium
1493 2742 1706 2818 indulgemus,
1718 2743 1742 2801 ul

969 2843 1036 2903 illis
1057 2844 1123 2904 1313
1141 2842 1333 2919 provinciae,
1348 2842 1404 2919 qui
1426 2841 1503 2902 latae
1519 2841 1740 2902 sententiam·

970 2955 1090 3000 nonem
1113 2939 1337 3009 incurrerunt,
1349 2938 1416 2998 nisi
1438 2936 1740 3012 131133133333311-

970 3053 1081 3097 331113
1108 3037 1191 3098 3133
1221 3037 1265 3098 311
1297 3035 1443 3097 enormis
1472 3034 1559 3112 quod
1584 3032 1740 3095 adsedem

969 3134 1193 3210 Apostolicam
1209 3133 1327 3195 merito
1343 3133 1409 3194 sint
1422 3133 1574 3194 mittendi
1581 3132 1673 3209 Juxta
1687 3129 1739 3190 for·

969 3248 1057 3292 mam
1076 3230 1242 3303 Ecclesiae,
1259 3230 1458 3292 beneficium
1471 3229 1684 3291 absolutionis
1696 3228 1740 3287 iu·

971 3329 1149 3406 pendas,et
1163 3329 1319 3405 injungas
1334 3327 1458 3389 eisdem
1474 3327 1561 3404 quod
1577 3325 1741 3404 injungitu-

970 3427 1057 3488 lihus
1086 3427 1273 3498 consuerit,
1312 3426 1470 3487 attentius
1506 3426 1692 3503 provisurus
1711 3433 1741 3480 ne

972 3524 1116 3586 facilitas
1143 3525 1249 3584 veniae
1273 3524 1355 3601 ipsis
1381 3522 1434 3583 vel
1457 3522 1535 3584 aliis
1565 3520 1741 3583 incentirnn

969 3621 1094 3683 tribnat
1108 3621 1333 3698 delinquendi.
1348 3620 1440 3681 Nulli
1461 3635 1541 3696 ergo
1555 3615 1738 3681 331313313-

970 3720 1095 3780 minum
1124 3719 1223 3779 liceat
1251 3718 1338 3779 hauc
1357 3718 1513 3795 paginam
1537 3719 1741 3778 3331131331-

970 3817 1167 3877 firmationis
1177 3815 1372 3891 infringere,
1384 3814 1437 3876 vel
1450 3815 1481 3875 ei
1495 3830 1581 3875 ausu
1591 3808 1742 3876 temerario

971 3914 1149 3975 contraire.
1199 3913 1234 3974 Si
1271 3913 1345 3991 quis
1374 3914 1484 3974 autern
1513 3912 1576 3972 hoc
1605 3913 1739 3972 attentare

970 4012 1228 4091 praesumpserit,
1247 4010 1512 4086 indignationem
1529 4001 1738 4086 omnipotentis

971 4110 1030 4171 Dei
1043 4113 1076 4172 et
1087 4109 1259 4171 beatorum
1275 4108 1365 4170 Petri
1382 4109 1416 4168 et
1430 4108 1529 4169 Pauli
1543 4105 1740 4184 apostolorum

970 4211 1054 4286 ejus,
1076 4223 1112 4268 se
1133 4206 1264 4268 noverit
1281 4206 1505 4266 incursurum.
1533 4205 1649 4267 Datum
1664 4200 1739 4261 Lale-

970 4306 1056 4376 rani,
1081 4307 1111 4365 11
1132 4321 1237 4365 33333
1249 4302 1410 4380 januarii,
1430 4303 1641 4379 pontificatus
1659 4290 1739 4358 nostri

971 4419 1059 4485 anno
1075 4403 1201 4479 quinto.

1090 4627 1142 4686 Ad
1164 4626 1419 4684 Bononiensem
1439 4625 1646 4695 episcopum.

1237 4735 1398 4808 biccharii
1423 4736 1503 4793 1111.

971 4845 1103 4904 Notiilcat
1119 4844 1261 4901 Honorius
1275 4858 1307 4900 se
1320 4849 1383 4915 post
1402 4842 1619 4899 coronationem
1636 4829 1738 4898 friderici

1007 4935 1036 4990 in
1051 4934 1254 5005 imperatorem
1272 4933 1540 4988 excommunicasse
1559 4944 1658 4988 omnes
1675 4926 1741 4982 herc

1008 5023 1078 5079 ticos
1092 5023 1238 5093 utriusque
1252 5035 1338 5078 sexus
1353 5028 1381 5076 et
1400 5034 1501 5076 eorum
1517 5018 1653 5082 fautores.¹

1012 5131 1180 5191 Honorius
1192 5130 1379 5206 episcopus,
1389 5143 1507 5189 servus
1518 5116 1739 5190 servorumnei

972 5229 1092 5290 dilecto
1112 5229 1208 5290 fratri
1223 5226 1427 5316 Bononiensi
1448 5223 1742 5303 episcopandum

973 5329 1005 5387 et
1019 5325 1238 5402 apostolicam
1252 5323 1529 5386 benedictionem.

1013 5424 1153 5485 Noverit
1167 5422 1358 5483 fraternitas
1372 5424 1440 5493 tua,
1453 5425 1516 5483 etc.
1530 5420 1615 5482 Vide
1627 5442 1633 5480 :
1646 5415 1746 5486 01111113

974 5521 1184 5594 conspiratio,
1198 5518 1255 5579 lib.
1264 5520 1350 5589 l,·tit.
1361 5520 1389 5589 1,
1401 5521 1442 5580 dc
1455 5518 1747 5580 coristttattontcm.

975 5634 1046 5694 cap.
1063 5633 1098 5689 11,
1120 5619 1265 5681 Noverit
1285 5617 1505 5691 fraternitas,
1526 5617 1592 5688 t.1,
1616 5612 1751 5676 331111.
