3774 6186
1635 320 1698 386 822

50 489 135 551 tium
162 487 363 560 inhibemus,
394 504 435 549 ne
457 486 843 560 novasconsuetudlnes,
900 486 941 550 ad
955 488 1065 552 locum
1090 486 1272 551 transferre
1292 502 1485 565 congruum,
1502 485 1535 548 et
1547 483 1698 548 habltum

51 587 105 649 vel
115 587 249 658 statuta,
262 584 846 663 eodeminconsultoepiscopo,unde
899 587 1170 649 Cistercieusium
1184 587 1321 649 fratrum
1339 601 1379 648 ac
1396 583 1626 647 observantias
1639 599 1698 646 re·

50 684 275 746 scandalizari
299 684 418 746 debeat
440 685 628 757 inducatis;
647 686 737 761 juste
760 685 846 746 latas
900 684 1013 762 cipere
1032 685 1221 747 desiderent
1245 684 1447 756 eorumdem,
1469 697 1584 744 earum
1608 681 1701 742 desi-

50 781 191 858 abipso
216 782 385 844 interdicti
413 782 594 844 sententias
617 781 844 854 observantes,
900 779 1700 861 deriosavoremapostolicumimpenderedigna·

47 896 120 940 uon
144 879 296 943 obstante
321 880 560 941 cousuetudine
589 880 777 952 contraria,
793 879 847 941 vel
903 898 1027 943 remur.
1044 882 1205 954 Quocirca
1220 880 1414 942 discretioni
1436 882 1501 941 tuae
1516 893 1576 956 per
1593 879 1702 954 Apos-

50 978 188 1039 statnto.
205 980 323 1039 Datum
348 978 518 1049 Laterani,
541 979 586 1038 IX
603 976 845 1056 halendjunii,
903 981 1004 1043 tolica
1033 981 1157 1057 scripta
1188 978 1396 1050 mandamus,
1427 978 1591 1055 quatenus
1625 975 1698 1036 cir·

636 318 640 323 ⁴
677 326 907 388 episteme.
929 326 1008 388 hle.
1031 327 1070 388 V.

49 330 109 391 821

55 1075 267 1152 pontificatus
280 1076 485 1138 nostriauuo
496 1076 591 1152 quint
613 1120 622 1136 .

326 1298 581 1388 dccxcviii

142 1443 195 1502 Ad
208 1443 503 1517 archiepiscopum
514 1443 759 1503 Senoncrmcm.

343 1571 466 1629 ibmaii
486 1573 564 1630 ¹221.

83 1686 203 1750 largest,
214 1684 259 1736 lib.
271 1685 302 1744 V,
312 1684 388 1751 epist.
400 1685 455 1735 693.
469 1686 527 1735 hiss.
540 1687 577 1736 Le
589 1686 664 1736 Porto
676 1684 711 1735 du
721 1684 816 1750 lueth]

56 1801 206 1860 blandatei
217 1809 247 1859 ut
257 1801 411 1876 capitulum
419 1803 570 1870 irecense,
583 1801 606 1858 si
621 1816 672 1875 per
686 1801 850 1874 episcopum

93 1893 263 1948 'liecensem
296 1898 490 1965 contemptum
521 1906 537 1948 a
563 1890 668 1948 divinis
696 1889 852 1947 cessaverit

92 1981 225 2053 castiget.

97 2097 276 2170 Honorius,
302 2096 384 2170 etc,
410 2095 595 2159 venerabili
621 2095 717 2158 iratri
746 2095 853 2158 archi·

56 2197 211 2274 episcopo
228 2195 428 2257 senonensi.

96 2293 306 2356 Venerabilis
345 2293 450 2355 irater
487 2293 638 2355 noster...
675 2291 860 2354 Trecensis,

57 2392 233 2470 episcopus
262 2390 358 2452 nobis
386 2391 558 2452 humiliter
577 2390 787 2468 supplicarit,
818 2389 854 2451 ut

58 2505 159 2569 quum
182 2491 346 2550 Trecense
372 2489 554 2564 capitulum
574 2489 609 2549 in
630 2488 853 2564 contemptum

57 2586 206 2664 episcopi
233 2587 285 2647 sui
310 2585 501 2647 multotiens
522 2601 655 2647 cessare
671 2601 855 2647 consueve-

57 2685 126 2746 rint
140 2700 160 2745 a
173 2683 306 2754 divinis,
323 2699 423 2760 super
448 2684 511 2744 hoc
527 2683 557 2744 ei
574 2684 714 2761 paterna
735 2683 854 2760 provi-

59 2783 138 2843 dere
160 2781 384 2843 sollicitudine
405 2781 631 2856 dignaremur.
650 2781 855 2841 inhaerentes

59 2879 163 2956 igitur
191 2880 312 2940 statuto
337 2878 506 2954 generalis
521 2878 674 2950 concilii,
689 2893 750 2954 per
768 2877 855 2954 quod

58 2978 229 3055 provisum
243 2977 278 3040 ut
292 2977 456 3053 episcopis
469 2976 503 3037 in
519 2977 582 3038 bac
597 2976 691 3053 parte
707 2973 857 3055 [obedia-

59 3073 140 3154 tnrl,
157 3074 356 3137 fraternitati
372 3077 437 3135 tuae
453 3090 513 3151 per
526 3073 718 3150 Apostolica
733 3073 855 3149 scripta

59 3170 854 3249 mandamus,quatenussipraetatumcapitulum,

59 3271 205 3331 maxime
218 3270 254 3331 in
269 3271 493 3351 contemptum
508 3268 562 3330 sui
572 3269 720 3345 episeopi
739 3284 855 3330 cessa-

59 3368 171 3430 verint
198 3383 217 3428 a
255 3366 395 3439 divinis,
427 3367 542 3429 eodem
571 3366 789 3428 nihilominus
821 3366 856 3426 iu

59 3464 202 3527 ecclesia
222 3465 418 3538 cathedrali,
436 3464 466 3526 si
480 3464 633 3536 voluerit,
653 3463 855 3537 celebrante,

59 3565 96 3626 tu
121 3563 163 3624 ad
188 3563 357 3640 querelam
384 3563 501 3640 ipsius,
519 3562 718 3625 auctoritate
743 3565 857 3624 nostra

61 3661 174 3724 taliter
193 3661 300 3739 ipsum
324 3659 506 3737 capitulum
528 3675 588 3737 per
610 3675 786 3721 censuram
801 3674 858 3720 ec-

61 3758 282 3820 clesiasticam
298 3758 430 3834 cognita
445 3757 585 3819 veritate
598 3757 754 3833 castiges,
772 3754 857 3833 quod

61 3856 102 3917 de
113 3856 233 3917 caetero
241 3855 364 3916 similia
378 3869 443 3914 non
455 3853 627 3925 attentent,
638 3851 858 3931 presentibus

61 3952 185 4015 litteris
216 3953 304 4014 ultra
332 3951 502 4013 biennium
527 3951 664 4012 minime
690 3949 854 4012 valituris.

60 4052 178 4112 Datum
191 4050 358 4123 Laterani,
372 4051 417 4111 IX
431 4048 565 4110 kalend.
571 4049 672 4128 junii,
687 4047 858 4128 pontifica-

60 4150 113 4210 tus
128 4148 233 4210 nostri
247 4165 334 4210 auno
351 4147 477 4225 quinto.

352 4378 566 4470 00οΧοΙΧ

213 4527 265 4585 Art
279 4524 423 4587 electum
435 4521 709 4585 atrebatensem.

346 4646 380 4704 27
398 4645 467 4702 maii
488 4645 568 4702 llll.

88 4765 209 4827 [Negest.‚
223 4761 269 4812 lib.
282 4762 315 4821 V,
327 4761 400 4825 epist.
415 4760 471 4810 obt.
485 4761 544 4810 llss.
557 4760 593 4810 Le
604 4759 681 4810 Porto
691 4757 725 4808 du
740 4756 834 4822 sueth]

62 4872 143 4929 Fecit
164 4871 191 4928 ei
212 4875 397 4942 potestatem,
426 4865 567 4924 tribuendi
591 4864 754 4923 facultatem
782 4865 858 4938 prio-

98 4960 180 5016 rissae
198 4966 227 5016 et
247 4957 401 5016 couventui
416 4956 451 5014 de
465 4958 553 5013 Fossa
568 4955 650 5028 Nigri
665 4952 783 5024 ordinis,
797 4968 858 5011 mo·

98 5047 215 5105 nestcrii
229 5048 325 5105 loeum
339 5054 368 5104 et
382 5045 513 5118 regulam
528 5043 667 5102 mutandi.

102 5174 282 5245 Honorius,
310 5174 386 5244 etc,
411 5170 533 5233 dilecto
557 5169 627 5232 tilio
642 5170 748 5233 electo
763 5170 862 5232 htre-

60 5272 205 5333 batensi.

101 5368 237 5430 Dilectae
266 5367 301 5428 iu
328 5366 459 5428 Christo
485 5364 616 5428 filim...
641 5364 803 5441 priorissa
829 5366 863 5428 et

60 5468 245 5529 conventus
256 5464 455 5527 monasterii
464 5462 504 5524 de
518 5462 724 5537 Nossangri
732 5462 862 5524 ordinis

63 5562 161 5625 nobis
183 5561 354 5623 humiliter
376 5561 608 5637 supplicarunt
628 5561 675 5631 ut,
692 5575 767 5621 cum
786 5575 861 5621 mo-

62 5659 248 5723 nasterium
263 5658 371 5736 ipsum
394 5658 494 5720 situm
507 5658 542 5719 in
554 5657 629 5719 loco
651 5657 864 5719 inhabitabili

902 1078 1111 1141 cumstantiis
1124 1078 1283 1149 locorum,
1298 1077 1333 1137 in
1355 1091 1420 1153 quo
1433 1075 1532 1135 situm
1543 1073 1595 1135 est
1612 1072 1646 1134 et
1657 1070 1700 1133 ad

903 1193 1000 1254 quem
1012 1175 1189 1238 transferri
1198 1174 1385 1236 deliberant
1394 1173 1613 1234 memoratum
1627 1181 1701 1230 mo-

904 1275 1087 1337 nasterium
1114 1274 1292 1350 diligenter
1319 1271 1494 1349 inspectis,
1520 1269 1548 1329 si
1575 1268 1700 1345 absque

905 1373 1063 1434 scandalo
1090 1373 1122 1434 et
1152 1370 1255 1433 alieni
1278 1370 1366 1448 juris
1398 1365 1593 1446 praejudicio
1625 1365 1700 1426 fieri

904 1471 1037 1548 poterit,
1061 1469 1094 1530 id
1111 1469 1254 1531 faciendi
1267 1468 1407 1529 liberam
1430 1467 1480 1527 eis
1503 1462 1702 1527 auctoritate

905 1571 1020 1630 nostra
1035 1566 1162 1629 tribuas
1175 1567 1376 1628 facultatem.
1393 1565 1512 1627 Datum
1531 1561 1698 1633 Laterani,

906 1669 950 1730 Vl
963 1667 1097 1730 kalend.
1108 1666 1208 1743 junii,
1226 1680 1314 1727 anno
1330 1663 1456 1742 quinto.

1243 1879 1363 1968 0000

1019 2026 1072 2087 Ad
1085 2027 1365 2101 Monatonenscnz
1380 2023 1587 2096 epmcoprnn.

1203 2155 1237 2212 29
1252 2153 1319 2210 muli
1336 2153 1414 2210 lili.

941 2271 1062 2336 [Regest.,
1071 2270 1117 2321 lib.
1127 2271 1158 2327 V,
1168 2269 1242 2335 epist.
1252 2269 1307 2319 ooo.
1319 2268 1375 2317 liss.
1394 2268 1430 2318 La
1442 2268 1515 2318 Porta
1531 2265 1565 2316 du
1577 2263 1671 2325 Theil.]

909 2388 1063 2457 Ecclesiae,
1079 2388 1127 2444 SS.
1142 2384 1245 2443 Genesi
1256 2392 1284 2443 ot
1297 2383 1412 2443 Genesii
1424 2381 1460 2439 de
1472 2383 1598 2454 Giganti,
1609 2376 1705 2438 Sancti

943 2476 1066 2535 Andreae
1081 2475 1116 2533 de
1129 2475 1261 2543 cucullis,
1283 2481 1311 2530 ot
1326 2473 1420 2531 Sancti
1441 2471 1516 2528 Petri
1531 2470 1567 2526 de
1582 2469 1702 2542 Agnou·

944 2567 1001 2649 tiro
1016 2565 1070 2640 ipsi
1084 2564 1250 2621 auctoritate
1265 2562 1428 2636 apostolica
1441 2559 1602 2617 conhrmat.

950 2691 1129 2763 Honorius,
1147 2692 1222 2762 etc..
1238 2687 1424 2751 venerabili
1439 2685 1535 2747 fratri
1550 2682 1705 2760 Magalo-

909 2789 1006 2851 nensi
1022 2788 1188 2865 episcopo.

948 2887 1053 2950 iustis
1075 2885 1268 2963 petentium,
1291 2884 1354 2945 etc.
1381 2885 1428 2944 Ea
1453 2881 1599 2959 propter,
1627 2878 1704 2949 etc,

910 2999 1018 3058 uentre
1038 2998 1189 3045 assensu.
1210 2982 1393 3042 Ecclesiam
1418 2981 1616 3041 Sanctorum
1640 2979 1707 3036 Ge-

911 3081 994 3154 nesi,
1021 3082 1120 3158 atque
1145 3079 1280 3141 Genesii
1301 3077 1342 3139 de
1366 3078 1505 3154 Gigan0,
1529 3073 1706 3137 ecclesiam

913 3180 1026 3242 Sancti
1053 3178 1195 3241 Androm
1222 3177 1263 3239 de
1290 3175 1436 3237 Cucullis
1462 3174 1495 3236 et
1527 3169 1706 3234 ecclesiam

913 3277 1026 3341 Sancti
1050 3276 1142 3338 Petri
1160 3276 1201 3337 de
1222 3273 1408 3351 Agnantico
1431 3271 1473 3333 ad
1494 3274 1551 3348 jus
1576 3269 1708 3347 episco-

911 3376 986 3454 pale
1002 3373 1192 3453 specialiter
1206 3372 1407 3443 reserratas,
1424 3371 1511 3431 sicut
1524 3384 1582 3429 eas
1599 3380 1707 3428 cano·

912 3476 988 3536 uice
1007 3472 1158 3551 possides
1173 3472 1207 3534 et
1220 3470 1343 3549 quiete,
1357 3469 1398 3531 ad
1414 3467 1585 3544 exemplar
1599 3461 1708 3526 felicis
1831 3527 1846 3541 ,1

912 3571 1154 3635 recordationis
1185 3568 1278 3632 Lucii
1304 3570 1338 3631 et
1365 3564 1551 3628 Innocentii
1573 3557 1708 3642 'praede-

913 3686 1082 3733 cessorum
1106 3670 1296 3730 nostrorum
1319 3669 1543 3728 Romanorum
1568 3657 1711 3723 Pontid-

913 3785 999 3841 cum,
1016 3767 1076 3829 tibi
1090 3768 1222 3843 tuisque
1245 3763 1493 3827 successoribus
1510 3757 1709 3823 auctoritate

913 3853 1709 3944 Apostolicaconfirmamus,etpraesentisscripti

911 3963 1098 4042 patrocinio
1127 3960 1381 4024 communimus.
1407 3956 1500 4019 Nulli
1529 3970 1620 4031 ergo,
1644 3954 1707 4014 etc.

913 4063 1045 4124 Nostrae
1069 4058 1340 4122 confirmationes
1359 4054 1554 4131 intringere.
1580 4051 1615 4113 Si
1635 4049 1710 4128 quis

914 4161 1037 4231 autem,
1059 4160 1121 4220 etc.
1148 4158 1267 4218 Datum
1292 4153 1460 4225 Laterani,
1482 4154 1524 4213 IV
1548 4148 1711 4212 kalendas

911 4257 1012 4337 junii,
1026 4272 1115 4318 auno
1131 4253 1256 4334 quinto.

1241 4458 1385 4549 000οΙ

915 4609 968 4669 Art
983 4605 1138 4667 abbatem
1164 4603 1198 4666 ct
1218 4602 1426 4665 anteventum
1455 4599 1596 4673 septem
1616 4600 1711 4657 Fon-

990 4705 1078 4766 ttnm
1103 4704 1237 4764 ordints
1255 4697 1620 4760 rraernonstratenso.

1201 4823 1236 4881 29
1257 4821 1324 4879 maii
1345 4821 1424 4878 litt.

1004 4942 1097 5007 [liuga
1112 4935 1225 4991 Annales
1237 4938 1500 4993 Pramonstratenses,
1513 4935 1545 4994 11,
1555 4932 1623 4999 tat]

916 5058 1088 5131 Indulgetut
1098 5054 1364 5128 religiosisseptem
1372 5050 1504 5109 Fontium
1514 5048 1714 5124 parochiarum

1176 5142 1307 5216 regimen
1323 5140 1459 5199 undatur.

1757 3796 1770 3829 b

955 5264 1123 5327 Honorius
1133 5262 1446 5340 episcopusservus
1458 5256 1712 5327 serrorumhei,
1838 5255 1846 5265 ‘

916 5364 1046 5426 dilectis
1069 5362 1148 5423 liliis
1175 5359 1286 5422 abbati
1312 5361 1346 5421 et
1374 5355 1553 5419 conventui
1583 5355 1728 5431 septem

917 5461 1081 5529 Fontium,
1104 5455 1434 5520 Praemoustratensis
1454 5453 1594 5525 ordinis,
1618 5453 1715 5514 salu·

917 5562 983 5624 tem
997 5561 1030 5620 et
1039 5556 1257 5634 apostolicam
1276 5552 1554 5616 benedictionem.

958 5657 994 5720 ld
1023 5671 1085 5717 nec
1119 5654 1243 5731 petitur
1276 5649 1444 5730 improbe,
1481 5665 1543 5712 uec
1578 5648 1714 5725 indigue
