3774 6186
94 356 106 407 s
687 340 915 401 sermons.
940 340 1017 401 um.
1041 342 1098 401 111.
1412 308 1415 313 ’
1678 350 1717 407 ea

94 502 206 569 asterii
226 501 340 562 Sancti
360 500 508 573 Quintilii
523 500 559 559 in
574 499 696 570 Insula,
718 502 788 561 et...
804 500 867 559 de-

99 614 152 665 no
177 600 291 659 Sarte-ti
318 598 467 671 Quintini
503 598 687 659 Novionen.
714 597 867 659 ‹licecesis

104 702 145 763 J.
161 696 400 757 archidiacono
415 698 626 757 Carneracen.

96 794 255 861 Dilectus
270 794 397 855 tilius...
423 796 601 855 Belvacen.
622 794 747 855 electus
771 792 867 855 nobis

99 910 125 957 r
143 892 308 963 nuntium,
322 894 355 955 et
367 893 486 953 litteris
502 893 679 959 intimavit,
695 892 779 969 quod
792 907 866 953 cum

99 988 270 1055 nerabilis
285 990 389 1051 frater
404 993 553 1051 noster...
573 993 708 1051 Reman.
731 991 866 1051 arclrie-

95 1103 224 1162 scopus
244 1087 309 1147 iter
321 1088 610 1164 lerosolvmitanae
625 1087 868 1165 peregrinatio-

95 1206 121 1249 ,s
139 1185 347 1259 aggrediens,
371 1183 435 1245 sibi
460 1186 549 1246 vices
573 1202 652 1245 suas
671 1186 706 1246 in
729 1189 864 1247 lternen.

95 1282 240 1347 rovincia
256 1282 487 1352 commisisset,
504 1284 575 1359 ipse
588 1282 691 1353 audit,
707 1282 794 1343 sarna
811 1299 867 1359 pu·

95 1384 157 1445 lica
177 1380 380 1455 divulgante,
403 1380 489 1457 qnod
510 1380 651 1442 ecclesia
667 1380 780 1441 Sancti
795 1383 865 1441 lle-

95 1477 164 1553 ngii
179 1480 314 1538 Renren.
331 1478 509 1553 languente
522 1479 630 1553 capite
645 1478 867 1555 membrisque

95 1574 314 1639 ntlrmantibus
328 1591 431 1650 grave
450 1576 638 1651 patiebatur
657 1575 692 1635 in
707 1576 867 1652 spiritua-

95 1672 413 1743 ibusdetrirnentnm,
438 1674 518 1733 illuc
537 1674 787 1749 adpetitionem
806 1672 867 1734 ab·

95 1770 268 1833 ratiscansa
289 1771 490 1831 visitationis
506 1770 699 1847 procedens,
722 1771 866 1847 receptis

95 1865 308 1929 sufficientibus
336 1867 598 1944 depositionibus
627 1868 865 1929 monachorum

96 1964 214 2041 ejusdem
229 1965 379 2026 ecclesias
397 1968 597 2041 jnralorum,
625 1966 751 2043 liquido
770 1982 864 2027 cotn-

99 2062 208 2139 psrissot
230 2062 315 2138 quod
332 2078 392 2139 per
410 2061 539 2124 abbatis
557 2064 793 2139 negligentiam
809 2080 866 2123 ec-

103 2160 175 2221 elesia
197 2160 429 2237 multipliciter
449 2164 523 2223 erat
545 2162 703 2237 collapsa,
731 2165 866 2238 propter

108 2256 166 2333 qued
186 2258 336 2319 severius
367 2260 518 2336 potuerat
545 2258 724 2334 procedere
750 2261 864 2320 contra

107 2368 168 2425 oum
191 2355 306 2415 volens
334 2356 445 2417 tamen
474 2355 734 2417 misericorditer
764 2371 864 2433 agere

104 2452 296 2523 emendem,
326 2453 354 2513 si
385 2452 468 2515 sorte
494 2470 576 2514 sano
603 2470 683 2515 usus
711 2455 862 2525 oonsilio,

104 2548 186 2610 uitem
195 2566 236 2611 ex
249 2550 547 2627 tuncintelligeret,
557 2553 592 2613 ut
601 2553 684 2613 bene
692 2554 864 2627 ageret,ac

103 2646 167 2705 aad
179 2648 301 2723 frugem
319 2649 395 2711 vitae
415 2653 623 2711 converteret
642 2650 802 2721 melioris,
823 2649 864 2711 de

103 2743 263 2815 pmdentum
278 2747 427 2807 virorum
446 2748 598 2814 consilio,
624 2742 863 2809 deliberatione

102 2834 182 2902 labita
195 2842 356 2917 diligenti,
370 2843 625 2915 ordinationem,
637 2847 752 2920 atejus
762 2844 863 2905 verbo

102 2936 210 3009 sanior,
226 2940 304 3001 iecit
318 2941 353 3000 in
376 2941 492 3001 eadem
514 2942 655 3001 ecclesia
682 2942 863 3003 decaetero

101 3034 207 3097 inniter
234 3035 491 3109 observandam,
529 3043 623 3115 cujus
647 3042 793 3100 tenorem
822 3039 863 3099 ad

100 3142 142 3191 ros
152 3132 186 3193 ab
197 3135 310 3195 eodem
333 3136 437 3197 electo
453 3135 513 3197 sub
528 3152 588 3197 suo
612 3135 723 3213 sigillo
746 3138 862 3197 trans-

99 3227 215 3302 missum,
239 3232 334 3293 vobis
368 3232 428 3293 sub
452 3232 544 3293 bulla
571 3235 684 3294 nestra
707 3234 863 3294 duximus

113 3326 308 3389 astinandnm.
337 3332 430 3391 Hanc
465 3334 575 3392 autem
607 3331 861 3403 ordinationem,

98 3420 160 3485 sicut
179 3426 263 3486 idem
284 3426 408 3488 electus
423 3429 492 3487 suis
513 3427 608 3487 nobis
635 3427 754 3491 litteris
779 3430 862 3490 inti·

99 3522 182 3593 navit,
194 3522 295 3584 abbas
305 3526 337 3585 et
352 3528 533 3586 cenventus
549 3525 697 3601 ejusdem
711 3526 862 3587 eeclesiae

99 3616 221 3695 tauquam
249 3622 422 3698 providam
441 3625 474 3684 et
498 3624 721 3683 necessariam
736 3640 861 3701 appro-

98 3706 197 3787 lantes,
207 3719 378 3781 humiliter
391 3722 599 3796 receperunt,
621 3723 759 3798 excepto
776 3722 861 3798 quod

99 3822 151 3871 eun
162 3816 191 3875 in
205 3816 414 3879 ordinatione
429 3818 651 3890 contineatur,
667 3818 813 3879 utabbas
821 3819 860 3878 ad

100 3911 424 3991 exsolvendaquaedam
436 3932 509 3991 quae
520 3918 554 3975 in
568 3915 778 3977 ordinatione
788 3932 864 3977 eon·

100 4001 213 4071 tuentur
227 4013 354 4083 eadem,
368 4029 404 4074 se
412 4013 575 4088 astringat
583 4014 749 4089 corporali
759 4029 865 4090 praes-

100 4098 141 4163 lilo
150 4108 342 4182 jnramento,
358 4110 445 4171 idem
461 4110 564 4172 abbas
579 4127 615 4171 se
630 4110 671 4171 ad
694 4110 726 4170 id
747 4111 864 4173 nolens

101 4200 262 4279 ltldugere,
279 4222 477 4283 quamquam
499 4223 600 4283 super
614 4207 677 4268 boc
692 4207 862 4268 delibera-

101 4290 172 4359 tionis
184 4302 332 4364 inducias
347 4304 533 4379 postularit,
549 4304 683 4366 tandem
699 4304 733 4365 in
750 4321 864 4366 vocem

101 4398 312 4470 appellationis,
328 4403 504 4463 occasione
519 4404 653 4480 proptor
667 4403 730 4464 boc
745 4402 862 4463 frivola

101 4496 253 4559 medicata
267 4500 429 4575 prorupit.
447 4498 609 4561 Praeiatus
636 4516 716 4561 vero
739 4501 864 4562 electus

101 4590 280 4662 limitationi
297 4596 485 4672 hujusmodi
500 4613 599 4673 quam
619 4598 864 4659 frustratoriam

100 4688 239 4759 rt{tutabat
264 4694 400 4754 minime
421 4693 585 4765 deterens,
603 4695 710 4771 primo
731 4696 766 4755 in
788 4711 863 4755 eum

101 4788 310 4861 suspensionis,
333 4806 373 4851 ao
398 4791 529 4851 demum
562 4794 733 4853 crescente
759 4793 865 4868 ipsius

101 4882 273 4947 mutunacia
302 4889 658 4950 excommunicationis
682 4890 864 4951 sententias

101 4980 299 5073 immulgavit.
314 4988 423 5056 Quare
436 4986 636 5063 supplicavit
651 4985 746 5046 nobis
760 4987 864 5047 bumi-

102 5058 190 5139 ¹¹ltret
201 5080 329 5151 devote,
346 5086 382 5143 ut
403 5098 477 5143 cum
493 5084 556 5159 ipsi
572 5083 721 5145 eeclesia
740 5085 866 5145 utiliter

102 5172 275 5251 munisset,
306 5180 391 5241 sicut
416 5180 480 5239 sibi
499 5182 608 5241 visum
634 5182 742 5243 luerat
757 5198 864 5258 expse-

102 5254 274 5361 limatius
287 5276 380 5337 vobis
390 5278 476 5354 quod
488 5282 678 5355 superesset
688 5279 863 5355 agendum,

104 5358 273 5435 biennius
285 5374 431 5450 ejusdem
443 5376 593 5437 ecclesiae
605 5376 867 5452 paternadigna·

105 5462 184 5525 flam
210 5470 383 5547 diligentia
415 5473 600 5548 providere.
640 5474 756 5535 Nuntii
786 5490 866 5535 vero

105 5558 299 5627 tredictorum
329 5566 457 5629 abbatis
495 5572 528 5630 et
561 5571 743 5631 conventus
778 5569 865 5647 apud

105 5640 187 5721 sllen
203 5662 425 5741 apostoticam
451 5666 633 5739 constituti,
653 5681 673 5727 e
695 5666 867 5729 contrario

100 5760 108 5785 t

111 5796 250 6155 b

921 498 1174 575 responderunt,
1202 501 1289 577 quod
1318 518 1393 562 cum
1414 502 1572 579 precatus
1593 504 1719 569 electus
1797 570 1801 577 ,

921 596 961 656 ad
986 612 1101 657 eorum
1129 600 1367 660 inertas-terium
1390 601 1587 663 accessisset
1602 604 1720 666 visita·
1795 614 1802 621 “

921 694 1021 755 tionis
1034 694 1156 755 ibidem
1171 698 1315 757 osticium
1330 698 1552 773 impensurus,
1568 702 1720 779 promisit

920 792 1055 863 eisdem,
1073 792 1158 869 (quod
1175 794 1334 855 canonice
1350 794 1383 855 in
1407 797 1623 873 inquisitione
1636 814 1717 875 pro-

920 890 1062 961 cederet,
1093 890 1189 951 etde
1218 891 1346 953 abbatis
1370 895 1511 955 consilio
1536 896 1720 971 corrigeret

920 988 1129 1061 corrigenda.
1154 990 1215 1061 Qui
1229 991 1435 1066 postmmlum
1451 992 1536 1069 quod
1552 996 1719 1069 promise-

921 1086 973 1145 rat
987 1101 1053 1145 nen
1066 1090 1209 1159 servato,
1229 1089 1261 1149 et
1271 1090 1495 1164 praetermissa
1512 1090 1617 1151 torma
1632 1094 1720 1155 Con-

920 1182 989 1242 cilii
999 1184 1167 1257 generalis
1182 1201 1249 1246 non
1264 1187 1481 1262 exprimendo
1505 1188 1661 1265 capitulo,
1678 1188 1720 1249 de

920 1279 1040 1357 quibus
1056 1285 1129 1343 erat
1154 1283 1326 1359 inquisitio
1351 1285 1514 1358 iacienda,
1545 1287 1718 1347 incorum

919 1394 1099 1451 gravamen
1112 1380 1152 1440 ad
1182 1381 1433 1457 inquisitionem
1445 1399 1504 1459 pro
1517 1400 1578 1443 sua
1592 1385 1715 1446 volun-

920 1477 988 1537 tate
1003 1478 1174 1552 processit,
1192 1481 1352 1550 statuens,
1371 1480 1503 1540 utidem
1519 1480 1621 1541 abbas
1636 1497 1721 1557 qua·

920 1575 996 1633 tuor
1031 1575 1212 1635 monachos
1243 1578 1276 1636 et
1312 1576 1446 1637 totidem
1475 1577 1579 1638 laicos
1607 1594 1719 1639 secum

921 1669 1066 1739 liaberet,
1087 1673 1159 1732 sino
1184 1690 1322 1749 quorum
1344 1675 1496 1746 consilio,
1512 1676 1565 1735 vel
1591 1676 1633 1735 ad
1655 1676 1721 1737 iui-

919 1784 981 1827 nus
1007 1785 1121 1829 eorum
1149 1773 1291 1846 ‹pinituor
1308 1771 1392 1831 nibil
1419 1788 1575 1848 magnum
1601 1772 1717 1849 dispo-

920 1868 1023 1937 neret,
1038 1867 1148 1927 trullas
1162 1884 1326 1940 expensas
1342 1868 1476 1939 laceret,
1494 1886 1555 1931 nec
1573 1871 1718 1946 aliquem

919 1966 1125 2025 contractum
1142 1981 1304 2025 summam
1316 1966 1435 2041 viginti
1450 1967 1610 2027 librarum
1625 1984 1720 2029 exce·

919 2059 1719 2138 ‹lentemirri1·et,augendi,minuendietmutandi

920 2173 1021 2233 penes
1036 2174 1072 2219 se
1087 2162 1248 2235 potestate
1263 2161 1403 2230 retenta,
1420 2162 1582 2238 adjiciens
1604 2162 1717 2229 etiam.

920 2257 955 2315 ut
981 2254 1083 2316 abbas
1108 2255 1148 2316 de
1172 2256 1335 2318 servando
1365 2260 1489 2320 statuto
1528 2260 1719 2335 hujusmodi
1817 2334 1828 2349 ·

918 2354 1093 2429 praestaret
1126 2353 1345 2430 corporaliter
1377 2358 1615 2432 juramentum.
1654 2356 1718 2419 Sed

918 2466 991 2510 cum
1016 2450 1194 2527 praedictus
1209 2450 1312 2513 abbas
1334 2454 1491 2513 statutum
1511 2455 1637 2529 peteret
1651 2470 1717 2531 pu-

917 2545 1047 2619 blicari,
1063 2550 1098 2609 ut
1110 2548 1138 2607 si
1153 2548 1227 2625 quis
1242 2564 1419 2625 personam
1432 2550 1537 2626 ipsius
1554 2552 1717 2626 tangeret,

917 2646 949 2706 ei
964 2661 1065 2722 super
1081 2646 1142 2707 boe
1153 2644 1359 2707 detensionis
1372 2648 1466 2723 copia
1481 2664 1546 2708 non
1575 2648 1717 2719 deesset,

918 2742 1005 2803 idem
1016 2743 1141 2803 electus
1154 2743 1185 2802 id
1201 2744 1310 2805 iacere
1319 2745 1496 2815 recusavit,
1505 2749 1718 2823 propterquae

917 2840 1027 2900 omnia
1051 2842 1252 2901 memoratus
1281 2840 1384 2901 alebas
1406 2843 1552 2903 sentiens
1575 2842 1651 2914 sibi,
1686 2844 1720 2905 et

918 2938 1119 2999 monasterio
1143 2954 1244 3013 grave
1267 2939 1481 3015 praejudicum
1495 2940 1663 3015 generari,
1685 2943 1720 3002 et

917 3036 1110 3112 praedictum
1140 3036 1280 3097 eloctum
1316 3040 1431 3098 contra
1463 3038 1718 3114 promissionem

917 3148 1023 3204 suam,
1039 3134 1071 3193 et
1081 3133 1215 3193 concilii
1230 3133 1413 3194 lerinamin
1424 3134 1639 3211 inquisitione
1647 3152 1719 3213 per-

917 3246 1030 3306 peram
1046 3230 1248 3306 processisse
1267 3247 1481 3305 cognoscens,
1499 3234 1645 3293 nostram
1656 3248 1719 3293 au-

917 3328 1077 3389 dientiam
1102 3326 1293 3404 appellavit,
1318 3328 1534 3404 appellationi
1548 3330 1621 3404 ejus
1635 3345 1719 3390 con·

916 3428 1016 3486 ventu
1032 3425 1180 3503 ejusdem
1205 3424 1399 3486 monasterii
1424 3426 1626 3489 adhaerente.
1653 3427 1717 3487 Sed

917 3522 1095 3599 praedictus
1121 3523 1246 3583 electus
1273 3526 1346 3598 ejus
1379 3523 1602 3599 appellatione
1636 3540 1719 3586 con-

916 3622 1050 3696 tempta,
1081 3620 1188 3696 primo
1214 3620 1456 3697 suspensionis,
1486 3622 1520 3682 et
1554 3623 1629 3697 post
1654 3622 1719 3683 iter

917 3720 1085 3794 arreptum
1109 3717 1150 3777 ad
1176 3716 1294 3777 sedem
1315 3719 1538 3794 apostolicam
1551 3718 1717 3791 veniendi,

917 3815 952 3875 in
980 3816 1090 3892 ipsum
1117 3817 1151 3876 et
1179 3830 1338 3890 sequaces
1357 3818 1429 3891 eJus
1449 3816 1719 3877 excommunica-

916 3912 1018 3974 tionis
1056 3912 1238 3973 sentontias
1280 3912 1522 3987 promulgavit,
1566 3914 1719 3989 quamvis

917 4014 1049 4086 arrepto
1062 4009 1183 4070 itinere
1198 4007 1531 4083 cor1›01·isdebilitate
1546 4012 1719 4086 correptus

918 4107 1118 4167 remanserit
1144 4121 1241 4167 secus
1276 4104 1386 4183 Alpes.
1432 4109 1541 4177 Quare
1568 4106 1719 4183 praedioti
1814 4118 1817 4123 ·

917 4204 1025 4265 narrtii
1055 4204 1229 4264 humiliter
1251 4204 1418 4280 petierunt
1441 4204 1632 4280 praedictam
1653 4220 1719 4267 ex-

918 4302 1229 4362 communicationis
1249 4302 1469 4373 sententiam,
1507 4305 1620 4380 utpote
1646 4306 1721 4379 post

917 4399 1175 4475 appellationem
1188 4400 1229 4459 ad
1245 4414 1306 4460 nes
1322 4400 1469 4473 legitime
1488 4400 1719 4477 interpositam

917 4498 1173 4572 promulgatam,
1187 4497 1318 4557 irritam
1333 4498 1500 4569 anuntiare,
1522 4499 1574 4558 vel
1601 4499 1719 4559 saltem

917 4593 1069 4656 abbatem
1093 4594 1134 4655 ad
1161 4594 1326 4655 cautelam
1350 4595 1488 4655 absolvi.
1520 4595 1604 4667 Quia
1638 4610 1719 4655 vero

918 4708 1018 4768 super
1032 4692 1086 4752 bis
1099 4692 1194 4753 nobis
1210 4708 1276 4752 non
1292 4693 1398 4769 potuit
1416 4692 1489 4751 lieri
1505 4692 1603 4766 plena
1623 4691 1716 4761 tides,

918 4789 1112 4851 discretioni
1124 4795 1244 4850 vestras
1260 4789 1301 4849 de
1324 4789 1495 4863 utriusque
1514 4788 1618 4864 partis
1638 4803 1719 4864 pro-

918 4891 1109 4948 curatorum
1135 4902 1276 4947 assensu
1300 4902 1360 4961 per
1384 4883 1572 4960 Apostolica
1593 4885 1718 4962 scripta

919 4984 1125 5054 mandamus,
1142 4987 1305 5059 quatenus
1320 4980 1449 5049 abbate,
1470 4983 1503 5042 et
1521 4982 1720 5059 sequacibus

918 5083 991 5156 ejus
1016 5084 1094 5140 ante
1118 5080 1187 5139 litis
1216 5080 1403 5151 ingressum
1434 5078 1595 5141 absolutis
1621 5082 1719 5157 juxta

920 5176 1058 5257 sormam
1075 5174 1237 5245 eeclesiae,
1255 5175 1294 5233 ad
1316 5177 1491 5245 cautelam,
1508 5180 1541 5238 et
1562 5177 1720 5253 inquisita

919 5289 1019 5349 super
1028 5272 1220 5350 praemissis,
1234 5276 1268 5333 et
1278 5274 1410 5347 cognita
1423 5274 1575 5341 veritate,
1592 5274 1621 5333 si
1637 5290 1719 5349 pro-

919 5387 1049 5432 cessum
1060 5370 1157 5431 electi
1167 5370 1316 5446 praalicti
1327 5372 1524 5431 canonicum
1535 5385 1610 5431 esso
1624 5370 1721 5431 inve-

920 5468 1050 5539 neritis,
1062 5468 1287 5529 moderatione
1301 5466 1450 5528 adbibita
1465 5482 1564 5544 quam
1580 5468 1720 5545 aequitas

921 5566 1124 5643 persuaserit
1138 5563 1371 5633 adhibendam,
1389 5564 1497 5641 ipsum
1521 5566 1719 5629 auctoritate

920 5664 1108 5743 apostolica
1121 5659 1720 5739 rennrmetis.alioquinsicutjustum
