3774 6186
117 314 176 372 oio

89 492 91 497 ⁴
115 485 194 531 raro
208 471 404 533 transmittis
417 471 512 540 alios,
525 486 624 547 quam
634 470 777 543 Judaeos,
792 470 849 547 qui
859 470 908 531 eis

116 568 312 637 eonsilia‚et
321 569 441 629 statum
452 566 716 629 Christianorum
727 569 906 644 exponunt,

116 681 156 726 nc
178 667 305 726 secreta
329 665 498 738 revelant;
520 665 659 742 ideoque
682 666 908 741 circumspec-

115 765 239 825 tionem
254 766 345 824 tuam
358 762 602 823 sollicitandam
614 763 780 833 duximus,
793 763 826 824 et
837 777 911 823 mo·

116 861 271 930 nondam,
288 863 449 936 quatenns
460 876 533 921 cum
547 861 714 921 incumbet
726 860 786 920 tibi
800 860 911 936 hujus·

118 957 206 1017 modi
240 957 374 1017 nuntios
409 955 593 1026 destinare,
628 957 736 1032 potius
769 955 912 1017 destinet

118 1055 328 1124 christianos,
346 1071 420 1115 cum
439 1053 499 1115 tibi
519 1071 585 1115 non
605 1055 650 1115 sit
668 1054 708 1113 de
725 1053 910 1114 infidelium

118 1152 276 1214 fidelitate
303 1151 501 1228 sperandum
528 1172 535 1210 :
559 1167 620 1212 nec
647 1151 829 1212 verisimile
850 1151 908 1222 sit,

118 1250 203 1326 quod
217 1250 271 1328 qui
283 1250 487 1326 negaverunt
497 1249 597 1325 impie
610 1249 720 1325 ipsum
731 1247 909 1318 Christum,

118 1347 231 1408 fideles
246 1363 321 1408 esse
336 1345 476 1406 debeant
488 1345 698 1406 Christianis.
716 1346 834 1430 Datum
847 1345 912 1404 La-

117 1445 236 1516 terani,
250 1447 278 1505 ll
290 1460 395 1505 nonas
408 1441 573 1512 novemb..
585 1442 794 1518 pontificatus
805 1440 911 1502 nostri

117 1543 346 1619 annoquinto.

429 1666 600 1752 LXXXV

146 1805 197 1864 Ao
211 1803 434 1864 Beuedietnm
444 1804 639 1876 episcopum
653 1801 868 1861 Scorevasem.

422 1922 515 1979 lnov.
531 1922 609 1979 lael.

187 2040 331 2104 [Liljsgrem
345 2038 442 2089 Svenslr
455 2036 672 2101 diplomatarinm,
686 2036 705 2093 l,
716 2033 771 2092 tlt,
784 2034 850 2098 lah]

119 2149 160 2208 llli
184 2147 334 2206 confirmat
352 2145 507 2213 libertates,
523 2142 722 2216 possessiones
739 2147 769 2197 et
783 2140 914 2197 immuni·

153 2245 226 2294 tates
240 2233 451 2308 quasscarensi
460 2232 590 2290 ecclesio
599 2231 759 2288 contulerat
767 2228 912 2289 lohannes

153 2341 202 2385 rex
216 2325 340 2384 swelle.

159 2443 326 2506 Honorius
339 2444 525 2519 episcopus,
534 2454 650 2501 servus
661 2453 832 2499 servorum
839 2436 910 2506 bei,

120 2541 304 2604 venerabili
320 2539 412 2601 fratri
427 2540 581 2615 episcopo
594 2536 759 2606 scarensi,
772 2534 913 2594 salutem

120 2644 153 2703 et
163 2636 379 2718 apostolicam
394 2634 671 2696 benedictionem.

160 2740 240 2799 Cum
263 2751 283 2796 a
308 2735 403 2796 nobis
433 2732 556 2810 petitur
574 2729 660 2807 quod
672 2729 799 2805 justum
819 2728 914 2790 estet

119 2835 306 2903 honestum,
320 2834 388 2893 tam
409 2829 505 2905 vigor
522 2827 689 2904 aequitafis
712 2842 812 2903 quam
832 2825 913 2887 ordo

119 2933 225 3010 exigit
235 2927 377 2993 rationis
391 2930 426 2988 ut
442 2925 472 2986 id
487 2940 546 3002 per
566 2923 823 2985 sollicitudinem
838 2922 914 2984 offi-

120 3034 164 3096 cii
191 3027 295 3093 nostri
312 3026 352 3087 ad
370 3023 514 3086 debitum
532 3022 732 3099 perducatur
746 3021 910 3083 effectum.

120 3129 311 3210 Eapropter,
319 3120 521 3186 venerabilis
531 3123 567 3182 in
580 3121 711 3182 Christo
722 3119 913 3190 tentonicis

115 3232 216 3312 justis
235 3217 512 3307 postulationibus
532 3220 661 3296 gratum
688 3218 913 3295 impertientes

119 3321 481 3397 assensum,libertates
496 3318 742 3395 possessionum
756 3319 789 3378 et
799 3317 914 3375 immu-

122 3431 253 3498 nitates,
271 3419 389 3485 acalia
415 3433 488 3495 quae
513 3417 706 3477 carissimus
729 3415 763 3475 in
783 3413 913 3475 Christo

120 3511 912 3590 filiusnosterJ.,illustrisrexSwetiae,ecclesiae

117 3631 182 3688 tuae
197 3619 329 3684 liberali
345 3613 486 3676 contulit
501 3611 633 3688 pietate,
647 3610 745 3686 prout
759 3609 793 3669 in
808 3608 912 3685 ipsius

117 3721 238 3786 litteris
258 3715 388 3796 plenius
413 3709 612 3780 continetur,
631 3707 718 3768 sicut
741 3723 780 3768 ea
802 3706 913 3768 omnia

114 3823 205 3901 juste
221 3833 260 3879 ac
280 3808 418 3892 pacifice
434 3808 574 3878 obtines,
591 3806 651 3867 tibi
666 3807 698 3867 et
711 3821 770 3882 per
783 3807 816 3866 te
832 3821 911 3865 suc·

118 3915 307 3982 sessoribus
319 3911 386 3973 tuis
413 3906 611 3968 auctoritate
626 3903 814 3980 apostolica
828 3919 911 3964 con-

119 4020 299 4082 firmamus,
323 4010 356 4071 et
383 4005 558 4083 praesentis
584 4003 699 4078 scripti
727 4000 912 4079 patrocinio

118 4110 370 4180 communimus.
394 4103 441 4164 Ad
456 4105 614 4176 majorem
646 4102 756 4162 autem
771 4099 821 4161 rei
836 4099 911 4160 evi-

118 4210 263 4275 dentiam
285 4206 433 4267 tenorem
462 4199 647 4259 litterarum
664 4197 810 4274 ipsarum
826 4210 914 4272 prae-

118 4307 267 4374 sentibus
282 4299 438 4362 duximus
449 4295 666 4356 inserendum
682 4294 738 4370 qui
753 4293 831 4355 talis
843 4293 910 4353 est:

117 4411 184 4472 «ln
197 4399 331 4467 nomine
341 4396 470 4457 Sanctae
487 4395 519 4455 et
529 4392 710 4452 individuae
725 4392 910 4461 Trinitatis,

117 4507 285 4574 Jonannes
297 4496 354 4557 Dei
371 4492 551 4569 gratianos
571 4491 781 4551 Sivetiorum.
798 4490 913 4550 Omni-

119 4608 179 4671 bus
194 4594 316 4662 Christi
341 4587 495 4651 fidellbus
518 4602 665 4665 praesens
684 4588 842 4664 scriptum
865 4588 914 4646 in-

119 4696 286 4772 tuentibus
299 4689 351 4751 vel
367 4687 577 4750 audientibus
593 4687 626 4746 in
647 4687 852 4762 perpetuum.
865 4688 914 4747 lix

119 4788 238 4869 delicto
254 4787 350 4869 primi
363 4787 510 4865 parentis
519 4784 646 4846 cunctis
656 4782 911 4860 infligiturquod

119 4907 262 4969 humana
283 4884 441 4947 memoria
458 4883 568 4944 labilis
584 4883 627 4943 sit
646 4884 680 4943 et
697 4881 834 4952 caduca,
848 4881 912 4941 nisi

21 5070 31 5077 ·
120 5018 172 5069 res
184 4989 285 5076 gestae
297 4979 407 5044 vivaci
419 4983 604 5044 litterarum
618 4979 809 5042 testimonio
820 4978 914 5040 robo-

121 5096 245 5169 rentur.
269 5079 408 5144 Noverit
434 5079 595 5155 siquidem
616 5079 684 5139 mm
700 5076 912 5153 praesentium

122 5202 200 5267 aetas
214 5197 312 5267 quam
326 5177 509 5238 futurorum
522 5177 709 5253 posteritas,
718 5174 804 5252 quod
814 5174 848 5234 in
859 5173 913 5234 die

122 5276 408 5366 inthronizationis
432 5276 554 5336 nostrae
577 5274 713 5336 domino
735 5272 912 5334 Benedieto

125 5380 275 5467 gomnsi
291 5375 444 5452 episcopo
458 5373 627 5434 etcaeteris
640 5371 804 5449 episcopis
819 5369 912 5445 regni

65 5464 69 5485 '
129 5486 228 5569 nomi
242 5472 442 5542 contulimus
462 5471 688 5549 possessiones
703 5467 911 5531 ecclesiasti·-

733 312 909 372 HONORII
931 314 974 373 lll
997 313 1145 374 OPERA.

1709 318 1767 378 560

963 484 1020 529 cas
1036 486 1110 530 cum
1124 470 1307 532 attinentiis
1323 487 1438 533 earum
1451 473 1575 549 aragia
1588 473 1765 535 exactione

964 565 1088 628 liberas
1103 570 1136 628 et
1146 567 1320 628 immunes.
1338 570 1377 631 ut
1391 570 1501 646 siquae
1512 587 1624 632 causae
1638 571 1676 631 in
1692 569 1766 631 fun·

964 664 1015 724 dis
1036 667 1096 726 aut
1109 665 1244 741 praediis
1269 665 1537 742 presbiterorum
1552 667 1607 730 vel
1623 669 1764 729 colono·

964 777 1038 822 rum
1063 777 1178 823 eorum
1204 765 1402 825 emerserint
1430 766 1578 827 totaliter
1593 766 1660 842 ipsi
1680 766 1765 842 epis-

964 874 1047 935 copo
1076 860 1241 920 attineant
1271 861 1306 921 in
1344 862 1594 923 satisfaciendo.
1635 864 1670 923 Si
1694 865 1764 940 quis

964 957 1068 1032 igitur
1083 957 1146 1018 hoc
1160 956 1272 1018 datum
1283 960 1349 1019 tam
1366 959 1613 1023 rationabiliter
1625 962 1763 1022 institu-

965 1056 1034 1114 tum
1059 1069 1192 1114 cassare
1216 1056 1438 1124 attentaverit,
1460 1057 1554 1132 regia
1576 1058 1706 1119 ultione
1730 1075 1763 1119 se

966 1152 1098 1212 noverit
1109 1151 1403 1228 complectendum.

1007 1249 1125 1309 Datum
1140 1265 1228 1310 anno
1243 1251 1359 1324 gratiae
1371 1267 1460 1312 anno
1474 1250 1516 1313 ab
1528 1254 1763 1314 incarnatione

967 1346 1099 1407 Domini
1115 1349 1386 1418 MCCXIX,anno
1401 1350 1495 1424 regni
1512 1351 1620 1411 nostri
1637 1353 1764 1412 tertio.»

1007 1471 1098 1530 Nulli
1114 1487 1194 1546 erpo
1207 1472 1342 1533 omuino
1359 1472 1530 1535 hominum
1557 1474 1661 1536 liceat
1681 1474 1763 1536 hanc

967 1568 1121 1644 paginam
1149 1572 1271 1630 nostrae
1293 1570 1555 1632 confirmationis
1579 1572 1762 1648 infringere

966 1665 1020 1726 vel
1032 1666 1061 1725 ei
1078 1682 1162 1726 ausu
1173 1667 1351 1728 temerario
1365 1669 1552 1745 contraire,
1567 1671 1596 1729 si
1614 1671 1689 1746 quis
1703 1687 1761 1731 au·

966 1766 1032 1826 tem
1046 1764 1108 1825 hoc
1124 1766 1288 1825 attentare
1301 1769 1551 1845 praesumpserit
1563 1768 1762 1842 indignatio·

967 1878 1043 1922 nem
1055 1862 1292 1938 omnipotentis
1319 1865 1377 1925 Dei
1393 1868 1425 1928 et
1443 1865 1616 1926 beatorum
1635 1867 1761 1928 Petri-et

970 1960 1063 2020 Pauli
1077 1960 1302 2037 apostolorum
1314 1964 1399 2038 eius,
1412 1977 1448 2023 se
1460 1963 1595 2024 noverit
1608 1963 1757 2025 incursu-

967 2073 1052 2119 rum.
1075 2059 1193 2119 Datum
1215 2059 1383 2129 Laterani,
1400 2061 1430 2119 ll
1445 2075 1553 2141 nonas
1564 2059 1756 2130 novembris,

967 2153 1180 2232 pontificatus
1195 2156 1300 2217 nostri
1318 2172 1406 2217 anno
1422 2157 1549 2234 quinto.

1270 2380 1464 2468 LXXXVI

988 2535 1039 2592 ,fd
1063 2535 1284 2595 benedictum
1309 2534 1515 2597 scarensem
1536 2537 1737 2610 episcopum.

1262 2666 1361 2723 inor.
1386 2666 1464 2725 1220.

1077 2791 1223 2855 [liljisgren
1236 2791 1344 2843 sienni
1356 2790 1430 2857 dipl,
1444 2792 1464 2849 r,
1479 2790 1537 2852 na,
1549 2807 1576 2842 n.
1592 2793 1661 2856 resp

969 2907 1111 2965 Honorius
1125 2910 1166 2966 lll
1177 2907 1308 2966 concedit
1323 2907 1484 2966 facultatem
1505 2909 1678 2967 absolvendi
1703 2909 1754 2967 illos

1004 2999 1051 3068 qui
1067 3005 1182 3070 propter
1194 2996 1388 3055 difficultatem
1403 2997 1509 3056 laboris
1532 3007 1563 3056 et
1579 3000 1694 3056 viarum
1706 2999 1752 3057 dis·

1002 3087 1121 3142 crimina
1142 3085 1348 3144 absolutionem
1365 3088 1508 3158 postulare
1528 3089 1696 3161 negligunt

1008 3213 1175 3274 Honorius
1185 3214 1368 3291 episcopus,
1380 3229 1496 3275 servus
1510 3230 1688 3277 servorum
1695 3217 1756 3287 Dei,

968 3311 1150 3372 venerabili
1181 3310 1313 3372 fratri...
1340 3312 1495 3388 episcopo
1514 3314 1690 3385 scarensi,
1711 3330 1782 3374 sa·-

968 3407 1069 3470 lutem
1095 3411 1128 3471 et
1155 3411 1301 3470 nostram
1322 3408 1539 3487 apostolicam
1562 3409 1800 3473 benedictio-

969 3522 1054 3567 nem.

1008 3607 1088 3665 Cum
1104 3605 1189 3667 sicut
1204 3605 1238 3665 in
1262 3607 1376 3666 nostra
1392 3607 1596 3682 proposuisti
1619 3624 1801 3684 praesen—

968 3702 1013 3762 tia
1029 3703 1237 3775 constitutus,
1250 3702 1401 3763 nonnulli
1416 3704 1482 3764 tuae
1498 3704 1656 3766 dioecesis
1672 3706 1706 3766 in
1717 3723 1801 3766 ca-.

968 3816 1087 3860 nonem
1112 3802 1188 3862 latae
1214 3801 1387 3862 sententiae
1408 3801 1608 3870 incidentes,
1635 3805 1791 3881 propter

968 3899 1053 3974 qnod
1078 3900 1189 3959 essent
1213 3898 1254 3958 ad
1277 3897 1396 3958 Sedem
1418 3900 1646 3974 apostolicam
1668 3902 1801 3963 desti-

968 3996 1068 4056 nandi
1084 3996 1266 4056 secundum
1279 3996 1458 4056 canonicas
1475 3999 1801 4070 sanctionesdm:

968 4094 1180 4154 considerant
1194 4092 1421 4154 difflcultatem
1433 4094 1571 4166 laboris,
1587 4100 1622 4158 et
1638 4098 1802 4158 viaru-

967 4191 1172 4261 discrimina,
1202 4190 1376 4266 negligunt
1416 4190 1641 4254 absolutionis
1671 4193 1802 4256 bene

968 4287 1079 4347 licium
1088 4285 1267 4364 postulare,
1282 4301 1354 4356 nos,
1369 4288 1403 4347 et
1416 4286 1552 4348 illorum
1568 4290 1675 4351 saluti
1691 4306 1802 4351 cot]

967 4386 1088 4454 sulere,
1099 4400 1138 4444 ao
1157 4385 1223 4444 tuae
1240 4384 1445 4446 fraternitati
1458 4384 1592 4447 deferre
1608 4387 1803 4462 volontas¹

968 4481 1161 4544 absolvendi
1174 4496 1232 4540 eos
1246 4483 1341 4556 juxta
1360 4481 1500 4542 formam
1517 4484 1680 4547 Ecclesiae
1695 4484 1801 4550 libe

967 4596 1039 4641 ram
1050 4578 1790 4655 tibiauctoritatepraesentiumconcedirnus

968 4678 1169 4747 facultatem,
1186 4675 1249 4736 nisi
1266 4675 1351 4736 forte
1363 4677 1410 4738 ita
1431 4682 1522 4740 esset
1536 4679 1658 4742 talium
1673 4697 1780 4744 enor-

968 4777 1031 4836 mis
1046 4789 1214 4845 excessus,
1236 4774 1321 4850 quod
1339 4777 1459 4836 merito
1472 4774 1636 4840 deberent
1651 4779 1692 4840 ad
1706 4783 1768 4841 Se·

967 4875 1041 4935 dem
1062 4872 1284 4949 apostolicam
1309 4872 1483 4944 destinari,
1504 4877 1621 4953 utpote
1647 4879 1677 4939 si
1691 4894 1761 4954 pm·

968 4971 1123 5034 cederent
1143 4970 1183 5031 ad
1197 4971 1440 5032 mutilationem
1456 4973 1694 5047 membrorum,
1709 4991 1753 5038 sen

967 5085 1103 5146 gravem
1118 5069 1293 5144 sanguinis
1307 5069 1519 5143 effusionem,
1532 5073 1589 5134 vel
1604 5075 1646 5136 ad
1660 5076 1747 5151 injec-

968 5170 1090 5229 tionem
1104 5181 1261 5227 manuum
1275 5168 1309 5227 in
1321 5168 1526 5246 episcopum,
1537 5171 1592 5232 vel
1606 5171 1742 5243 abbatem¹

967 5265 1053 5343 quod
1080 5282 1146 5326 non
1176 5267 1264 5326 esset
1289 5265 1323 5325 in
1357 5267 1519 5341 patientia
1547 5269 1740 5332 tolerandum.

968 5367 1086 5425 Datum
1107 5363 1287 5433 Laterano,
1306 5364 1335 5423 ll
1350 5379 1457 5425 nonas
1473 5367 1674 5440 novembris,
1688 5381 1741 5444 pon·

968 5463 1116 5525 titleatus
1131 5462 1236 5547 nostri
1251 5477 1339 5522 anno
1354 5462 1481 5539 quinto.
