3774 6186
123 289 180 349 291
748 299 922 361 HONORII
945 301 989 361 111
1011 302 1159 363 OPERA·
1715 308 1770 369 29²2

122 450 156 510 in
171 452 396 514 mercenarios
410 454 549 526 vestros,
569 470 628 532 pro
646 470 699 529 oo,
716 457 801 534 quod
824 457 918 519 deci-
971 459 1014 519 tis
1029 461 1139 520 autem
1154 456 1262 529 eidem
1285 460 1358 520 loco
1378 476 1440 521 sua
1449 462 1528 538 jura
1543 462 1764 538 servantibus,

123 564 206 620 mas,
222 549 308 610 sicut
322 549 445 610 dictum
460 553 521 624 est,
534 567 600 612 non
625 555 825 629 persolvitis,
846 556 917 616 sive
970 555 1016 615 sit
1026 571 1092 630 pax
1106 557 1237 619 Domini
1248 558 1354 617 nostri
1366 559 1448 619 lesu
1459 558 1596 629 Christi,
1607 562 1765 636 quatenus

121 646 233 722 aliqua
247 647 422 708 occasione
436 664 562 718 eorum,
579 666 653 725 quae
668 651 709 711 ab
727 652 916 727 apostolica
970 653 1004 712 et
1018 652 1073 713 bic
1088 653 1230 714 lructum
1245 653 1341 714 bonae
1364 655 1506 725 actionis
1520 656 1722 732 percipiant,
1735 666 1763 720 et

120 741 326 817 benignitate
348 744 442 804 vobis
466 745 594 807 indulta
613 750 701 818 sunt,
724 748 796 810 sive
813 748 917 811 bene-
970 747 1058 823 apud
1087 749 1271 811 districtum
1296 751 1443 826 iudicem
1470 752 1611 828 praemia
1636 756 1761 816 aeternae

122 839 264 901 factores
290 842 419 902 vestros
437 858 496 918 pro
518 858 557 903 eo
581 845 667 919 quod
686 845 798 921 aliqua
822 845 915 907 vobis
970 845 1062 920 pacis
1077 846 1262 908 inveniant.
1279 851 1394 908 Amen.
1407 852 1658 911 Amemamen.
1671 848 1761 927 (Sub-

120 936 282 1000 beneficia
301 938 353 998 vel
378 938 536 1015 obsequia
560 956 602 1001 ex
623 942 760 1004 caritate
784 943 917 1018 praesti-
968 944 1421 1017 scquuotursrcscrtpttooes
1435 945 1698 1023 cardinalium.)

120 1036 232 1106 terint,
260 1036 312 1096 vel
338 1035 379 1096 ad
411 1035 627 1097 laborandum
658 1039 857 1115 adjuverint,
879 1040 914 1100 in
1009 1040 1126 1101 Datum
1151 1041 1265 1111 Reate,
1282 1056 1341 1116 per
1360 1056 1494 1102 manum
1516 1042 1658 1104 Ranerii
1673 1047 1706 1105 S.
1724 1048 1757 1106 ll.

120 1132 187 1192 illis
201 1132 327 1205 diebus,
344 1134 379 1193 in
397 1134 515 1210 quibus
538 1151 596 1194 vos
611 1136 782 1206 laboratis,
805 1137 913 1199 etalii
968 1135 1004 1193 Ε.
1020 1135 1361 1206 vicecancellarii,vll
1372 1137 1448 1197 idus
1459 1154 1549 1213 aug,
1564 1138 1680 1201 indict.
1697 1143 1756 1213 Vll,

120 1229 294 1301 feriantur,
319 1232 467 1291 eamdem
489 1233 686 1294 sententiam
703 1234 911 1309 protulerint,
969 1232 1210 1292 incarnationis
1241 1234 1422 1295 Dominicae
1460 1250 1548 1296 anno
1584 1237 1756 1309 mccxlx,

120 1327 522 1404 ipsamtanquamcontra
539 1329 844 1406 sedisapostolicae
860 1332 914 1392 in·
966 1329 1180 1405 pontificatus
1201 1347 1280 1392 vero
1309 1331 1449 1392 Honorii
1476 1347 1574 1410 papae
1600 1335 1649 1396 111
1678 1350 1758 1396 anno

118 1425 210 1484 dulta
223 1424 385 1500 prolatam
394 1425 548 1485 duximus
562 1427 913 1490 irritandamNeclit·
966 1427 1096 1500 quarte.

118 1525 198 1583 teras
225 1522 291 1583 illae
317 1521 504 1583 firmitatem
526 1522 680 1597 habeant,
704 1539 789 1600 quas
810 1525 911 1586 tacito
1338 1553 1393 1640 XI

118 1620 251 1680 nomine
266 1620 496 1681 cisterciensis
511 1620 649 1692 ordinis,
669 1622 702 1682 et
724 1623 840 1683 contra
859 1624 912 1683 te-

119 1731 232 1778 norem
248 1716 505 1793 apostolicorum
520 1716 770 1793 privilegiorum
784 1719 912 1782 consti-

118 1814 197 1875 terit
207 1814 389 1890 impetrari.

158 1914 408 1973 Praetereamus
419 1911 910 1975 communeinterdictumterrae
930 1946 933 1957 ·
1241 1892 1387 1967 9³⁰ss¹¹³¹·
1405 1894 1483 1952 ¹²¹⁹>-

118 2008 191 2079 iuit,
203 2009 304 2069 liceat
315 2007 408 2069 vobis
424 2008 640 2069 nihilominus
663 2008 697 2068 in
711 2012 821 2070 vestro
834 2025 909 2071 mo·
997 1997 1220 2061 [segestanus
1232 2000 1306 2062 epist.
1319 2000 1374 2049 5⁰⁵·
1387 2002 1444 2051 Μ·
1456 2000 1729 2068 saracenorum]

119 2107 277 2176 nasterio,
288 2105 433 2166 exclusis
448 2106 742 2166 excommunicatis
762 2106 795 2167 et
806 2107 912 2168 inter-
994 2103 1109 2161 blandai
1123 2112 1155 2161 ut
1168 2105 1312 2176 inquirant
1328 2109 1477 2164 veritatem
1492 2106 1528 2164 de
1544 2109 1696 2165 luminario
1708 2111 1734 2165 in

113 2203 226 2274 dictis,
242 2203 355 2263 divina
368 2202 476 2262 officia
491 2202 671 2263 celebrare.
687 2204 766 2263 Paci
781 2219 910 2280 quoque
1049 2193 1169 2250 θθθῐθθῑθ
1186 2194 1281 2250 Sancti
1293 2195 1440 2252 681106ῐίοῑ
1455 2197 1681 2254 Εθῐῡθῑθθθῦδίδ-

117 2302 150 2362 et
159 2299 393 2375 tranquillitati
408 2301 527 2360 vestrae
543 2301 680 2374 paterna
693 2300 729 2361 in
744 2302 909 2376 posterum
1005 2301 1182 2373 Honorius,
1196 2304 1259 2363 etc.
1272 2302 1402 2364 dilectis
1417 2303 1532 2363 filiis...
1545 2305 1754 2366 archidiaco-

118 2396 342 2458 sollicitudine
357 2397 532 2473 providere
544 2395 703 2466 volentes,
714 2398 910 2459 auctoritate
964 2412 1044 2457 no...
1061 2397 1186 2458 decano
1200 2398 1270 2459 et...
1292 2400 1419 2460 cantori
1435 2401 1585 2472 Romen„
1606 2401 1752 2474 salutem,

117 2495 306 2570 apostolica
326 2493 548 2569 probibemus,
562 2495 598 2553 ut
623 2492 711 2553 inira
736 2493 909 2554 clausuras
964 2493 1028 2554 etc.

117 2592 266 2652 locorum
282 2606 341 2650 seu
355 2590 570 2665 grangiarum
587 2590 773 2651 vestrarum
796 2591 909 2651 nullus
1004 2593 1070 2651 Sua
1087 2590 1218 2651 nobis...
1240 2591 1386 2652 decanus
1400 2594 1433 2653 et
1447 2593 1631 2669 capitulum
1648 2596 1753 2657 Sancti
1778 2589 1782 2599 '

118 2688 270 2762 rapinam
293 2703 351 2746 seu
378 2686 501 2747 lurtum
525 2685 645 2756 lacere,
673 2686 784 2760 ignem
805 2703 910 2763 appo·
964 2688 1755 2753 GaucericiCameracen.insinuatiunemonstra·

118 2798 209 2854 nere,
231 2783 425 2858 sanguinem
446 2782 593 2852 sundere,
611 2782 777 2843 bominem
791 2799 909 2860 cepere
964 2783 1053 2849 runt,
1074 2782 1287 2859 quodcum...
1313 2783 1460 2860 ipsorum
1476 2786 1630 2848 ecclesiae
1649 2791 1752 2849 custos

119 2882 173 2942 vel
188 2880 386 2948 interlicere,
403 2896 461 2940 seu
471 2880 663 2941 violentiam
676 2895 833 2941 exercere
845 2897 909 2942 au·
963 2880 1116 2940 teneatur
1150 2880 1256 2940 eidem
1290 2881 1441 2943 ecclesiae
1476 2883 1510 2941 in
1537 2883 1753 2947 luminaribus

118 2979 204 3039 deat.
222 2980 387 3038 Praeterea
403 2993 516 3037 omnes
538 2976 708 3039 libertates
730 2979 763 3038 et
784 2978 907 3039 immu·
963 2975 1149 3051 providere,
1167 2977 1401 3053 propterquod
1422 2980 1454 3039 et
1467 2979 1620 3054 quaedam
1637 2982 1705 3041 alia
1726 2981 1754 3041 in

117 3076 238 3137 nitates
254 3091 272 3135 a
288 3074 585 3151 praedecessoribus
600 3075 734 3145 nostris,
751 3077 908 3136 Romanis
964 3071 1082 3147 quibus
1097 3074 1227 3133 tenetur
1246 3073 1353 3134 eidem
1366 3075 1447 3135 certi
1463 3077 1495 3136 et
1517 3077 1620 3153 ampli
1636 3080 1715 3139 sunt
1730 3078 1755 3139 ei

117 3172 328 3250 pontificibus
337 3171 445 3232 ordini
456 3173 565 3232 vestre
575 3186 760 3241 concessas,
770 3187 831 3233 nec
842 3187 909 3232 non
964 3168 1111 3229 redditus
1126 3170 1283 3246 deputati,
1307 3171 1385 3233 licet
1397 3171 1469 3247 ipse
1479 3172 1663 3234 secundum
1677 3177 1756 3235 anti·

118 3269 337 3330 liberalitates
372 3270 405 3328 et
437 3268 663 3344 exemptiones
697 3267 907 3327 saecularium
964 3281 1062 3341 quarn
1103 3267 1252 3343 ejusdem
1293 3268 1444 3329 ecclesiae
1486 3271 1755 3333 consuetudinem

118 3367 328 3428 exactionum
341 3380 361 3425 a
376 3364 510 3439 regibus
522 3363 908 3440 etprincipibusvelaliis
964 3361 1143 3423 luminaria
1152 3363 1224 3439 ipsa
1233 3365 1407 3435 ministret,
1419 3365 1500 3426 adeo
1509 3366 1622 3427 tamen
1630 3369 1755 3429 modica

118 3463 270 3525 fidelibus
281 3461 531 3524 rationabiliter
545 3461 639 3522 vobis
654 3461 810 3532 indultas,
824 3477 908 3523 auc·
964 3462 1042 3518 sunt
1053 3462 1205 3536 respectu
1217 3460 1401 3521 nobilitatis
1414 3462 1576 3534 ecclesiae,
1593 3479 1634 3524 ac
1644 3465 1755 3526 reddi-

116 3563 251 3624 toritate
262 3559 750 3637 Apostoliceconfirmamus,et
762 3574 910 3634 praesen·
963 3558 1067 3626 tuum,
1086 3557 1144 3633 qui
1159 3557 1200 3616 ad
1222 3557 1286 3645 boc
1304 3557 1450 3634 deputati
1473 3562 1658 3622 noscuntur
1677 3563 1756 3639 quud

116 3659 160 3721 tis
186 3659 300 3735 scripti
323 3656 499 3734 privilegio
518 3655 770 3717 communimus.
787 3658 911 3716 Decer-
964 3655 997 3714 et
1010 3655 1278 3716 inconvenientia
1293 3656 1397 3716 multa
1410 3657 1562 3718 ecclesiae
1587 3659 1654 3736 ipsi
1679 3677 1757 3736 pro-

117 3758 227 3817 nimus
239 3771 329 3831 ergo,
343 3754 472 3815 utnulli
483 3753 617 3814 omnino
633 3752 802 3813 bominum
812 3752 910 3813 liceat
963 3751 1110 3823 veniunt,
1128 3753 1208 3813 etin
1223 3753 1345 3828 populo
1358 3753 1552 3815 scandalum
1567 3760 1756 3831 generatur.

117 3854 291 3932 praelatum
308 3850 545 3913 monasterium
564 3853 689 3910 temere
701 3848 906 3925 perturbare,
964 3849 1085 3909 Cereus
1100 3865 1253 3927 namque,
1269 3866 1366 3926 quem
1395 3850 1501 3913 desert
1522 3853 1756 3926 ceroferarius,

116 3953 174 4014 aut
196 3953 270 4026 ejus
284 3949 511 4027 possessiones
536 3946 684 4017 arvierre,
706 3946 760 4007 vel
781 3946 908 4008 ablatas
963 3959 1037 4004 curn
1053 3960 1072 4004 a
1088 3946 1252 4022 principio
1275 3948 1384 4008 missae
1409 3949 1568 4024 usquead
1585 3949 1758 4013 nnemar-

116 4050 272 4119 retinere,
294 4046 455 4117 minuere,
472 4061 531 4105 seu
543 4043 743 4121 quibuslibet
757 4044 910 4105 vexatio-
963 4041 1041 4103 dere
1056 4041 1189 4104 deberet
1211 4043 1247 4102 iu
1269 4043 1441 4105 ferialibus
1455 4043 1571 4106 diebus
1585 4048 1758 4123 evangelio

116 4147 213 4208 nibus
240 4143 465 4220 resignasse
482 4142 594 4203 omnia
615 4141 746 4215 integra
770 4156 908 4201 conser-
963 4137 1048 4199 lecto
1068 4139 1284 4215 extinguitur,
1301 4141 1334 4201 et
1346 4141 1382 4200 in
1402 4140 1519 4201 diebus
1534 4142 1712 4205 dominicis
1728 4146 1760 4204 et

116 4246 371 4310 ventureorum,
388 4256 447 4315 pro
462 4254 601 4314 qnorum
616 4237 856 4311 gubernatione
868 4253 909 4301 ac
963 4233 1091 4297 festivis
1109 4252 1228 4297 novem
1248 4237 1426 4299 lectionum
1445 4238 1656 4315 simplicibus
1676 4256 1759 4302 unus

117 4339 359 4401 sustentatione
384 4350 542 4399 concessa
557 4336 645 4406 sunt,
663 4335 777 4394 usibus
801 4336 909 4395 omni·
963 4333 1090 4393 tanturm
1105 4332 1327 4395 ceroferarius
1355 4336 1490 4411 propter
1508 4336 1688 4399 luminaris
1700 4355 1759 4400 ca-

116 4437 177 4498 bus
193 4435 365 4512 protutura
379 4455 388 4492 :
403 4433 495 4495 salva
513 4431 814 4506 sedisapostolicae
828 4446 910 4492 auo-
963 4430 1104 4490 rentiam
1119 4430 1154 4489 in
1178 4430 1320 4492 ecclesia
1344 4431 1416 4508 ipsa
1435 4432 1616 4504 ministrat,
1639 4450 1703 4496 nec
1725 4435 1759 4495 in

115 4533 260 4596 toritate.
287 4531 322 4592 si
350 4545 415 4606 qua
441 4530 543 4604 igitur
570 4528 606 4587 in
625 4528 772 4589 luturum
800 4529 909 4590 eccle·
962 4527 1015 4587 bis
1044 4526 1160 4587 diebus
1198 4529 1361 4604 procedit,
1392 4530 1444 4590 vel
1478 4531 1660 4593 comitatur
1687 4549 1759 4609 qnae

116 4631 252 4693 siastica
275 4627 489 4691 saecularisve
512 4640 654 4701 persona
678 4624 764 4687 lianc
785 4629 908 4687 nostrae
963 4625 1046 4685 tiunt
1078 4623 1123 4685 ibi
1152 4626 1381 4701 processiones
1409 4626 1543 4703 aliquod
1579 4627 1757 4699 luminare,

116 4726 360 4792 constitutionis
388 4723 542 4801 paginam
567 4723 676 4782 sciens
695 4725 810 4783 contra
834 4739 907 4783 eam
962 4724 1096 4798 propter
1122 4725 1216 4799 cujus
1245 4723 1407 4784 delectum
1432 4723 1633 4786 testivitates
1655 4725 1759 4787 beatae

114 4829 239 4888 temere
265 4823 379 4888 venire
404 4820 592 4890 tentaverit,
609 4819 754 4891 secundo
769 4820 907 4881 tertiove
962 4820 1110 4894 Virginis
1120 4819 1177 4880 illa
1193 4819 1383 4881 celebritate
1392 4836 1464 4897 quae
1480 4821 1562 4883 iitin
1574 4823 1692 4883 eadem
1706 4840 1761 4884 eu-

116 4923 327 4991 commonita,
345 4920 409 4980 nisi
428 4921 558 4980 reatum
574 4934 670 4977 suum
687 4932 833 4992 congrua
848 4933 906 4977 sa·
962 4916 1064 4977 clesia
1075 4917 1109 4976 in
1122 4916 1197 4976 aliis
1211 4917 1388 4995 precipuis
1401 4918 1640 4980 festivitatibus
1653 4920 1760 4983 baete

116 5019 304 5082 tisiactione
327 5016 521 5087 correxerit,
554 5015 726 5090 potestatis
753 5014 909 5075 honoris-
962 5030 1025 5074 nus
1038 5015 1226 5075 caruerunt.
1245 5014 1337 5075 Unde
1352 5016 1564 5092 postularunt
1578 5033 1598 5076 a
1613 5017 1711 5078 nobis
1727 5021 1761 5079 ut

115 5133 178 5194 que
202 5116 253 5176 sui
274 5115 385 5174 careat
410 5112 580 5186 dignitate,
609 5126 765 5187 reamque
791 5127 827 5171 se
856 5112 908 5171 di·
962 5110 1195 5171 mandaremus
1208 5127 1268 5187 per
1280 5111 1448 5173 custodem
1462 5112 1661 5190 praedictum
1674 5131 1759 5192 pro-

114 5210 323 5289 vinojndicio
334 5210 478 5269 existere
486 5207 526 5267 de
537 5208 724 5282 perpetrata
733 5207 907 5283 iniquitate
963 5207 1081 5278 videri,
1099 5208 1184 5284 quod
1201 5209 1236 5268 in
1252 5209 1367 5269 eadem
1383 5209 1524 5270 ecclesia
1541 5209 1583 5271 ab
1598 5211 1760 5273 horarum

115 5309 304 5386 cognoscat,
315 5309 379 5368 eta
394 5305 620 5365 sacratissimo
630 5319 768 5379 corpore
783 5307 816 5366 et
826 5321 903 5365 san-
962 5305 1197 5369 canonicarum
1220 5308 1253 5367 et
1267 5306 1377 5367 missae
1398 5306 1563 5383 principio
1585 5323 1695 5386 usque
1718 5310 1760 5371 ad

115 5409 215 5483 guina
243 5405 302 5466 Dei
331 5405 364 5465 et
387 5400 517 5469 Domini
543 5401 773 5477 Redemptoris
801 5403 907 5464 nostri
962 5403 1061 5463 tinem
1084 5402 1233 5478 ipsarum
1257 5401 1369 5463 nullus
1383 5403 1504 5464 ardens
1523 5404 1561 5464 in
1581 5420 1624 5465 ea
1640 5421 1760 5475 cereus

115 5509 194 5567 iesu
213 5501 335 5565 Cbristi
358 5500 468 5563 aliena
488 5498 556 5569 dat,
577 5499 676 5574 atque
699 5499 733 5569 in
758 5502 907 5561 extremo
962 5499 1176 5576 extinguatur
1188 5500 1220 5562 et
1234 5499 1627 5577 duncereiportenturin
1644 5503 1759 5566 missis

115 5600 269 5662 examine
283 5598 440 5663 districtas
464 5594 635 5670 subjaceat
649 5594 778 5657 ultioni.
795 5597 906 5656 Cunc-
961 5595 1165 5657 solemnibus
1189 5598 1224 5657 in
1247 5596 1366 5672 quibus
1389 5597 1511 5658 chorus
1528 5598 1645 5659 tenere
1660 5600 1758 5671 solet,

964 1684 1018 1741 Ad
1035 1683 1325 1753 archidiaconum,
1347 1686 1566 1747 decantasset
1584 1687 1757 1748 curatorem

1263 1784 1460 1842 [temerares.
