3774 6186
103 290 157 351 189
715 289 942 351 EPISTOLAE.
967 288 1044 350 ΜΒ.
1069 278 1121 349 IV.
1682 295 1744 352 3110

102 448 205 512 ucria
219 446 392 511 ordinibus
406 448 601 510 constitutos
613 463 673 525 per
687 448 893 526 provinciam
947 450 1120 509 Annonam
1135 447 1168 509 et
1179 447 1220 508 de
1229 438 1401 521 Rotundis,
1417 452 1451 512 et
1465 450 1577 515 Sancti
1594 454 1743 514 Lauren·

102 546 328 624 negandum
361 545 403 608 ad
444 546 652 622 abjiciendas
691 546 893 608 concubinas
946 545 986 606 tii
1008 548 1085 607 ante
1104 547 1233 621 portam
1257 549 1449 608 monasterii
1471 550 1575 611 vestri
1596 550 1741 628 capellas

102 659 351 721 percensuram
370 643 643 714 ecclesiasticam,
670 644 893 720 appellatione
947 658 1021 703 cum
1036 642 1255 720 pertinentiis,
1268 643 1301 704 et
1315 643 1522 707 libertatibus
1534 649 1566 709 et
1578 648 1740 708 immuni·
1865 694 1867 701 Α

102 743 226 805 remota
251 741 464 819 compelleret
482 743 582 818 juxta
606 743 729 803 statuta
754 739 893 802 concilii
946 740 1069 800 tatibus
1085 740 1287 811 earumdem,
1307 741 1393 802 sicut
1411 758 1469 803 eas
1480 745 1570 820 juste
1585 761 1625 806 ac
1646 746 1742 821 paol-

101 840 279 916 aeueralis,
314 840 388 916 ipso
422 841 571 901 nostrum
596 839 736 915 exsequi
760 838 892 899 volente
947 836 1008 897 lice
1020 837 1210 912 possidetis.
1224 837 1330 908 vobis,
1343 841 1375 899 et
1390 854 1449 914 per
1463 855 1522 900 vos
1537 842 1740 903 monasterio

101 937 301 1008 nudatum,
314 936 449 1013 quidam
469 937 604 998 illorum
626 936 778 998 nolentes
793 935 894 996 iutel-
946 933 1056 992 vestro
1072 932 1271 993 anctoritate
1285 934 1477 1010 apostolica
1490 937 1737 1004 confirmamus,

101 1034 215 1113 ligare,
229 1034 523 1110 utbeneagerent
545 1049 611 1095 non
626 1033 733 1094 solum
746 1031 892 1094 salubria
946 1031 980 1089 et
999 1029 1172 1104 praesentis
1197 1030 1312 1106 scripti
1342 1031 1529 1106 patrocinio
1551 1034 1740 1095 communie-
1842 1070 1860 1081 „

101 1132 226 1195 monita
239 1135 273 1194 et
285 1130 442 1193 mandata
461 1131 568 1207 ipsius
584 1130 800 1207 pertinaciter
813 1147 895 1192 con·
947 1142 1031 1187 mus.
1049 1126 1139 1187 Nulli
1169 1140 1249 1202 ergo
1279 1129 1415 1189 omnino
1445 1129 1616 1190 bominum
1643 1131 1742 1192 liceat

101 1231 314 1306 tempserunt,
325 1236 442 1289 ¹terrim
469 1228 571 1290 etiam
592 1228 634 1289 ad
653 1231 813 1304 majorem
824 1244 893 1289 suae
947 1224 1033 1285 banc
1048 1225 1203 1300 pagiuam
1219 1227 1342 1286 nostrae
1355 1227 1569 1302 protectionis
1584 1229 1618 1290 et
1625 1229 1742 1290 conde

100 1325 284 1403 miquitatis
312 1325 490 1396 cumulum,
506 1325 616 1402 ipsum
644 1326 709 1386 nisi
736 1328 814 1386 sunt
828 1341 891 1386 ne·
947 1321 1102 1382 metionis
1116 1321 1309 1397 intringere.
1324 1324 1357 1383 Si
1373 1323 1447 1400 quis
1462 1327 1584 1397 autem,
1599 1328 1662 1386 etc.
1675 1328 1742 1386 lia·

100 1423 208 1502 quites·
227 1422 401 1493 infamare,
421 1422 507 1500 quod
537 1422 705 1499 praedictae
733 1422 853 1484 litterae
873 1438 893 1484 a
946 1420 1016 1479 tum
1031 1418 1172 1479 viterbii
1188 1421 1305 1495 quarto
1329 1420 1404 1480 idus
1424 1421 1583 1482 februarii
1606 1423 1741 1499 pontill-

100 1519 193 1583 nobis
215 1536 282 1583 non
309 1522 553 1597 processerant,
572 1519 772 1591 mentiendo,
799 1536 894 1596 prop·
947 1518 1041 1577 catus
1054 1517 1158 1577 nostri
1181 1532 1269 1577 anno
1291 1520 1421 1594 quarto.

100 1618 245 1695 terquod
256 1617 486 1694 suspensionis
497 1617 530 1678 et
540 1618 893 1679 excommunicationis

101 1715 284 1785 mutentiae,
309 1730 391 1791 quas
419 1714 508 1775 idem
535 1715 658 1776 tulerat
679 1715 714 1775 in
738 1714 891 1786 rebelles,
1259 1677 1432 1763 LXXXV

101 1809 382 1890 aquampluribus
397 1812 431 1872 in
447 1815 518 1888 ejus
531 1811 692 1880 absentia,
708 1812 795 1874 siout
809 1812 894 1874 dici·
1011 1804 1063 1862 Ad
1076 1803 1335 1863 archidiaconos
1350 1802 1469 1863 81111011
1482 1805 1631 1866 Andreae
1642 1796 1675 1865 el

102 1910 159 1979 ier,
176 1910 444 1970 contemnuntur.
460 1910 505 1970 Ut
524 1909 677 1984 igiturne
703 1909 817 1986 iniqua
842 1910 893 1972 lo-
1200 1901 1484 1961 Dunkeldelwem·

104 2007 273 2083 mendum
300 2006 492 2069 obstruatur
511 2007 544 2068 et
571 2006 722 2084 praedicti
743 2008 893 2084 magistri
1238 2018 1355 2078 meur,
1369 2020 1449 2078 ltili.

102 2094 223 2166 veritas
248 2103 375 2165 clarius
398 2104 576 2175 enitescat,
596 2119 693 2180 quem
712 2105 813 2165 etiam
833 2120 892 2181 pro
1046 2114 1175 2190 ‘praenes
1196 2127 1308 2178 nonum.
1326 2125 1438 2184 assem„
1450 2142 1476 2190 p.
1491 2126 1529 2185 lt,
1546 2142 1572 2177 n.
1587 2125 1640 2193 aa]

101 2212 233 2264 suorum
246 2202 440 2262 11161110111111
455 2200 625 2276 effitientia
644 2202 890 2274 honoravimus,
945 2218 1100 2289 iudicibus,
1119 2229 1149 2279 ut
1167 2237 1284 2279 causam
1304 2223 1378 2280 inter
1400 2222 1554 2295 quemdam
1577 2224 1696 2282 militem
1714 2232 1743 2282 et

100 2298 208 2377 ipsum
231 2300 380 2360 besdum
404 2299 612 2375 capellanum
628 2299 891 2376 etpoenitentia-
981 2318 1153 2367 conventum
1174 2311 1202 2368 S.
1227 2311 1324 2368 ilarioe
1355 2310 1391 2367 de
1416 2310 1610 2368 liumdraman
1641 2313 1743 2370 ordine

98 2397 187 2458 rium
216 2396 435 2467 assumendo,
463 2395 657 2457 discretioni
687 2396 806 2457 vestrae
836 2412 894 2473 per
981 2399 1178 2457 cisterciensis
1195 2398 1328 2457 dioeoesis
1342 2398 1567 2460 candidaecasae
1585 2408 1741 2460 remensem

98 2494 292 2573 apostolica
320 2494 444 2569 scripta
476 2493 687 2565 mandamus,
720 2498 893 2571 quatemus
980 2489 1119 2544 1111011111
1134 2486 1277 2545 dirimant.

98 2589 234 2655 nedem
265 2591 460 2663 sententias,
495 2592 719 2668 appellatione
753 2596 891 2663 remota,
986 2596 1154 2657 Honorius
1171 2596 1356 2672 episcopus,
1372 2597 1501 2659 dilectis
1523 2594 1602 2659 dliis
1622 2600 1655 2659 S.
1668 2593 1740 2661 bn-

98 2688 297 2753 solemniter
324 2688 521 2750 innovantes
547 2687 679 2759 iacietis
703 2705 764 2751 'eas
790 2704 893 2767 usque
947 2695 1035 2756 dreae
1056 2696 1089 2756 et
1103 2693 1328 2755 Dunlreldensi
1348 2696 1593 2757 archidiaconis
1612 2699 1646 2758 et
1660 2713 1736 2759 ma-

97 2784 362 2849 iatisiactionem
376 2785 573 2862 condignam
589 2785 827 2848 inviolabiliter
840 2786 894 2847 ob
946 2793 1051 2868 gistro
1060 2792 1205 2854 iohanni
1219 2793 1382 2854 canonico
1398 2793 1635 2866 Dunkeldensi‚
1652 2793 1739 2857 salu·-

97 2882 240 2945 serrari.
257 2882 350 2956 Quod
372 2883 402 2944 si
425 2898 492 2944 non
508 2898 634 2955 omnes,
647 2884 722 2954 etc,
739 2884 804 2945 duo
818 2900 895 2944 ves-
945 2890 1024 2951 mm»

97 2980 196 3050 bum,
223 2980 285 3041 etc.
320 2980 403 3042 Data
437 2978 591 3042 Viterbiii
625 2982 656 3041 X
680 2980 748 3043 kal.
780 2980 894 3043 martii
986 2988 1126 3050 Nicolao
1147 2989 1244 3049 militi
1260 3004 1300 3049 ac
1322 2989 1416 3051 tratri
1437 2990 1472 3050 11.
1488 2984 1740 3053 monechomo-

97 3076 309 3154 pontificatus
323 3076 430 3139 nostri
441 3091 530 3141 anno
545 3080 672 3156 quarto.
946 3085 1086 3147 naslerii
1113 3087 1145 3146 S.
1167 3086 1283 3146 Mariae
1309 3085 1349 3145 de
1375 3086 1591 3147 Dundramau
1616 3087 1742 3148 (lister-

946 3182 1739 3260 elensisordinis,dloecesisCandidaecasae,apud

397 3265 592 3352 LXXXIV
948 3279 1065 3340 Sedem
1099 3279 1321 3356 apostolicam
1357 3280 1560 3352 constitutis,
1584 3280 1740 3342 dilectum

97 3406 147 3466 M
155 3408 316 3480 morem
331 3407 365 3466 εἰ
381 3407 586 3469 conventum
605 3408 723 3469 Saum
735 3409 893 3470 Mardi
947 3377 1051 3438 lilium
1064 3379 1212 3438 nostrum
1231 3379 1263 3438 S.
1280 3377 1392 3438 Sancti
1407 3376 1546 3438 Adriani
1561 3377 1740 3439 diaconam

360 3507 628 3566 Sum-onem
946 3475 1382 3536 cardinalemcoucessimus
1393 3474 1590 3547 auditorem,
1601 3476 1636 3536 in
1646 3479 1740 3553 cujus

946 3573 1123 3648 praesentia
1134 3573 1229 3633 miles
1244 3572 1418 3648 proposuit
1431 3574 1632 3644 nominatus,
1654 3573 1740 3649 quod

946 3686 1021 3731 cum
1035 3669 1186 3731 abbatem
1202 3671 1235 3730 et
1244 3672 1441 3730 conventum
1454 3671 1533 3733 dicti
1547 3672 1740 3733 monasterii

946 3783 1006 3844 pro
1027 3781 1078 3837 eo,
1093 3765 1178 3842 quod
1201 3781 1301 3842 super
1313 3767 1454 3843 quadam
1474 3769 1684 3843 possessione
1700 3784 1739 3830 ac

203 3844 314 3917 lleoipit
330 3860 383 3902 00⁸
399 3845 451 3903 1111)
466 3847 641 3918 111011111ῡῦ1
661 3848 691 3904 Β·
716 3848 791 3904 Petri
945 3862 1045 3923 rebus
1075 3862 1151 3922 aliis
1180 3862 1426 3938 injuriabantur
1459 3863 1584 3934 eidem,
1628 3880 1739 3926 coram

96 3947 161 3991 111111
180 3933 398 3991 11111111011111111θ
415 3933 555 3992 1011011111
570 3934 606 3992 11
621 3949 673 3992 ⁰⁰⁸
691 3936 891 4007 11101θῦ1111·
946 3959 1065 4021 abbate
1088 3958 1128 4020 de
1148 3958 1353 4020 Gedeworde
1367 3962 1400 4020 et
1412 3960 1644 4035 conjudicibus
1669 3963 1740 4022 suis

135 4059 318 4131 Honorius,
344 4061 419 4131 ete,
441 4060 571 4122 dilectis
592 4060 708 4121 liliis...
735 4062 839 4139 priori
861 4065 893 4123 et
947 4057 1340 4132 auctoritateapostollca
1359 4057 1520 4119 traxisset
1537 4059 1573 4118 in
1589 4074 1737 4128 causam,

97 4156 278 4219 conventui
293 4158 486 4219 monasterii
502 4160 616 4222 Sancti
629 4159 779 4220 bledardi
796 4161 894 4221 Sues·
946 4155 1023 4232 quia
1041 4154 1141 4215 iidem
1160 4152 1264 4214 abbas
1276 4156 1309 4215 et
1330 4156 1511 4216 conventus
1524 4155 1587 4216 sibi
1601 4170 1741 4232 respon-

98 4253 227 4315 sionen.
244 4253 397 4326 salutem,
413 4256 476 4317 etc.
946 4253 1024 4315 dere
1045 4251 1205 4322 nolentes,
1223 4250 1284 4312 sub
1296 4252 1459 4328 praetextu
1483 4253 1657 4328 quusdam
1678 4252 1740 4315 rri-

132 4351 241 4413 Justis
271 4352 452 4428 petentium
483 4353 659 4415 desideriis
684 4354 820 4430 dignum
842 4357 893 4416 est
945 4349 1031 4411 volae
1058 4348 1292 4426 appellationis
1318 4348 1352 4409 in
1374 4349 1658 4412 crastinumbeati
1672 4355 1742 4412 Aa·

96 4447 300 4509 nosraciiem
313 4446 462 4525 praebere
471 4465 669 4511 consensum
682 4454 714 4513 et
727 4453 804 4512 vota
819 4468 892 4528 quae
946 4447 1034 4509 dreae
1068 4446 1244 4525 apostolici
1283 4447 1487 4523 interjectae,
1529 4452 1741 4511 recesserunt

97 4559 117 4606 a
135 4545 281 4607 rationis
301 4546 434 4607 tramite
453 4562 519 4608 non
544 4547 746 4620 discordant,
772 4549 892 4610 effectu
946 4545 1185 4606 contumaciter
1205 4545 1415 4620 apraesentia
1428 4545 1577 4620 judicum
1594 4546 1738 4622 praedic-

96 4643 317 4717 prosequente
330 4642 505 4718 complere.
518 4646 716 4720 liapropter,
731 4644 843 4707 dilecti
856 4646 891 4706 in
945 4645 1065 4712 torum,
1082 4642 1146 4718 ipsi
1158 4642 1309 4703 eumdem
1325 4642 1462 4702 militem
1484 4658 1585 4704 causa
1598 4644 1647 4704 rei
1662 4660 1738 4704 ser-

97 4738 237 4801 bomine
264 4737 337 4809 lilii,
361 4741 482 4801 vestris
500 4742 599 4817 justis
614 4741 891 4818 postulationibus
944 4739 1063 4801 vandae
1082 4740 1118 4800 in
1142 4738 1385 4815 possessionem
1398 4740 1449 4800 rei
1477 4741 1589 4817 petitae
1611 4740 1739 4820 mitten·

97 4839 191 4909 grato
215 4838 452 4897 concurrentes
471 4852 622 4910 assensu,
636 4854 796 4914 personas
810 4856 891 4902 res·
945 4837 1022 4898 dum
1042 4836 1283 4899 sententialiter
1304 4836 1534 4897 decreverunt.
1544 4837 1738 4899 Venerabili

97 4933 166 4993 tras
180 4934 215 4994 et
235 4933 474 4995 monasterium
489 4934 524 4994 in
544 4949 607 5012 quo
630 4935 743 4997 divino
759 4937 890 4998 manci·
945 4933 1040 4995 fratri
1064 4934 1188 5004 nostro,
1205 4933 1361 5009 episcopo
1384 4932 1540 4994 candidae
1564 4935 1669 5002 Casae,
1685 4951 1740 4997 ac·

96 5029 162 5106 pati
180 5030 264 5091 estis
285 5029 446 5107 obsequio
459 5047 534 5093 cum
556 5033 721 5104 omnibus,
739 5049 815 5110 quae
838 5035 893 5095 in·
945 5033 1056 5109 priore
1075 5032 1116 5092 de
1130 5031 1350 5106 insulasuper
1358 5031 1421 5091 hoc
1429 5031 1663 5093 executoribus
1674 5034 1738 5095 sibi

96 5127 351 5203 premnumum
362 5127 608 5191 rationabiliter
619 5130 776 5206 possidet,
787 5135 845 5192 aut
856 5132 891 5192 in
945 5129 1042 5200 datis,
1059 5142 1119 5205 per
1141 5143 1224 5205 quos
1252 5144 1327 5189 cum
1354 5127 1502 5189 indicta
1528 5131 1739 5206 possessione

95 5222 244 5285 atur-um
255 5225 356 5300 justis
368 5225 664 5302 modlspreestante
677 5229 890 5304 Dominopo-
945 5226 1163 5304 corporaliter
1185 5225 1305 5287 iuisset
1332 5226 1502 5298 inductus,
1519 5230 1614 5304 parte
1633 5229 1737 5290 altera

94 5321 172 5382 terit
182 5320 338 5398 adipisci,
355 5320 416 5381 sub
431 5321 519 5383 beati
533 5323 624 5384 Petri
638 5327 672 5385 et
686 5326 799 5385 nostra
814 5341 893 5401 pro-
944 5325 1154 5402 proourante,
1169 5321 1232 5385 ruit
1244 5325 1370 5400 ejectus
1395 5338 1455 5400 per
1479 5324 1673 5387 violentiam
1696 5326 1738 5387 ab

94 5419 242 5479 mione
261 5417 480 5495 suscipimus;
503 5421 695 5498 specialiter
716 5424 825 5484 autem
851 5422 892 5482 de
945 5421 1169 5488 eadem‚alias
1193 5420 1257 5481 sibi
1282 5436 1382 5498 super
1399 5421 1599 5494 bominibus,
1615 5423 1740 5484 anima·

95 5529 196 5576 cruce
209 5515 318 5575 uncti
333 5515 483 5576 audoeni
497 5521 531 5578 et
546 5518 587 5579 de
603 5518 765 5580 Rotundis
784 5519 893 5580 eccle-
945 5518 1032 5579 libus
1055 5521 1087 5579 et
1112 5517 1188 5578 aliis
1215 5514 1314 5579 rebus
1340 5518 1421 5589 suis
1436 5517 1566 5578 damnis
1587 5519 1739 5594 plurimis

94 5612 162 5674 sias
194 5614 229 5672 et
263 5614 394 5675 Sanctae
425 5615 596 5676 Leocadiae
623 5615 663 5676 de
683 5616 763 5678 Vico
792 5630 893 5693 super
945 5616 1114 5692 irrogatis:
1131 5615 1739 5697 undeonmdictusmonacbussuper

384 3625 419 3682 10
430 3622 500 3682 febr.
519 3625 598 3684 lato.

124 3739 249 3805 [aegeo
260 3737 307 3789 us.
318 3738 362 3797 lv,
376 3738 630 3804 epistateilssba
642 3739 865 3807 raedarum]
