3774 6186
64 222 71 251 l

70 356 129 420 709

69 515 744 592 cumluerintsollicitudinepraelatorum
754 515 863 576 Eccle-

69 615 140 683 siae,
164 614 452 689 amalignantium
477 614 716 690 inquietatione
739 613 859 673 securi.

69 713 242 772 blonemus
279 712 389 789 itaque
416 711 666 772 universitatem
699 713 860 781 vestram,

68 810 241 870 hortamur
267 811 365 886 atque
387 809 610 885 praecipimus,
632 810 806 884 quatenus,
832 809 860 867 si

68 907 200 982 quando
223 907 419 983 parochiani
438 907 540 967 vestri
556 907 590 966 in
610 906 753 983 aliquem
770 921 861 982 prae-

67 1004 230 1065 dictorum
259 1003 409 1075 fratrum,
423 1004 533 1080 ipsum
555 1004 716 1080 capiendo
740 1003 793 1063 vel
821 1003 861 1063 de

68 1102 138 1160 suis
162 1102 358 1177 equitaturis
376 1101 572 1178 dejicienda,
594 1101 647 1161 vel
663 1101 747 1161 alias
762 1101 861 1160 inho-

68 1200 161 1259 neste
180 1199 364 1270 tractando,
376 1198 540 1260 violentas
560 1214 678 1259 manus
694 1198 859 1275 injiciunt,

66 1295 256 1372 hujusmodi
277 1299 542 1373 praesumptores
567 1296 696 1357 sublato
711 1296 862 1372 appella-

66 1393 168 1454 tionis
181 1394 341 1464 remedio,
358 1394 506 1454 candelis
526 1394 688 1463 accensis,
702 1394 861 1455 dilatione

67 1492 100 1551 et
120 1490 296 1551 occasione
329 1491 530 1567 postpositis,
557 1491 861 1552 excommunicatos

66 1587 197 1664 publice
219 1589 379 1650 nuntietis
402 1590 519 1650 ettam
542 1589 598 1649 diu
622 1589 754 1650 faciatis
776 1589 862 1649 sicut

66 1686 370 1746 excommunicatos
379 1686 753 1755 arctiusevitari,‹lonec
762 1701 861 1763 passo

66 1784 224 1859 injuriam
241 1783 448 1846 satisfaciant
457 1787 681 1861 competenter
693 1787 726 1845 et
737 1800 795 1861 pro
807 1783 862 1845 ab·

66 1882 243 1942 solutionis
268 1881 428 1943 beneflcio
451 1882 657 1958 impetrando
671 1882 860 1958 Apostolico

66 1995 102 2038 se
123 1979 314 2055 conspectui
329 1996 404 2040 cum
424 1980 605 2041 dioecesani
627 1979 774 2056 episcopi
799 1980 860 2041 lit·

65 2077 146 2137 teris
171 2080 420 2154 repraesentent.
440 2081 503 2138 Eos
519 2093 610 2149 ver0,
627 2078 684 2154 qui
705 2077 861 2140 indictos

66 2174 189 2234 tratres
205 2190 323 2234 manus
339 2175 493 2250 inJ‘iciunt
510 2175 673 2236 violentas
686 2177 719 2236 et
731 2175 861 2251 equita·

64 2274 169 2342 turas,
182 2276 240 2333 aut
254 2273 321 2333 alia
336 2272 423 2333 bona
436 2288 550 2335 eorum
562 2272 722 2349 diripiunt
736 2273 860 2333 violen-

63 2372 127 2441 ter,
143 2371 172 2432 si
185 2386 204 2431 a
219 2370 313 2431 vobis
333 2372 524 2432 commoniti
541 2370 650 2432 ablata
671 2372 721 2432 eis
743 2371 861 2431 nolue-

63 2469 132 2528 rint
156 2469 343 2537 restituere‚
360 2469 393 2529 et
416 2468 456 2529 de
476 2469 577 2530 illatis
599 2467 733 2545 injuriis
755 2468 858 2529 satis-

64 2565 241 2626 factionem
256 2582 437 2641 congruam
452 2566 621 2636 exbibere,
634 2566 768 2627 vinculo
781 2580 860 2627 ana·

64 2664 220 2725 thematis
231 2664 424 2739 astringatis
438 2666 471 2725 et
487 2665 575 2741 ipsos
589 2664 744 2742 usquead
759 2665 861 2725 satis-

63 2761 240 2822 factionem
270 2763 468 2838 condignam
496 2763 639 2823 teueatis
667 2762 856 2823 adstrictos.

63 2860 182 2919 Datum
197 2860 365 2927 Laterani,
382 2863 425 2920 vl
441 2859 515 2920 idus
530 2859 701 2929 februarii,
719 2858 856 2935 pontifi-

63 2958 158 3017 catus
170 2958 273 3019 nostri
288 2973 376 3018 anuo
391 2958 517 3034 quinto.

397 3139 524 3231 cclx

63 3288 115 3346 Ad
132 3287 342 3362 arzopistmun
362 3288 396 3347 S.
414 3288 540 3347 alarice
561 3286 855 3347 lberetonicorum.

360 3405 462 3465 8lebr.
481 3408 559 3465 122¹.

230 3524 377 3595 ,[8111111111,
391 3523 409 3572 l.
420 3538 453 3581 c.,
467 3538 493 3587 p.
507 3520 682 3587 3111311]

60 3631 217 3690 Condrmat
230 3629 321 3687 ordini
339 3629 514 3687 Tbeutouico
535 3630 672 3686 ecclesias
691 3631 855 3687 11111111)-

98 3721 271 3777 locutionem
294 3720 493 3792 episcoporum
515 3719 704 3791 quorumdam
724 3734 855 3777 assereu-

97 3809 167 3865 tium
181 3824 213 3865 sc
233 3808 268 3865 ab
283 3809 363 3865 initio
377 3822 549 3864 consensum
565 3821 622 3864 non
638 3808 814 3880 prestitisse.

101 3928 270 3987 Honorius
281 3926 590 4002 episcopusservus
601 3940 772 3986 servorum
784 3926 854 3998 bei,

61 4024 192 4085 dilectis
218 4023 298 4084 tiliis
317 4024 476 4099 magistro
496 4024 529 4084 et
549 4022 707 4084 iratribus
736 4024 857 4099 Hospi-

62 4121 138 4182 talis
155 4123 284 4182 Sanctae
304 4122 418 4181 Mariae
439 4120 720 4182 Theutonicorum
736 4121 856 4181 fliero-

62 4219 266 4295 solymitani,
293 4219 432 4279 salutem
457 4221 490 4280 et
511 4217 727 4295 apostolicam
754 4217 856 4278 bene-

60 4316 250 4377 dictionem.

100 4411 373 4489 Significantibus
384 4413 479 4474 vobis
489 4412 531 4474 ad
544 4412 748 4475 audientiam
759 4428 856 4490 apos·

57 4512 181 4573 tolatus
202 4511 307 4573 nostri
323 4512 483 4588 pervenit,
498 4512 595 4588 quod,
612 4528 687 4572 cum
710 4512 856 4572 nonnul-

694 356 923 417 EPISTOLAE.
947 356 1025 417 LlB.
1051 358 1089 417 V.

1653 362 1714 423 tlh

918 514 982 575 lica
1004 515 1224 591 indulgemus,
1242 518 1278 578 ut
1298 518 1358 579 tali
1384 518 1559 581 occasione
1583 534 1712 597 nequa-
1780 562 1783 567 -
1831 502 1835 509 ’

917 628 1014 687 quam
1048 613 1210 683 obstante,
1237 614 1266 675 si
1295 616 1386 676 aliud
1420 617 1616 679 canonicum
1642 633 1710 691 pon

916 710 1066 781 obsistat,
1082 711 1182 774 liceat
1195 712 1290 773 vohis
1300 714 1461 775 ecclesias
1474 714 1586 776 taliter
1600 715 1712 791 acqui·
1757 738 1760 745 ·
1793 731 1797 736 ·

916 807 999 868 sitas
1028 810 1226 871 auctoritate
1249 811 1439 886 Apostolica
1467 811 1572 873 libere
1599 812 1729 897 possi-t

916 904 1006 965 dere.
1034 907 1127 966 Nulli
1154 922 1233 982 ergo
1260 909 1395 969 omnino
1419 908 1588 971 hominum
1611 909 1712 971 liceat

916 1002 1002 1064 banc
1026 1005 1183 1080 paginam
1203 1007 1324 1068 nostrae
1339 1008 1566 1067 concessionis
1589 1006 1711 1068 inirin·
1791 1060 1796 1077 ,
1870 1030 1874 1045 ·

915 1115 1006 1174 gere,
1030 1102 1081 1162 vel
1104 1103 1135 1162 ei
1158 1118 1241 1163 ausu
1264 1104 1444 1164 temerario
1468 1104 1645 1165 contraire.
1674 1105 1712 1165 Si

916 1198 990 1273 quis
1016 1201 1127 1260 autem
1157 1200 1219 1260 hoc
1250 1203 1413 1262 attenlare
1442 1202 1708 1278 praesumpserit,

917 1295 1178 1371 indignationem
1187 1299 1488 1374 omnipotentisbei
1497 1299 1711 1361 etheatorum

916 1394 1005 1454 Petri
1026 1396 1059 1455 et
1078 1395 1174 1455 Pauli
1192 1396 1419 1471 apostolorum
1441 1399 1513 1472 ejus
1530 1413 1566 1457 se
1580 1396 1711 1459 noverit

917 1490 1137 1551 incursurum.
1163 1495 1281 1554 Datum
1302 1494 1470 1564 Laterani,
1491 1496 1535 1554 Vl
1559 1494 1634 1554 idus
1655 1493 1709 1555 le·

915 1586 1053 1659 bruarii,
1069 1589 1281 1666 pontificatus
1296 1592 1401 1652 nostri
1414 1606 1502 1652 anno
1515 1591 1641 1669 quinto.

1238 1759 1384 1853 cdlxi

993 1902 1044 1959 Ad
1058 1903 1338 1975 urcldepiscopos,
1356 1904 1538 1977 episcopos,
1555 1904 1631 1974 etc,

1151 1998 1184 2058 et
1200 2002 1286 2060 allos
1296 2001 1471 2080 prolatos.

1212 2120 1230 2177 9
1243 2119 1313 2177 febr.
1331 2120 1411 2178 122¹.

971 2233 1107 2296 [Strcbllcc.
1120 2234 1223 2284 Tabulae
1236 2235 1292 2284 ord.
1306 2237 1443 2293 Tbeuton.,
1455 2250 1481 2300 p.
1489 2235 1545 2294 317,
1556 2252 1581 2285 u.
1590 2236 1658 2303 soh]

979 2343 1063 2398 Vetat
1077 2340 1187 2397 ordinis
1201 2341 1367 2401 Theutcnici
1383 2351 1528 2416 apostatas
1542 2342 1642 2400 foveri.

955 2459 1626 2535 Honoriusepiscopns,servasservorum
1636 2462 1706 2533 Dei,

914 2555 1161 2616 venerabilibus
1194 2556 1353 2618 iratribus
1383 2558 1644 2634 archiepiscopis
1674 2560 1709 2621 et

914 2654 1079 2729 episcopis
1107 2658 1140 2715 et
1158 2655 1288 2717 dilectis
1313 2656 1391 2716 liliis
1417 2655 1604 2727 abbatibus,
1629 2661 1704 2728 etc,

914 2751 1102 2814 salutemet
1118 2753 1334 2829 apostolicam
1350 2753 1626 2817 benedictionem.

953 2850 1033 2908 Cum
1048 2866 1143 2910 nemo
1160 2867 1292 2912 manum
1309 2853 1442 2913 mittens
1455 2852 1496 2912 ad
1512 2854 1661 2915 aratrum
1675 2854 1710 2915 et

914 2948 1003 3006 retro
1018 2947 1187 3022 aspiciens
1199 2950 1296 3024 aptus
1312 2949 1356 3009 sit
1367 2965 1469 3025 reguo
1483 2951 1553 3021 Dei,
1566 2966 1638 3021 nec,
1648 2951 1705 3027 qui

914 3059 1014 3119 supra
1037 3047 1157 3105 lectum
1179 3046 1337 3116 ascendit,
1364 3047 1565 3108 descendere
1587 3047 1707 3110 debeat

913 3141 948 3199 in
964 3140 1106 3211 domum,
1122 3141 1158 3202 ut
1171 3144 1317 3203 resumat
1332 3144 1478 3204 tunicam
1499 3143 1704 3217 derelictam,

912 3253 1014 3313 grave
1038 3239 1137 3299 nimis
1163 3239 1310 3314 gerimus
1341 3243 1375 3300 ot
1402 3240 1585 3316 indignum,
1618 3242 1704 3318 quod

912 3335 1044 3411 quidam
1060 3335 1180 3397 fratres
1199 3336 1316 3397 domus
1337 3338 1518 3413 Hospitalis
1539 3340 1572 3398 S.
1589 3340 1705 3401 Mariae

911 3434 1191 3494 Theutouicorum
1214 3435 1521 3512 Hierosolymitani,
1539 3438 1656 3513 sponte
1683 3453 1704 3498 a

912 3532 964 3592 sui
993 3532 1152 3609 propositi
1182 3534 1315 3595 tramite
1341 3533 1562 3605 discedentes,
1589 3534 1704 3599 habitu

912 3630 1084 3705 religionis
1099 3628 1239 3707 abjecto,
1251 3631 1292 3691 ad
1308 3633 1442 3708 nuptias
1457 3634 1631 3694 transeunt
1645 3648 1706 3696 sae·

911 3727 1054 3797 culares,
1076 3730 1108 3789 et
1128 3731 1286 3804 ponentes
1301 3729 1336 3789 in
1356 3729 1510 3791 cordibus
1530 3732 1601 3791 suis
1615 3731 1703 3808 quod

910 3839 977 3884 non
993 3824 1036 3885 sit
1048 3827 1135 3885 Deus
1151 3841 1211 3886 nec
1222 3827 1267 3887 sit
1277 3827 1416 3889 scientia
1432 3828 1468 3887 11
1482 3829 1627 3899 excelso,
1641 3844 1704 3890 nec

911 3922 1060 3998 requirat
1075 3922 1149 3992 ista,
1166 3924 1223 3999 qui
1245 3925 1410 3986 scrutator
1430 3929 1481 3987 est
1499 3926 1649 3986 cordium
1670 3929 1704 3987 et

911 4019 1010 4080 etiam
1034 4019 1266 4091 medullarum,
1289 4021 1420 4083 deserta
1440 4022 1584 4084 coelestis
1613 4023 1703 4099 regis

910 4117 1041 4188 militia,
1051 4118 1220 4193 cingulum
1231 4118 1403 4179 saecularis
1415 4119 1542 4181 militiae
1553 4120 1704 4196 recipere

910 4229 976 4276 non
991 4219 1159 4287 verentur,
1176 4217 1208 4276 et
1223 4215 1412 4294 frequenter
1423 4216 1556 4294 quidam
1567 4217 1606 4279 de
1619 4218 1703 4294 ipsis

909 4312 1067 4375 iratribus
1080 4314 1438 4390 exteriorisreligionis
1453 4316 1549 4391 signo
1560 4318 1700 4385 retento,

909 4426 984 4471 cum
998 4410 1087 4472 intus
1102 4427 1139 4472 se
1153 4425 1172 4472 a
1186 4411 1288 4473 totius
1305 4412 1477 4487 religionis
1488 4413 1701 4477 observantia

908 4507 1104 4579 abdicarint‚
1127 4508 1168 4570 ad
1189 4525 1349 4587 personas
1370 4526 1407 4571 se
1424 4510 1629 4574 transferunt
1644 4528 1702 4574 eo-

57 4610 109 4670 las
123 4610 285 4670 ecclesias
301 4609 461 4680 habeatis,
477 4608 597 4685 quibus
610 4609 853 4685 archiepiscopi
908 4605 1112 4667 clesiasticas
1133 4607 1185 4670 vel
1210 4607 1408 4678 mundanas,
1425 4624 1499 4685 quae
1519 4608 1610 4685 ipsos
1632 4624 1700 4671 uon

56 4710 91 4768 et
105 4707 253 4783 episcopi
271 4708 428 4777 chrisma,
449 4707 559 4768 oleum
581 4709 743 4778 sanctum,
761 4706 853 4766 ordi·
908 4703 974 4764 tam
996 4703 1108 4765 fovent
1131 4705 1164 4765 in
1186 4721 1255 4766 suae
1277 4705 1469 4766 rebellionis
1491 4707 1700 4768 contumacia

57 4805 211 4866 nationes
237 4806 445 4874 clericorum,
466 4806 734 4866 consecrationes
767 4806 854 4865 alta-
907 4816 1005 4877 quam
1020 4800 1209 4864 delendunt.
1222 4804 1469 4879 Nonnunquam
1482 4803 1582 4864 etiam
1598 4801 1698 4865 iidem

57 4904 146 4964 rium
161 4905 194 4963 et
208 4902 275 4963 alia
295 4898 499 4979 pontitlcalid
519 4903 591 4963 sine
611 4903 795 4979 quaestione
810 4901 851 4963 ad
906 4897 1038 4970 iratres,
1050 4899 1139 4959 ducti
1152 4900 1255 4960 animi
1271 4901 1404 4962 levitate
1420 4901 1628 4978 potiusquam
1644 4917 1700 4963 re·

58 5000 315 5077 postulationem
330 5001 474 5060 vestram
489 4999 612 5060 diutius
627 5001 849 5070 contulerunt,
906 4996 1040 5071 ligionis
1055 4997 1186 5068 ardore,
1204 5000 1240 5059 ut
1260 4999 1385 5059 evitent
1399 4999 1563 5073 regularis
1578 4998 1698 5062 obser·

56 5098 191 5173 quidam
208 5112 323 5157 eorum
338 5101 470 5159 movent
483 5096 577 5158 vohis
592 5112 692 5173 super
704 5097 787 5172 ipsis
801 5112 852 5158 ec·
906 5095 1030 5156 vantiae
1045 5094 1266 5170 disciplinam,
1281 5111 1354 5156 cum
1370 5095 1480 5171 potius
1495 5096 1598 5158 velint
1617 5097 1700 5159 reli·

56 5194 170 5254 clesiis
186 5193 402 5270 quaestionem
422 5192 562 5254 dicendo
583 5192 746 5261 videlicet,
763 5191 850 5268 quod
905 5191 1037 5268 gionem
1059 5192 1174 5267 lugere
1188 5207 1286 5268 quam
1302 5196 1443 5265 mutare,
1459 5192 1500 5255 ad
1522 5194 1624 5255 aliam
1637 5210 1697 5255 re-

56 5291 99 5351 ab
110 5291 207 5352 initio
223 5290 316 5351 vobis
331 5305 430 5366 super
447 5291 515 5350 illis
537 5290 689 5351 ecclesiis
708 5306 852 5351 consen·
904 5290 1017 5364 gulam
1032 5289 1191 5350 simulant
1204 5305 1241 5351 se
1259 5290 1453 5361 transferre,
1470 5290 1526 5352 nbi
1538 5292 1587 5352 sic
1601 5307 1698 5352 meu-

56 5404 131 5448 sum
148 5404 245 5449 suum
261 5388 396 5448 minime
409 5388 633 5463 praestiterint.
651 5389 734 5459 Quia
750 5387 852 5463 igitur
905 5388 964 5449 tito
975 5386 1286 5463 religionishabitu,
1299 5389 1408 5450 fructu
1425 5389 1520 5464 primi
1537 5389 1697 5465 propositi

54 5486 251 5546 occasiones
276 5485 464 5561 hujusmodi
486 5485 624 5545 frivolas
645 5487 848 5562 reputamus,
905 5486 1043 5546 careant
1053 5487 1086 5546 et
1100 5485 1248 5546 secundi.
1262 5487 1341 5547 Cum
1356 5487 1460 5562 igitur
1473 5486 1696 5563 plantationes

55 5598 131 5653 nos,
144 5582 246 5659 quieti
259 5585 377 5644 vestrae
388 5584 526 5658 paterna
541 5583 766 5644 sollicitudine
779 5599 851 5659 pro-
905 5582 1095 5659 hujusmodi
1111 5584 1305 5660 pestilentes
1322 5583 1363 5644 de
1381 5600 1463 5659 aqro
1479 5584 1609 5647 Domini
1630 5586 1698 5647 sint

54 5679 172 5740 videre
195 5680 355 5751 volentes,
376 5680 575 5743 auctoritate
595 5678 852 5757 1111111111-
904 5680 1179 5757 extumulasse
1193 5681 1290 5750 torte,
1311 5681 1399 5759 quod
1417 5681 1515 5753 absit,
1533 5683 1621 5745 alios
1634 5699 1696 5745 as-
