3774 6186
112 306 176 367 245
732 306 961 369 EPISTOLAE.
985 307 1063 366 LIB.
1086 307 1143 367 111.
1701 305 1761 365 246

111 463 329 530 banneriam
342 466 911 543 universaecarnisingresso,prae-
1251 493 1478 581 CCXXXIII

110 563 224 624 dictus
239 568 278 628 R.
295 567 439 626 castrum
452 565 571 642 ipsum,
592 566 625 626 et
641 564 783 635 obsides,
802 564 910 625 eidem

110 663 186 738 regi
208 663 347 725 reddere
368 663 544 740 denegavit
568 661 692 740 pluries
717 662 908 739 requisitus.

112 757 303 828 Quinetiam
333 759 374 820 ad
399 775 468 821 suae
496 758 701 820 infidelitatis
728 757 909 834 nequitiam

112 854 329 930 palliandam,
353 855 393 918 ad
423 857 536 933 partes
571 854 829 924 transmarinas,
857 854 908 915 vel
1264 847 1296 903 Η
1310 845 1475 918 1⁰⁰111219·

113 951 236 1028 potine,
261 955 297 1015 ut
319 952 452 1026 dicitur,
472 954 507 1014 in
536 952 729 1031 Hispaniam
754 951 909 1012 simulata
1138 958 1366 1024 [valdingius.
1381 959 1471 1009 minor.
1484 959 1506 1020 1,
1520 957 1589 1022 sot]

112 1051 290 1114 devotione
322 1069 359 1113 se
388 1049 605 1124 transferens,
629 1051 742 1114 dolose
769 1050 910 1113 intendit
964 1059 1057 1131 Rogat
1072 1057 1219 1114 utlatores
1234 1058 1416 1129 presentium
1429 1057 1465 1113 de
1484 1057 1625 1114 lituorum
1642 1051 1757 1112 lratrum

113 1150 291 1226 praedicios
319 1148 451 1210 obsides
479 1148 638 1221 liberare,
664 1151 821 1226 tanquam
850 1164 909 1226 per
998 1145 1121 1220 collegio
1136 1147 1303 1215 existentes,
1318 1146 1458 1218 recipiant
1476 1146 1550 1203 siout
1562 1143 1718 1202 catholicos
1729 1150 1759 1199 et

114 1247 220 1322 ipsius
248 1247 436 1308 affectatam
466 1248 718 1322 negligentiam,
744 1261 817 1322 quae
841 1246 910 1307 uti-
1001 1233 1109 1293 fidele&

115 1358 177 1418 que
191 1344 306 1419 aperta
323 1344 373 1403 est
383 1341 521 1414 malitia,
533 1358 704 1404 evasuros.
721 1344 760 1402 nt
772 1343 818 1412 ut,
832 1357 909 1418 qua·
1003 1344 1182 1414 Honorius,
1203 1345 1279 1415 eto,
1298 1342 1560 1420 archiepiscopis
1575 1342 1608 1404 et
1627 1340 1758 1417 episco-

115 1439 738 1515 lemfidelitatisaffectumergaregsm
752 1437 906 1511 habehat,
963 1440 1025 1516 pis,
1055 1439 1241 1512 abbatibus,
1269 1440 1423 1511 decanis,
1451 1437 1697 1501 archidiaconis
1725 1436 1759 1498 et

114 1537 292 1599 exhibebat
307 1537 354 1617 (1)
370 1538 405 1598 ln
418 1537 548 1609 effectu,
565 1537 649 1599 tales
664 1537 698 1597 in
711 1537 783 1612 ipsa
799 1539 907 1598 castro
963 1537 1039 1597 allis
1053 1537 1269 1598 ecclesiarum
1285 1537 1432 1614 praelatis
1450 1537 1590 1598 salutem
1606 1536 1639 1596 et
1652 1549 1757 1610 apos·

115 1635 251 1705 dimisit,
269 1637 325 1712 qui
352 1651 419 1697 non
441 1635 547 1696 solum
575 1635 712 1712 prefato
740 1635 810 1710 regi
833 1650 909 1696 oas—
963 1634 1096 1696 tolicam
1111 1634 1384 1696 benedictionem.

115 1732 201 1792 trum
214 1734 247 1793 et
253 1732 385 1793 obsides
398 1733 536 1794 reddere
547 1737 778 1810 aspernantur,
792 1749 907 1794 verum
1002 1733 1082 1793 Cum
1095 1732 1207 1793 dilecti
1218 1731 1278 1791 dlii
1293 1731 1395 1792 trater
1404 1730 1613 1798 Franciscus,
1630 1728 1663 1791 et
1675 1726 1758 1789 socii

113 1828 223 1898 etiam,
247 1831 428 1905 proditorie
443 1830 663 1902 rebellantes,
681 1831 784 1908 ipsius
800 1832 909 1892 homi·
962 1832 1033 1905 eJus
1049 1829 1167 1890 devita
1180 1830 1214 1890 et
1225 1829 1389 1904 religione
1408 1828 1573 1890 Minorum
1591 1826 1758 1897 Fratrum,

113 1941 169 1986 nes
197 1926 363 1988 hostiliter
393 1930 648 2005 persequuntur,
673 1935 707 1990 et
727 1926 827 2006 (quod
850 1930 908 1990 vix
962 1927 1099 2005 abjectis
1113 1925 1316 1988 vanitatibus
1331 1924 1568 2003 hujusmundi,
1583 1924 1757 2000 elegerunt

113 2022 247 2084 credere
265 2022 450 2102 possemus)
464 2024 526 2085 hoc
548 2026 740 2102 perpetrant
752 2041 820 2086 non
834 2026 907 2087 sine
963 2025 1038 2084 vitae
1047 2024 1136 2085 viam
1149 2040 1168 2084 a
1182 2027 1331 2085 Romana
1344 2024 1491 2086 Ecclesia
1504 2022 1622 2085 merito
1635 2036 1754 2098 appro-

113 2118 218 2196 ipsius
234 2121 380 2196 episcopi
401 2120 541 2183 oonsilio
570 2123 603 2183 et
625 2139 775 2193 assensu,
793 2139 905 2183 cuma
962 2121 1082 2192 batam,
1120 2121 1161 2182 ad
1190 2121 1365 2181 serendum
1392 2122 1519 2183 semina
1547 2118 1640 2182 verbi
1675 2117 1752 2189 Dei,

114 2217 273 2293 praedicto
301 2216 403 2279 tratre
430 2235 491 2280 suo
524 2218 733 2296 dispositioni
758 2219 906 2295 ejusdem
962 2218 1362 2295 apostolorumexemplO,
1381 2219 1532 2279 diversas
1551 2216 1756 2279 circumeunt

111 2313 291 2374 credantur
305 2329 379 2376 esse
392 2315 560 2375 commissi
577 2333 584 2370 :
600 2316 685 2393 quod
698 2332 741 2376 ex
753 2331 793 2378 eo
806 2317 909 2394 siqui·
962 2315 1162 2387 mansiones,
1176 2316 1428 2377 universitatem
1438 2316 1583 2377 vestram
1598 2327 1756 2389 rogamus

111 2408 184 2471 dem
213 2412 426 2487 praesumitur
453 2412 678 2489 probabiliter,
705 2415 801 2490 quia,
832 2430 906 2475 cum
961 2415 994 2474 et
1015 2413 1232 2475 exhortamur
1252 2414 1288 2473 in
1312 2414 1450 2474 Domino
1478 2428 1538 2490 per
1564 2410 1755 2488 apostolica

993 629 1042 689 Ad
1055 629 1338 702 archiepiscopos
1353 629 1386 689 ei
1399 632 1584 703 episcopos,
1599 594 1736 687 abbatas

1085 725 1118 786 ct
1131 727 1215 786 aiios
1227 729 1450 786 ecclesiaram
1461 724 1637 801 arietatos.

110 2506 160 2566 illi
181 2506 249 2568 sint
276 2509 311 2567 in
331 2523 391 2568 sua
413 2507 549 2570 dioecesi
564 2510 746 2581 constituti,
767 2526 824 2571 eos
840 2527 906 2572 non
961 2510 1057 2571 vobis
1073 2511 1197 2588 scripta
1222 2510 1428 2582 mandantes,
1450 2510 1611 2587 quatenus
1633 2506 1756 2568 latores

110 2603 219 2663 solum
248 2620 313 2664 non
339 2605 501 2681 reprimit,
528 2621 644 2668 verum
673 2607 773 2669 etiam
795 2607 906 2669 lovere
961 2608 1173 2683 praesentium
1190 2607 1230 2668 de
1248 2607 1480 2683 praedictorum
1496 2606 1635 2667 fratrum
1650 2602 1756 2664 colle-

112 2699 343 2762 tavorabiliter
355 2718 420 2762 non
433 2701 572 2764 desistit.
960 2704 1015 2778 gio
1030 2705 1223 2776 existentes
1248 2721 1321 2765 cum
1338 2704 1378 2765 ad
1395 2720 1453 2765 vas
1475 2702 1632 2763 duxerint
1648 2700 1755 2761 decli-

151 2799 234 2858 Cum
250 2798 352 2873 igitur
364 2815 500 2860 causam
510 2800 658 2877 praedicti
672 2801 760 2877 regis
776 2801 903 2879 pupilli,
962 2801 1118 2872 nandum,
1135 2802 1224 2879 ipsos
1239 2802 1409 2878 recipiatis
1425 2801 1510 2862 sicut
1524 2799 1707 2861 catholicos
1725 2798 1758 2858 et

108 2896 333 2971 crucesignati
358 2897 391 2959 et
419 2897 576 2959 custodire
600 2897 905 2974 sedisapostolicae
961 2898 1089 2972 fideles3
1104 2899 1189 2960 alias
1204 2901 1253 2960 eis
1268 2899 1309 2960 ad
1325 2898 1546 2960 reverentiam
1559 2896 1706 2957 divinam
1722 2896 1755 2955 et

110 2992 275 3064 derelicti,
291 2994 444 3055 omnibus
465 2995 570 3055 modis
594 2995 771 3056 defendere
785 2999 904 3058 tenea·
961 2998 1106 3057 nostram
1123 2996 1319 3057 exhibentes
1342 3012 1402 3056 vos
1423 2994 1622 3056 favorabiles
1648 2995 1682 3054 et
1695 2991 1755 3052 be-

107 3106 194 3157 mur,
209 3090 315 3152 eidem
334 3091 491 3168 episcopo
504 3108 563 3169 per
581 3093 703 3170 scripta
719 3096 831 3156 nostra
843 3096 904 3155 lir-
961 3093 1090 3169 nignos.
1117 3095 1235 3154 Datum
1260 3096 1305 3154 lll
1333 3093 1407 3154 idus
1423 3092 1523 3170 junii,
1543 3090 1754 3168 pontificatus

106 3189 208 3249 miter
228 3189 378 3249 dedimus
405 3189 439 3249 in
468 3191 653 3267 praeceptis,
683 3194 720 3253 ut
748 3192 905 3269 praedicto
960 3190 1065 3251 nostri
1080 3191 1290 3252 annotertio.

106 3285 181 3361 regi
212 3289 357 3346 castrum
383 3301 480 3347 suum
501 3288 535 3348 et
552 3287 682 3349 obsides
709 3289 801 3350 reddi
827 3306 907 3367 pro-

105 3385 227 3444 curet:
247 3382 434 3445 detentores
454 3401 568 3446 eorum
591 3386 758 3463 spirituali
772 3387 805 3449 et
821 3389 906 3449 tem·
1250 3375 1472 3463 CCXXXIV

105 3479 217 3556 parali
233 3479 440 3542 districtione
453 3481 665 3558 compellens,
678 3482 725 3544 ita
741 3484 825 3560 quod
837 3501 904 3547 non
961 3519 1011 3581 Ad
1025 3525 1206 3581 unz-versos
1222 3520 1386 3594 mmo,
1405 3520 1628 3581 ecclesiarum
1646 3530 1752 3592 repa.

104 3576 217 3686 “fuum
238 3576 330 3638 ”⁰¹¹³
345 3593 388 3639 ⁹¹
410 3579 472 3639 ¹¹⁰⁰
486 3580 602 3640 ⁰⁰¹¹¹f³
617 3594 653 3639 ⁸⁰
669 3579 773 3655 9⁰⁸⁸st
795 3582 906 3659 ΜΨ·
998 3621 1083 3679 lirim
1098 3619 1253 3678 diaecesis
1265 3616 1299 3678 et
1307 3618 1500 3690 prooim‘iae
1514 3617 1713 3678 catacensis.

104 3689 163 3735 cto
177 3675 314 3746 exoriri,
331 3691 446 3735 verum
465 3676 565 3736 etiam
579 3691 639 3736 sua
663 3677 783 3738 exinde
801 3680 907 3755 possit
1251 3740 1282 3795 ss
1296 3738 1368 3811 Junii
1384 3738 1464 3795 42¹9·

103 3770 362 3848 circumspectio
379 3771 618 3833 commendari.
647 3775 807 3843 Quocirca
831 3775 904 3836 dis-

103 3869 250 3930 cretioni
265 3870 384 3929 vestrae
398 3885 459 3946 per
470 3870 660 3946 apostolica
678 3871 800 3949 scripta
816 3888 906 3934 man·
1085 3842 1565 3907 slieiner,lton.llnngarts,1,2r,n.
1578 3841 1631 3908 ³4]

102 3962 237 4032 damus,
254 3967 416 4041 quatenus
433 3966 621 4030 detentores
646 3969 747 4030 castri
763 3969 796 4032 et
810 3968 904 4030 obsi·
961 3949 1027 4008 [¹¹⁰⁸
1048 3957 1145 4007 ¹¹¹⁰ss0¹
1166 3965 1197 4007 ⁸0
1215 3951 1394 4007 ⁰⁰¹¹⁰e⁸⁸⁵⁵⁸0
1407 3949 1532 4022 U8⁰¹iss⁰
1547 3949 1694 4007 C⁰¹⁰0011⁸i
1712 3963 1754 4006 ht·

103 4061 187 4121 dum
209 4062 440 4137 praedictorum
467 4064 508 4125 ad
533 4064 775 4127 restitutionem
790 4081 905 4127 eorum
995 4038 1323 4117 chlepiscopoutipsllio
1337 4046 1366 4095 et
1380 4036 1751 4111 eliisiusigniisarchlepis·

104 4157 248 4236 prelato
263 4161 334 4235 regi
347 4159 491 4222 debitam
506 4160 692 4222 taciendam
707 4178 767 4239 per
781 4179 905 4225 censu·
994 4125 1142 4199 ⁰⁰⁹³¹ih¹¹⁸
1157 4126 1185 4182 ¹¹¹
1200 4132 1257 4183 ‘⁰¹⁰
1274 4126 1431 4198 mmi-

102 4270 182 4316 ram
191 4255 464 4328 ecclesiasticam,
475 4258 699 4335 appellatione
710 4261 903 4336 postposita,
1000 4234 1167 4294 H⁰¹¹0ril¹⁸
1179 4235 1354 4312 eliSOOPUS
1364 4250 1481 4295 servus
1494 4248 1668 4296 servolum
1681 4234 1752 4295 Dei·

103 4354 326 4430 compellatis,
343 4356 377 4418 ei
391 4356 556 4433 supernis
571 4357 747 4434 inquiratis
762 4358 906 4434 diligen·
960 4329 1213 4393 V0¹10r2biffl¹⁰⁸
1236 4330 1396 4393 fratribus
1419 4331 1584 4392 universis
1605 4331 1753 4408 prolatis

104 4450 176 4512 irus
192 4452 383 4524 veritatem,
398 4455 440 4525 eg,
470 4470 543 4531 Μ
559 4455 766 4526 inveneritis,
785 4456 826 4516 ad
844 4472 905 4518 „03
959 4427 1177 4489 ecclesiarum
1192 4429 1355 4504 regalium
1364 4429 1517 4491 dioecesis
1527 4428 1561 4490 et
1573 4428 1753 4506 provinciae

105 4547 251 4609 fideliter
264 4550 452 4622 remittatis,
469 4552 516 4623 up,
533 4567 592 4628 per
607 4554 753 4614 vestram
768 4553 906 4615 relatio,
960 4525 1150 4586 Colocensis
1165 4526 1306 4587 salutem
1322 4528 1356 4587 et
1366 4526 1581 4603 apostolicam
1596 4525 1754 4587 benedic-

105 4660 184 4706 nem
218 4646 392 4719 instructi,
429 4649 646 4725 procedamus
675 4665 775 4725 super
801 4651 843 4710 iis
870 4652 906 4713 ut
960 4622 1095 4685 ‘immm-
1208 4720 1214 4734 .
1530 4719 1536 4732 1

100 4744 268 4820 justitiam
290 4744 652 4822 videremusexpedire
678 4743 738 4824 (2).
762 4748 904 4819 Quodsi
1000 4721 1080 4781 cum
1111 4721 1298 4783 ⁰⁰⁰⁸t¹t¹¹tae
1325 4736 1384 4797 1)θῖ
1413 4722 1594 4794 Ussgallam
1621 4720 1752 4796 legales

103 4855 174 4900 non
187 4856 313 4913 omnes,
328 4842 365 4902 tu
384 4857 435 4914 ea,
460 4841 563 4903 frater
573 4843 738 4920 episcope¹
755 4862 829 4906 cum
842 4861 904 4907 ΘΟ,
959 4817 1109 4879 eeclesiae
1124 4817 1158 4878 in
1172 4817 1408 4894 temporalibus
1419 4818 1501 4894 regi,
1515 4817 1548 4879 et
1563 4816 1638 4879 Sedi
1651 4821 1753 4894 Apos-

104 4952 180 4998 rum
196 4938 314 5009 altero,
330 4939 393 5000 eto.
959 4914 1066 4977 tolicae
1081 4915 1115 4975 in
1131 4915 1359 4992 spiritualibus
1374 4914 1466 4974 nullo
1482 4914 1671 4991 pertineant
1685 4931 1773 5009 meg

145 5035 266 5096 natum
279 5037 404 5108 Romae,
413 5037 454 5098 ad
469 5037 625 5097 sanctum
632 5039 779 5111 petrum,
794 5040 905 5117 ponti,
958 5011 1081 5082 diante,
1104 5011 1330 5072 venerabilem
1352 5011 1488 5072 tratrem
1509 5012 1660 5074 nostrum
1675 5015 1749 5074 llu-

105 5129 225 5193 floetus
240 5134 345 5193 nostri
357 5148 445 5194 anno
457 5134 567 5195 pergo,
957 5109 1107 5184 golinum
1123 5109 1640 5187 colocensemarchiepiscopum,
1653 5125 1750 5186 quem

958 5205 1188 5282 amplexamur
1202 5207 1358 5283 specialis
1382 5206 1571 5269 dilectionis
1590 5205 1749 5278 brachiis,

143 5348 184 5422 (l)
206 5349 370 5408 Exhiberet.
953 5354 1104 5425 pessimam
1114 5353 1237 5410 babebat.
1248 5355 1327 5425 liupo
1338 5354 1636 5425 deleziniacejaaiar
1646 5353 1752 5424 llerpis

140 5424 184 5495 (tt
206 5421 277 5479 lnde
290 5430 383 5478 ortum
394 5420 482 5479 luisse
493 5423 521 5478 in
535 5421 658 5481 Pimevla
670 5421 776 5480 bellum
792 5424 836 5480 vel
851 5438 902 5496 pro
956 5425 1102 5482 obsidebat.
1120 5427 1152 5480 Et
1166 5423 1238 5480 intra
1251 5441 1259 5480 ι
1273 5426 1308 5480 la
1321 5426 1444 5481 sasima
1459 5425 1647 5481 translationi
1656 5425 1751 5482 Sancti

103 5494 232 5552 ilenrico
248 5493 360 5574 Angliis
375 5507 456 5567 rege,
470 5494 515 5550 vel
530 5501 628 5552 contra
639 5509 714 5559 eum,
731 5494 815 5551 daret
832 5497 900 5552 Ber·
955 5496 1111 5561 Martialis,
1132 5495 1280 5567 pacificata
1298 5501 1337 5552 est
1360 5511 1467 5565 pitarra
1482 5495 1560 5566 apud
1579 5495 1751 5552 Uzarctiam

103 5565 212 5623 nardus
235 5566 323 5632 lteru,
341 5563 386 5644 his
407 5563 500 5620 verbis
523 5563 558 5621 sd
573 5577 679 5622 sanum
705 5565 771 5622 1221
788 5582 794 5621 :
812 5566 901 5622 datto
956 5565 1337 5638 mapraseete,ltlerpis{ait
1351 5564 1471 5623 reddita.
1541 5565 1705 5640 (bouquet.)

102 5637 252 5695 ricemeri
262 5634 466 5692 amaricasti
479 5651 542 5692 cum
547 5634 686 5692 militibus
697 5636 759 5693 stris
766 5650 900 5706 guerram
