3774 6186
114 304 174 363 625

116 460 211 522 Sedis
227 463 307 537 jugo
327 460 496 521 humiliter
522 459 731 533 submlslsse;
758 459 906 536 alioquin

115 575 174 635 pro
199 562 289 621 cerlo
314 558 485 627 noveritis
514 557 598 633 quod
624 572 683 633 per
708 557 906 617 sententiam

113 657 219 726 vobis,
233 656 304 715 sine
315 671 372 731 spe
388 655 619 725 restitutionis
635 669 792 731 expresse
806 654 905 731 abju-

113 752 298 814 dicabimus
311 754 456 813 castrum
470 753 624 812 Furense
638 767 678 812 ac
698 752 783 812 alias
798 753 907 812 terras

113 855 253 921 vestras,
271 867 370 927 quum
397 852 543 910 castrum
559 850 665 924 ipsum
696 849 729 909 in
755 848 907 910 ecclesiae

113 950 237 1009 nostrae
257 948 467 1008 commissum
492 946 656 1017 inciderit,
682 946 824 1016 etalias,
852 962 907 1005 se-

113 1045 257 1106 cundum
284 1046 550 1106 constitutionem
577 1043 718 1104 Concilii
741 1043 906 1118 generalis

114 1143 355 1218 promulgatam
378 1144 493 1203 contra
526 1141 701 1203 haereticos
734 1140 906 1201 eteorum

115 1239 272 1310 fautores,
293 1238 477 1316 abjudicari
499 1238 593 1298 vobis
618 1239 722 1314 possit
744 1239 776 1298 et
791 1236 908 1298 debeat

114 1332 906 1414 terraipsa.Necconfidatis...(0aeteredeserat)

448 1522 579 1608 CLXV

110 1658 164 1717 Ad
179 1659 362 1717 rcrrtoersos
376 1655 503 1717 cbristt
517 1655 632 1727 fideles
644 1657 680 1715 tn
690 1656 908 1716 Narbonensi

415 1756 607 1826 procincta.

144 1866 285 1930 [bouquet.
297 1865 398 1916 ltecuell
411 1864 640 1924 desHist.,t.Xlll,
651 1863 874 1929 praemisisset..

393 1949 410 1994 t.
426 1945 470 2005 111,
479 1945 552 2010 prob.
563 1945 630 2008 aot]

106 2044 207 2116 Magis
223 2045 359 2117 armagis
373 2042 807 2116 frigescentibuscatholicorum
818 2057 904 2099 cona·

147 2133 223 2189 tibus
239 2132 375 2190 adversus
389 2133 554 2199 tolosanos,
572 2131 670 2188 fideles
680 2133 830 2188 universos
839 2146 904 2203 pro·

147 2223 250 2278 vinciae
265 2221 458 2278 Narbonensis
466 2222 570 2277 excitat
582 2221 722 2278 llonorius
736 2218 771 2277 ad
783 2219 907 2277 relevan-

147 2309 216 2367 dum
250 2310 316 2367 fidei
344 2312 501 2383 negotium,
526 2324 712 2382 personarum
738 2309 784 2366 vel
812 2322 906 2366 rerum

148 2401 263 2465 auxilio,
280 2407 311 2456 ut
325 2408 522 2471 pecccatorum
538 2413 654 2455 suorum
673 2397 787 2455 veniam
801 2396 907 2455 salubri

148 2487 320 2559 compendio
334 2493 507 2544 mereantur.

153 2597 320 2657 Honorius
330 2597 515 2672 episcopus,
526 2610 642 2656 servus
651 2609 822 2656 servorum
834 2593 905 2663 Dei,

112 2692 580 2764 universisChristifldeltbus,
593 2695 660 2754 tam
669 2693 800 2752 clericis
810 2706 907 2769 quam

111 2792 221 2862 laicis,
238 2792 273 2851 in
287 2793 374 2852 terra
387 2790 563 2866 legationis
574 2789 778 2850 venerabilis
793 2788 908 2850 fratris

111 2889 217 2950 nostri
235 2888 406 2967 (conradi)
424 2887 619 2948 Portuensis
636 2887 793 2962 episcopi,
810 2886 907 2947 salu·

111 2986 180 3045 tem
195 2987 229 3044 et
243 2983 457 3058 apostolicam
473 2982 746 3043 benedictionem.

152 3080 340 3158 Aliquando
365 3081 503 3141 altitudo
528 3079 672 3141 coelestis
697 3078 841 3148 consilii,
867 3077 908 3138 de

112 3178 166 3239 bis
190 3189 279 3255 quae'
296 3178 384 3238 mala
398 3178 567 3248 videntur,
600 3176 685 3237 bona
718 3175 909 3252 frequenter

113 3276 265 3344 eliciens,
280 3275 448 3350 negotium
464 3274 552 3346 fidei,
568 3289 627 3351 pro
642 3290 706 3350 quo
717 3273 752 3333 in
766 3274 909 3334 Provin-

112 3374 174 3435 ciae
188 3372 337 3450 partibus
353 3373 444 3433 tanto
461 3375 532 3448 jam
554 3373 703 3448 tempore
723 3370 905 3440 laboratur,

112 3472 210 3548 quasi
235 3470 418 3530 desummo
440 3470 481 3529 ad
508 3471 576 3530 ima
598 3484 754 3530 corruere
779 3468 907 3529 occulto

110 3567 251 3643 judicia,
280 3568 337 3626 sed
368 3567 481 3643 ntique
501 3569 604 3643 iusto,
620 3565 771 3642 permisit
792 3565 907 3626 forsan

113 3665 146 3725 in
175 3667 248 3741 eius
276 3664 525 3731 revelationem,
553 3665 693 3724 salutem
722 3663 908 3739 praevidens

113 3762 344 3838 plurimorum,
361 3761 428 3837 qui,
446 3760 672 3821 subveniendo
688 3761 752 3836 ipsi
776 3760 908 3833 negotio

113 3857 147 3916 in
167 3857 318 3933 personis
334 3859 392 3917 aut
405 3857 515 3927 rebus,
541 3857 751 3932 peccatorum
774 3870 909 3914 suorum

111 3956 247 4015 veniam
261 3954 323 4014 hoc
338 3953 463 4014 salubri
477 3954 670 4030 compendio
683 3952 907 4013 merebuntur.

110 4053 293 4113 Hortamur
312 4052 414 4125 igitur
427 4066 694 4128 unumquemque
709 4051 856 4112 vestrum
878 4050 910 4108 et

109 4147 328 4208 obsecramus
344 4148 377 4207 in
399 4149 548 4218 Domino,
565 4163 604 4207 aa
624 4149 659 4207 in
680 4147 908 4206 remissionem

108 4245 210 4306 vobis
225 4244 430 4322 injungimus
445 4245 665 4320 peccatorum,
676 4244 836 4320 qnatenus
850 4259 910 4317 ag-

107 4343 304 4418 gredientes
317 4343 404 4401 viam
418 4343 535 4411 veniae,
553 4358 650 4418 quam
664 4342 777 4401 divina
797 4341 910 4416 provi-

108 4440 227 4502 dentia
251 4439 345 4499 vobis
365 4439 472 4506 offert,
496 4440 537 4500 ad
558 4440 809 4500 subventionem
831 4439 908 4499 dicti

109 4537 240 4609 negotii
253 4554 311 4599 vos
327 4537 492 4599 indefesso
508 4538 616 4598 studio
629 4538 823 4613 accingatis,
840 4537 910 4597 col-

110 4636 232 4696 lectum
256 4636 389 4695 interim
413 4651 483 4706 vos,
501 4639 600 4711 prout
622 4637 780 4696 Dominus
804 4636 910 4711 inspi-

109 4734 248 4801 raverit,
266 4732 436 4802 facientes,
455 4735 491 4793 ut
504 4733 528 4792 ii
544 4733 600 4809 qui
623 4732 663 4793 ad
680 4733 758 4793 dicti
784 4735 908 4807 negotii

109 4830 361 4891 subventionem
385 4831 596 4906 nequiverint
610 4830 787 4905 proticisci,
809 4831 910 4906 profl-

109 4928 283 4988 ciseantur
297 4929 413 4989 saltem
424 4944 483 5005 per
496 4928 558 5004 piae
570 4927 800 4988 subventionis
811 4929 909 4989 auxi-

110 5026 204 5094 lium,
220 5025 400 5086 secundum
416 5025 602 5087 devotionis
613 5024 768 5085 ardorem
783 5027 815 5086 et
831 5025 910 5086 sub-

109 5122 189 5183 sidii
236 5123 475 5199 quantitatem,
521 5122 733 5183 consecuturi
774 5138 909 5184 suorum

146 5271 187 5341 (ll
205 5269 361 5340 conradus,
381 5271 576 5330 cisterciensis
603 5269 701 5339 abbas,
730 5286 806 5329 anno
829 5272 906 5335 ltls.

110 5342 187 5400 vadit
213 5344 332 5399 ltornarn
360 5358 425 5399 cum
448 5344 511 5399 aliis
535 5341 683 5398 abbatibus
708 5358 759 5424 pro
786 5345 909 5415 negotiis

110 5413 228 5479 ordinis,
239 5413 335 5485 ibique
348 5415 499 5485 eligituret
513 5423 696 5470 corrsecratur
706 5429 733 5468 in
743 5414 907 5485 episcopum

111 5485 378 5556 Portuensenmqui.
388 5500 444 5540 non
455 5485 544 5542 multo
553 5493 615 5556 post
623 5485 766 5555 legatione
776 5492 907 5556 suscepta

113 5563 212 5611 cotnra
229 5555 398 5626 Albigenses
414 5554 820 5625 {vergitscilicetanno1220,
838 5565 907 5612 tern-

110 5642 178 5697 pore
194 5625 432 5697 quadragesimae,
450 5633 532 5697 prout
546 5625 629 5682 docet
640 5624 806 5683 Guillelrnus
820 5627 904 5694 Brito,

744 300 971 361 EPISTOLAE.
994 302 1071 361 LlB.
1098 302 1133 359 V.

1699 303 1758 364 626

961 460 1092 520 veniam
1120 460 1342 535 peccatorum.
1386 463 1428 523 Ut
1465 461 1575 523 autem
1618 461 1755 524 collecta

962 556 1149 634 hujusmodi
1165 556 1205 616 ad
1222 555 1472 618 subventionem
1488 558 1566 620 dicti
1583 560 1707 635 negotii
1721 561 1755 621 et

961 653 1100 715 salutem
1115 655 1259 714 vestram
1271 655 1376 730 magis
1392 655 1751 733 meliusqueprocedat,

962 750 1137 811 scribimus
1163 750 1345 811 venerabili
1374 750 1469 812 fratri
1491 755 1605 813 nostro
1633 754 1667 812 d.
1696 750 1753 831 (1)

961 847 1135 908 Portuensi
1149 847 1314 924 episcope,
1331 851 1369 909 A.
1388 850 1420 908 S.
1437 848 1558 924 legato,
1574 850 1608 911 ut
1623 851 1694 926 ipse
1711 849 1752 909 ad

961 944 994 1004 id
1009 959 1122 1005 curam
1138 945 1315 1021 specialem
1334 944 1516 1021 impendat;
1534 961 1636 1023 quare
1653 947 1755 1008 devo·

961 1042 1085 1102 tionem
1098 1042 1241 1103 vestram
1256 1056 1426 1102 monemus
1441 1043 1474 1102 et
1488 1042 1704 1105 exhortamur
1717 1044 1752 1104 in

961 1139 1111 1210 Domin0,
1136 1140 1172 1200 ut
1189 1140 1257 1199 tam
1276 1138 1340 1199 sibi
1358 1155 1456 1216 quam
1480 1140 1547 1200 illis
1570 1156 1651 1216 quos
1678 1141 1755 1201 huic

962 1236 1146 1296 ministerio
1165 1235 1299 1297 duxerit
1321 1236 1538 1313 deputandos,
1567 1252 1625 1313 pro
1641 1237 1754 1298 divina

962 1334 1146 1393 reverentia
1158 1334 1191 1393 et
1205 1332 1312 1394 salute
1327 1333 1504 1394 intendatis
1521 1335 1552 1395 et
1565 1334 1755 1412 acquiesca-

961 1430 1004 1490 tis
1015 1429 1185 1492 numiliter
1199 1432 1232 1491 et
1244 1430 1371 1492 devote.
1386 1429 1534 1509 (Caetera
1549 1429 1702 1508 desunt.)

1281 1598 1432 1685 CLXVI

1001 1733 1266 1797 ercanradum,
1276 1731 1506 1793 portuensem
1521 1734 1717 1807 episcopam

1163 1830 1271 1899 card„
1285 1830 1325 1888 A.
1337 1831 1371 1889 S.
1387 1829 1549 1905 tapetum.

1050 1939 1184 2004 [bouquet
1199 1940 1301 1991 liecueil
1312 1941 1355 1991 des
1367 1941 1442 2003 illst,
1455 1948 1474 1991 t.
1486 1941 1553 1998 xlx,
1563 1955 1589 2005 p.
1600 1940 1668 2006 loo]

961 2047 1090 2116 Queritur
1099 2048 1239 2104 Honorius
1254 2047 1392 2119 quosdam
1404 2048 1554 2121 episcopos
1563 2048 1590 2104 in
1600 2048 1752 2106 Provincia

996 2144 1024 2191 et
1042 2137 1173 2208 prelatos
1188 2135 1405 2203 aliosfavorem,
1419 2137 1607 2193 consiliumet
1620 2137 1754 2193 auxilium

997 2223 1138 2280 hereticis
1150 2225 1259 2281 occulte
1271 2224 1435 2296 impendere
1443 2231 1527 2297 atque
1535 2225 1631 2298 legato
1639 2224 1759 2282 mandat

997 2319 1026 2368 ut
1040 2311 1238 2384 delinquentes
1252 2314 1378 2385 corrigat
1390 2319 1417 2368 et
1429 2313 1537 2384 puniat,
1546 2320 1665 2386 excepto
1680 2312 1755 2385 quod

997 2396 1032 2453 ad
1045 2412 1143 2454 eornm
1153 2399 1414 2455 exauctorationem
1428 2412 1530 2454 manus
1544 2412 1600 2454 non
1620 2396 1755 2454 extendat

997 2485 1103 2557 absque
1116 2487 1233 2558 speciali
1247 2485 1394 2543 mandato.

1002 2594 1671 2671 Honoriusepiscopus,servusservorum
1681 2595 1752 2666 Dei,

962 2690 1145 2752 venerabili
1157 2691 1251 2752 fratri
1263 2693 1297 2752 C.
1308 2691 1656 2767 Portuensiepiscopo,
1669 2694 1707 2752 Α.
1721 2693 1757 2751 S.

963 2788 1081 2861 legato,
1099 2788 1240 2849 salutem
1262 2789 1295 2851 et
1309 2788 1525 2865 apostolicam
1546 2787 1755 2849 benedictio·

964 2900 1050 2946 nem.

1002 2984 1076 3043 Non
1099 2985 1172 3044 sine
1188 2983 1408 3045 amaritudine
1428 2984 1548 3044 mentis
1567 2981 1757 3044 audivimus

963 3084 995 3142 et
1009 3081 1198 3156 recipimus,
1217 3081 1301 3157 quod
1316 3080 1448 3157 quidam
1462 3081 1619 3156 episcopi,
1632 3081 1757 3155 aliique

964 3178 1091 3254 praelati
1115 3179 1148 3238 et
1171 3178 1388 3238 ecclesiastici
1405 3178 1466 3238 viri
1483 3177 1653 3237 adversari
1680 3177 1755 3237 fidei

963 3275 1095 3350 negotio
1110 3291 1176 3335 non
1197 3277 1367 3345 verentur,
1389 3274 1556 3335 haereticis
1578 3288 1757 3351 eorumque

963 3372 1146 3433 fautoribus
1168 3371 1556 3448 impendendofavorem,
1581 3371 1759 3432 consilium

963 3472 995 3532 et
1005 3470 1179 3541 auxilium,
1196 3486 1285 3530 nunc
1298 3468 1428 3546 publice
1443 3469 1495 3530 vel
1511 3469 1658 3531 occulte:
1673 3485 1755 3546 quos

964 3568 992 3628 si
1009 3569 1102 3629 Sedis
1118 3568 1315 3645 Apostolicae
1331 3567 1529 3638 reverentia,
1544 3583 1617 3644 quae
1629 3568 1758 3629 tantum

964 3667 1102 3742 proipso
1113 3666 1246 3741 negotio
1259 3665 1434 3736 laboravit,
1447 3664 1487 3725 ab
1499 3664 1632 3726 illorum
1644 3663 1758 3726 favore

964 3779 1029 3823 non
1044 3764 1189 3831 revocat,
1217 3763 1341 3824 diutius
1363 3761 1479 3823 saltem
1501 3763 1600 3824 timor
1620 3765 1652 3822 et
1666 3777 1760 3823 amor

964 3861 1106 3937 propria
1119 3860 1215 3921 famae
1231 3876 1270 3921 ae
1283 3861 1400 3920 salutis
1415 3859 1574 3921 debuerat
1588 3874 1756 3920 revocare.

965 3960 1044 4019 Cum
1067 3959 1169 4033 igitur
1190 3959 1290 4019 tantae
1317 3957 1547 4034 perversitatis
1574 3957 1701 4018 malitia
1727 3958 1760 4018 et

965 4055 1030 4115 tam
1057 4056 1224 4116 malitiosa
1256 4055 1457 4131 perversitas
1489 4069 1662 4114 remanere
1692 4068 1760 4113 non

965 4152 1081 4213 debeat
1100 4153 1272 4229 impunita,
1300 4151 1489 4228 inquirendi
1514 4157 1548 4212 et
1570 4150 1760 4226 corrigendi

964 4266 1003 4310 ac
1019 4249 1175 4326 puniendi
1201 4265 1359 4310 excessus
1382 4248 1509 4320 talium,
1535 4249 1602 4310 tam
1625 4249 1761 4324 regula-

964 4348 1050 4407 rium
1064 4348 1097 4408 et
1106 4347 1334 4423 exemptarum
1346 4361 1444 4424 quam
1454 4345 1595 4407 aliorum
1607 4361 1760 4422 quorum·

965 4443 1055 4515 libet,
1079 4446 1176 4521 prout
1198 4444 1261 4523 ipsi
1283 4445 1415 4520 negotio
1438 4443 1561 4504 videris
1589 4443 1758 4521 expedire,

965 4541 1139 4618 privilegio
1150 4558 1209 4603 seu
1222 4541 1456 4619 appellationis
1469 4540 1592 4618 effugio
1606 4556 1671 4601 non
1683 4540 1761 4601 ols-

965 4642 1065 4710 tante,
1088 4638 1226 4700 liberam
1250 4639 1310 4700 tibi
1331 4639 1542 4700 concedimus
1563 4638 1761 4699 auctoritate

965 4737 1177 4814 praesentium
1194 4736 1395 4806 facultatem,
1413 4751 1453 4796 eo
1464 4735 1635 4796 dumtaxat
1644 4751 1760 4811 excep-

964 4837 1007 4905 to,
1023 4842 1058 4897 ut
1073 4837 1113 4897 ad
1129 4834 1369 4911 depositionem
1385 4833 1613 4909 episcoporum
1627 4848 1760 4892 manum

964 4933 1036 4993 sine
1045 4935 1158 4994 nostra
1167 4931 1304 5010 speciali
1316 4931 1451 4991 licentia
1463 4945 1529 4990 non
1543 4929 1702 4991 extendas
1712 4928 1760 5009 (2)

964 5029 1048 5089 alias
1064 5046 1131 5100 eos,
1145 5031 1242 5106 prout
1257 5044 1311 5089 res
1327 5027 1487 5103 exegerit,
1504 5026 1608 5088 libere
1624 5027 1761 5105 punitu-

964 5143 1031 5187 rus.
1049 5127 1198 5205 (Creteru
1213 5123 1362 5204 deerrat.)

964 5274 992 5329 in
1015 5272 1205 5330 additionibus
1220 5272 1255 5329 ad
1270 5273 1332 5345 ejus
1352 5271 1501 5330 historiam
1517 5273 1594 5345 regis
1616 5272 1758 5344 Philippi:

963 5343 1039 5399 unde
1056 5345 1217 5417 colligimus
1232 5359 1287 5416 quo
1302 5351 1430 5416 tempore
1451 5344 1515 5400 data
1531 5343 1613 5400 fuerit
1627 5345 1757 5416 epistola,

962 5417 1007 5470 cni
1026 5429 1078 5469 nec
1087 5415 1159 5481 dies,
1174 5429 1225 5470 nec
1238 5428 1330 5470 anans
1342 5415 1474 5486 adscripti
1487 5421 1562 5470 sunt.

1000 5486 1041 5556 (t)
1062 5487 1220 5556 sequentes
1243 5485 1379 5555 epistolas
1402 5486 1528 5558 quinque
1548 5483 1583 5540 ad
1598 5483 1758 5542 conradum

963 5557 996 5612 l.
1014 5558 1042 5612 S.
1057 5556 1194 5626 legatum,
1210 5571 1244 5612 ex
1262 5555 1379 5611 arcliivo
1403 5555 1597 5612 Narbonensis
1618 5556 1758 5623 ecclesiia,

963 5626 1099 5684 informes
1112 5634 1138 5682 et
1152 5627 1228 5683 nullo
1243 5627 1373 5699 signatas
1383 5625 1564 5695 annoacrlie‚
1578 5641 1759 5698 nequaquam
