3774 6186
124 344 166 403 so
741 329 914 392 uoatoau
937 331 981 391 111
999 329 1148 389 'onena
1369 306 1372 311 ’
1732 328 1765 385 a

125 501 158 562 et
171 515 250 561 suos
264 498 418 561 dicebant
440 494 630 573 conjudices
650 492 857 570 impetrasse,
879 490 919 550 de
972 487 1144 549 beratione
1159 488 1328 557 statutum,
1344 487 1379 547 ut
1392 482 1769 561 constantinopolitane

125 597 352 658 reservatione
377 595 449 672 ipsa
473 608 539 654 non
554 591 669 654 habita
690 589 867 659 mentione,
884 586 919 647 in
972 584 1060 645 sedis
1079 584 1228 655 antistes,
1247 585 1419 661 postquam
1441 599 1461 643 a
1484 585 1637 644 Romano
1657 583 1770 644 Ponti-

124 695 366 770 possessionem
390 692 570 754 decanatus
598 688 703 767 ipsius
724 684 920 751 inducerent
972 681 1033 743 dce
1062 682 1227 756 receperit
1255 680 1406 757 pallium,
1432 680 1518 758 quod
1544 680 1597 742 est
1618 679 1769 756 plenitu-

125 790 401 867 delenderentque
427 788 608 850 inductum.
645 784 800 848 Partibus
817 783 919 858 igitur
972 779 1059 840 dinis
1087 778 1187 838 officii
1215 777 1415 855 pontificalis
1442 776 1591 854 insigne,
1620 777 1770 854 praestito

122 889 159 949 in
173 888 278 964 ipsius
294 886 422 948 abbatis
446 887 479 947 S.
508 884 652 946 Victoris
667 884 700 944 et
717 882 919 956 collegarum
972 874 1035 936 sibi
1055 874 1224 936 fidelitatis
1244 877 1277 936 et
1297 874 1494 936 obedientiae
1509 876 1715 950 iuramento
1732 872 1771 935 li·

122 999 258 1044 suorum
272 981 450 1059 praesentia
466 980 665 1052 constitutis,
678 995 721 1041 ex
736 979 829 1055 parta
839 974 918 1037 dicti
972 975 1086 1034 center
1103 972 1173 1033 suis
1195 972 1417 1047 suffraganeis
1428 971 1572 1049 ‚pallium
1594 971 1768 1047 largiatur,

122 1079 290 1158 praepositi
303 1081 337 1141 et
349 1078 568 1140 coelectorum
582 1092 716 1139 suorum
727 1075 789 1137 luit
797 1088 920 1151 propo-
971 1070 1137 1147 recipiens
1157 1085 1218 1146 pro
1242 1086 1279 1130 se
1302 1069 1544 1146 professionem
1561 1070 1768 1143 canonicam,

122 1177 223 1238 situm
233 1191 345 1238 coram
356 1176 417 1248 eis,
430 1175 515 1253 quod
526 1174 723 1237 auctoritate
734 1173 919 1234 litterarum
971 1169 1005 1230 et
1027 1183 1087 1244 pro
1112 1170 1262 1230 Romana
1285 1167 1433 1228 Ecclesia
1455 1167 1674 1245 sponsionem
1693 1165 1769 1230 obe-

122 1273 311 1351 hujusmodi
325 1273 504 1352 procedere
529 1288 595 1334 non
621 1270 773 1349 poterant
792 1268 918 1345 inipso
971 1264 1105 1326 dientiae
1135 1264 1177 1325 ab
1208 1264 1351 1336 eisdem,
1386 1264 1579 1326 discretioni
1620 1265 1689 1327 tuae
1715 1280 1769 1342 pet·

120 1372 270 1447 negotio,
293 1386 355 1432 nec
379 1369 555 1438 debebant,
583 1385 623 1430 eo
648 1367 733 1445 quod
756 1383 816 1443 per
842 1364 918 1427 salsi
970 1362 1162 1440 apostolica
1196 1362 1320 1439 scripta
1352 1362 1566 1434 mandamus,
1605 1363 1768 1440 quatenus

121 1468 367 1544 suggestionem
389 1468 572 1544 impetratae
590 1465 733 1536 fuerant,
753 1464 814 1526 tali
827 1462 919 1524 reri·
971 1458 1078 1520 eidem
1109 1458 1376 1536 archiepiscopo,
1408 1474 1505 1536 quem
1535 1474 1580 1520 ax
1610 1459 1766 1536 praedicta

121 1566 301 1628 taletacita
316 1581 388 1643 quae
409 1580 567 1641 expressa
580 1561 919 1624 nullatenusfuissent
971 1571 1072 1617 causa
1098 1555 1269 1617 dumtaxat
1294 1572 1394 1632 super
1422 1572 1485 1617 usu
1506 1557 1633 1633 recepti
1660 1555 1766 1619 taliter

123 1663 275 1734 obteutae,
290 1661 703 1737 cumeoamhtteraetpsae
726 1675 794 1721 uon
808 1659 919 1720 essent
971 1652 1066 1729 pallii
1089 1653 1243 1714 nolumus
1269 1653 1434 1730 impediri,
1461 1653 1575 1715 utendi
1600 1669 1641 1715 eo
1666 1652 1763 1715 libera

123 1760 342 1823 revocatoriae
352 1760 539 1821 litterarum
550 1759 591 1819 ad
604 1757 777 1835 praelatum
788 1754 919 1818 atreha·
970 1749 1098 1811 tribuas
1114 1749 1315 1812 facultatem.
1330 1751 1449 1812 Datum
1460 1751 1630 1823 Laterani,
1640 1752 1760 1812 IVKal.

125 1861 253 1919 tensam
263 1860 297 1919 et
305 1872 384 1918 suos
395 1856 586 1932 conjudices
596 1870 696 1932 super
705 1855 777 1931 ipso
785 1853 917 1929 negotio
971 1847 1134 1918 novemb,
1150 1847 1363 1924 pontificatus
1378 1848 1484 1911 nostri
1498 1863 1589 1911 anno
1602 1849 1717 1911 tertio.

125 1954 334 2015 obtentarum
343 1953 554 2029 :quaomnia
565 1952 671 2013 dictus
679 1950 876 2029 praepositus
886 1950 919 2011 et

125 2067 204 2128 pars
214 2054 288 2127 eJus
300 2049 446 2126 legitime
461 2048 602 2127 probare
613 2048 778 2111 volebant.
795 2049 917 2110 uerum
1293 2006 1441 2093 ΧΧΧΠ

123 2149 201 2226 quia
212 2149 407 2210 executores
417 2148 481 2224 ipsi
492 2147 702 2224 exceptiones
711 2147 745 2207 et
755 2144 919 2222 probatio·
970 2142 1022 2201 Ad
1047 2141 1252 2216 apocopam,
1279 2143 1446 2202 damnum
1473 2141 1508 2202 et
1534 2141 1755 2204 mcbdccaaan

124 2262 184 2308 nes
204 2262 320 2308 eorum
337 2246 503 2322 legitimas
518 2245 692 2306 admittere
710 2242 918 2319 denegabant
1230 2240 1507 2300 aurelianenses.

120 2343 482 2405 nostramaudientiam
495 2341 755 2420 appellaverunt.
764 2344 806 2403 At
815 2340 916 2402 iidem
1246 2349 1283 2406 ao
1296 2349 1390 2408 aaran,
1409 2351 1487 2409 1213,

119 2443 330 2512 executores,
354 2440 500 2516 legitima
524 2439 671 2516 ipsorum
694 2437 916 2514 appellatione
1008 2449 1128 2512 pnigea,
1141 2445 1376 2511 ttatttmptstat.
1388 2447 1446 2497 tta.
1458 2448 1730 2514 honoraturum]

120 2535 917 2613 contemptaexcommunicationisineosseuten·
969 2549 1006 2606 [ιι
1022 2544 1097 2620 quoa
1111 2559 1197 2618 super
1211 2543 1362 2617 praebenda
1376 2552 1406 2603 et
1423 2544 1660 2605 archidamum
1677 2547 1755 2605 Seno·

120 2636 200 2696 tiam
211 2633 519 2710 promulgaverunt,
529 2632 614 2694 alias
627 2632 716 2708 ipsos
729 2630 916 2708 multiplici·
1004 2649 1071 2692 nen.
1096 2633 1303 2692 sententialiter
1317 2649 1333 2690 a
1347 2633 1420 2691 Sede
1434 2634 1600 2707 apostolica
1619 2634 1674 2694 tuit
1693 2634 1755 2693 dih·

118 2732 170 2793 ter
179 2731 411 2807 aggravantes.
424 2730 585 2802 Quocirca
595 2728 915 2790 discretionivestrae
1003 2724 1105 2790 nitunt,
1119 2722 1264 2779 obmrvari
1280 2720 1395 2779 iaciant.

119 2828 512 2907 perepostoticascripta
523 2825 913 2904 mandamus,quatenus‚
1008 2830 1186 2898 Honorius,
1200 2830 1452 2908 eto.,episcopo‚
1461 2831 1495 2892 et
1506 2829 1637 2893 dilectis
1648 2830 1752 2892 illim..

119 2926 150 2987 si
161 2926 254 2988 vobis
269 2925 455 2987 constiterit
473 2924 514 2985 de
530 2923 723 3002 praemissis,
741 2939 760 2984 a
777 2923 915 3000 prefato
969 2926 1106 2999 decano,
1121 2927 1190 2988 et...
1207 2926 1394 2987 subdecano
1409 2927 1639 3000 aurelianen,
1657 2930 1717 2990 etc.

119 3024 296 3103 praeposito
322 3024 355 3086 et
369 3022 469 3085 sociis
484 3023 554 3082 suis
567 3021 746 3083 sufficienti
761 3021 915 3082 cautione
1001 3027 1088 3085 tium
1112 3040 1212 3101 super
1235 3023 1423 3100 praebenda,
1438 3026 1470 3086 et
1491 3024 1754 3088 archidiaconatu

117 3121 262 3199 recepta,
276 3120 361 3198 quod
375 3136 477 3197 super
491 3119 533 3181 iis
553 3134 613 3196 pro
637 3118 757 3196 quibus
780 3134 916 3180 excom·
969 3124 1133 3184 Senoneu.
1157 3121 1306 3183 ecclesiae
1326 3121 1458 3183 diversa
1473 3124 1506 3183 et
1524 3122 1668 3184 adversa
1686 3123 1753 3185 olim

116 3218 277 3280 manicati
305 3217 408 3281 luisse
433 3217 617 3279 noscuntur
636 3217 706 3295 juri
735 3216 912 3293 parebant,
967 3219 1110 3282 fuissent
1123 3219 1290 3296 proposita
1302 3235 1413 3280 coram
1425 3219 1531 3292 nobis,
1546 3224 1583 3282 P.
1597 3223 1751 3283 senonen.

117 3314 672 3393 eisdemjuxtalormamEcclesiae
693 3313 914 3376 absolutionis
968 3317 1127 3378 canonico
1136 3315 1558 3393 procuratorevenerabilis
1568 3317 1683 3379 fratris
1691 3333 1752 3380 nos

115 3413 314 3491 impendatis
337 3411 537 3474 beneficium
552 3410 593 3473 ad
615 3411 789 3483 cautelam,
807 3412 850 3483 et,
874 3409 915 3472 de
966 3414 1011 3476 tri
1014 3458 1075 3475 .....
1116 3415 1279 3475 Senouen.
1309 3414 1553 3491 archiepiscopi
1581 3417 1749 3485 asserente,

114 3510 348 3588 appellationis
363 3524 465 3571 causa
482 3508 635 3584 legitime
662 3508 911 3584 cognoscentes,
967 3511 1053 3590 quod
1069 3511 1211 3573 dilectus
1226 3511 1314 3572 tilius
1327 3514 1357 3574 J.
1375 3514 1539 3573 senonen.
1554 3513 1751 3577 archidiaco-

116 3607 278 3669 sidictam
291 3605 646 3669 excommunicationis
659 3605 916 3667 sententiamiri-
967 3625 1030 3670 nus
1055 3608 1134 3670 olim
1158 3609 1341 3685 resignavit
1362 3611 1549 3686 utrumque,
1576 3627 1614 3673 se
1634 3611 1670 3673 in
1690 3611 1748 3689 ipsa

116 3705 277 3767 veneritis
288 3703 627 3783 postappellationem
642 3701 684 3763 ad
694 3718 756 3764 uos
767 3703 915 3778 legitime
966 3706 1191 3783 resignatione
1203 3709 1279 3767 voto
1293 3706 1346 3767 vel
1355 3708 1545 3782 juramento
1560 3709 1746 3785 astringens,

116 3802 346 3878 interpositam
359 3816 432 3862 esse
447 3801 560 3871 latam,
573 3801 728 3862 revocato
736 3800 771 3860 in
780 3799 914 3861 irritum
968 3804 1105 3881 qnodea
1117 3803 1289 3866 decaetero
1304 3802 1376 3864 sine
1392 3803 1642 3880 dispensatione
1654 3809 1748 3883 apos-

116 3897 275 3976 quidquid
290 3899 364 3976 post
375 3896 632 3974 appellationem
649 3897 758 3974 ipsam
772 3896 916 3958 invene·
966 3901 1067 3963 tolica
1083 3917 1150 3964 non
1163 3901 1337 3979 reciperet,
1350 3898 1402 3961 vel
1415 3901 1553 3971 teneret,
1568 3902 1644 3979 ipso
1655 3906 1752 3966 auton

116 3996 190 4059 ritis
205 4010 378 4074 perperam
392 3995 600 4069 attentatum,
621 3994 800 4072 inquiratis
814 4010 915 4072 super
967 3999 1217 4070 archidiacono,
1234 3997 1319 4075 quod
1334 3997 1375 4059 de
1390 4000 1479 4067 voto,
1501 3999 1555 4061 vel
1572 3999 1756 4077 juramento

115 4109 275 4172 processu
301 4093 403 4155 totius
429 4092 553 4169 negotii
577 4092 770 4169 diligentius
784 4091 913 4155 verita-
968 4096 1177 4174 praemissum
1189 4098 1240 4157 est
1249 4096 1441 4157 insinuante
1453 4096 1602 4168 omnino,
1614 4114 1656 4160 ac
1667 4099 1761 4161 etan

115 4194 193 4264 tem,
223 4193 257 4253 et
277 4206 413 4252 causam
436 4188 643 4251 sufficienter
662 4189 858 4251 instructam
872 4188 914 4251 ad
968 4195 1153 4255 affirmante
1168 4193 1255 4271 quod
1266 4208 1383 4253 revera
1394 4192 1596 4269 prebendam
1612 4195 1720 4273 ipsam
1734 4183 1775 4248 el

116 4290 263 4352 nostram
276 4287 488 4364 praesentiam
502 4286 690 4358 remittatis,
704 4285 914 4362 praefigentes
968 4290 1276 4352 archidiaconatum
1298 4288 1495 4366 simpliciter
1518 4291 1718 4367 resignavit,
1742 4276 1782 4341 0²

115 4384 265 4465 partibus
275 4384 453 4447 terminum
468 4385 706 4461 competentem
722 4399 786 4460 quo
801 4384 914 4445 nostro
968 4387 1174 4466 postmodum
1190 4403 1249 4464 per
1263 4387 1413 4448 eumdem
1424 4387 1717 4468 archiepiscopum
1727 4379 1789 4448 dl

117 4502 154 4546 se
164 4482 355 4560 conspectui
364 4482 612 4559 repraesentent,
621 4481 707 4558 quod
718 4480 914 4543 canonicum
969 4488 1109 4562 utroque
1131 4484 1193 4546 luit
1211 4486 1246 4545 in
1268 4487 1433 4545 Senoneu.
1459 4485 1607 4561 capitulo
1626 4470 1797 4551 investi·

116 4581 227 4654 fuerit,
239 4583 375 4643 auctore
385 4578 537 4650 Domino,
555 4578 738 4654 recepturae
749 4594 756 4638 :
766 4577 914 4654 alioquin
968 4587 1036 4656 tus;
1053 4583 1131 4659 quia
1144 4598 1243 4658 super
1264 4582 1317 4642 his
1332 4581 1428 4642 nobis
1441 4598 1508 4644 nou
1523 4585 1657 4659 poterat
1672 4576 1798 4663 picot

118 4682 228 4757 partes
243 4679 284 4743 ad
295 4676 510 4756 praefatorum
526 4677 559 4737 S.
576 4675 720 4737 Victoris
739 4674 868 4736 abbatis
883 4679 916 4738 et
969 4682 1131 4751 constare,
1157 4697 1216 4756 per
1241 4680 1379 4740 dilectos
1401 4678 1488 4740 tilios
1503 4678 1658 4743 abbatem
1676 4679 1798 4745 Prass

119 4779 319 4854 collegarum
335 4791 471 4837 suorum
483 4773 723 4835 parisiensium
738 4773 915 4835 remittatis
968 4780 1182 4839 monstraten.
1211 4779 1244 4838 et
1326 4775 1599 4838 archidiaconum
1626 4774 1798 4843 Remess

119 4889 271 4934 examen.
286 4874 405 4936 Datum
414 4871 570 4933 Laterani
580 4869 699 4933 Vlhal.
713 4870 913 4943 novembris,
968 4875 1140 4937 veritatem
1155 4875 1293 4935 lecimus
1306 4872 1441 4951 inquiri.
1458 4875 1674 4939 Postmodum
1687 4876 1798 4942 ret‘*

120 4970 331 5048 pontificatus
345 4968 451 5035 nostri
464 4984 552 5031 auno
565 4969 676 5030 tertio.
968 4971 1155 5035 constitutis
1170 4971 1395 5049 inpraesentia
1413 4973 1527 5033 nostra
1539 4973 1584 5034 M.
1601 4982 1798 5051 procurffi‘

454 5092 579 5180 XXXI
967 5071 1040 5131 tore
1059 5069 1312 5146 archiepiscopi,
1336 5071 1369 5130 et
1386 5071 1416 5130 J.
1433 5069 1674 5136 archidiacono
1697 5082 1798 5157 mes

967 5170 1107 5237 morato,
1122 5168 1198 5244 quia
1215 5167 1392 5244 peripsam
1412 5165 1664 5244 inquisitionem
1680 5158 1798 5236 nih1‘1

968 5264 1156 5326 invenimus
1170 5268 1284 5326 contra
1299 5264 1472 5341 praelatum
1487 5265 1798 5333 archidiaconusfl

161 5412 300 5479 mamm,
312 5411 405 5463 lnam.
417 5409 553 5461 mm·
565 5409 598 5459 aa
609 5421 706 5458 annum
716 5408 787 5467 me,
799 5407 873 5472 m]
968 5362 1169 5424 sufficienter
1183 5360 1451 5438 esseprobatum,
1463 5363 1496 5424 et
1508 5362 1548 5424 do
1562 5363 1781 5431 maceratura

117 5495 152 5552 Ei
171 5492 288 5552 mandat
308 5499 340 5550 ut
361 5489 552 5552 corinthiensi
575 5488 793 5562 archiepiscopo
816 5485 914 5545 utendi
968 5459 1125 5539 1³¹'aedicta
1136 5459 1231 5521 ¹¹⁰¹)ss
1246 5458 1393 5522 ⁰0¹¹Stiffl
1405 5458 1578 5522 evidentffl'
1590 5477 1683 5542 s“ill“
1698 5467 1774 5527 ὥθ’

318 5571 404 5646 pallio
417 5570 523 5627 tribuat
538 5567 712 5631 facultatem.
967 5559 1036 5620 tum
1055 5557 1327 5618 archidiaconum
1342 5554 1548 5638 [accepisse],
1563 5558 1606 5621 de
1617 5563 1762 5624 consilio

161 5667 240 5729 Cum
256 5665 289 5728 in
303 5660 453 5739 generali
466 5658 614 5723 Concilio
628 5659 765 5738 provida
777 5657 821 5718 sit
833 5656 915 5717 deli·
968 5654 1107 5719 fratrum
1141 5658 1332 5717 nostrorum
1366 5653 1475 5721 eidem
1508 5655 1758 5739 archiepiscopo

139 5224 191 5284 Ad
210 5218 623 5293 constantinopolitanam
640 5217 892 5292 patriarcham.

398 5323 434 5380 29
445 5320 538 5380 octob.
555 5321 633 5379 l2l8.
