<?xml version="1.0" encoding="UTF-8"?>
<!DOCTYPE html PUBLIC "-//W3C//DTD XHTML 1.0 Transitional//EN"
    "http://www.w3.org/TR/xhtml1/DTD/xhtml1-transitional.dtd">
<html xmlns="http://www.w3.org/1999/xhtml" xml:lang="en" lang="en">
 <head>
  <title>
</title>
<meta http-equiv="Content-Type" content="text/html;charset=utf-8" />
  <meta name='ocr-system' content='tesseract 3.04.00' />
  <meta name='ocr-capabilities' content='ocr_page ocr_carea ocr_par ocr_line ocrx_word'/>
</head>
<body>
  <div class='ocr_page' id='page_1' title='image "./mediiaevibiblio00horogoog_0436.png"; bbox 0 0 3774 6186; ppageno 0'>
   <div class='ocr_carea' id='block_1_1' title="bbox 59 336 117 396">
    <p class='ocr_par' dir='ltr' id='par_1_1' title="bbox 59 336 117 396">
     <span class='ocr_line' id='line_1_1' title="bbox 59 336 117 396; baseline 0 0"><span class='ocrx_word' id='word_1_1' title='bbox 59 336 117 396; x_wconf 74' lang='lat'>841</span> 
     </span>
    </p>
   </div>
   <div class='ocr_carea' id='block_1_2' title="bbox 57 489 862 5721">
    <p class='ocr_par' dir='ltr' id='par_1_2' title="bbox 57 489 856 1932">
     <span class='ocr_line' id='line_1_2' title="bbox 58 489 850 571; baseline -0.005 -13"><span class='ocrx_word' id='word_1_2' title='bbox 58 494 130 567; x_wconf 89' lang='lat' dir='ltr'>Dei,</span> <span class='ocrx_word' id='word_1_3' title='bbox 140 492 323 557; x_wconf 84' lang='lat' dir='ltr'>venerabili</span> <span class='ocrx_word' id='word_1_4' title='bbox 339 493 434 556; x_wconf 85' lang='lat' dir='ltr'>tratri</span> <span class='ocrx_word' id='word_1_5' title='bbox 449 494 483 555; x_wconf 83' lang='lat' dir='ltr'>C.</span> <span class='ocrx_word' id='word_1_6' title='bbox 496 489 650 571; x_wconf 86' lang='lat' dir='ltr'>episcopo</span> <span class='ocrx_word' id='word_1_7' title='bbox 663 493 850 566; x_wconf 88' lang='lat' dir='ltr'>Portuensi,</span> 
     </span>
     <span class='ocr_line' id='line_1_3' title="bbox 57 590 854 669; baseline -0.006 -13"><span class='ocrx_word' id='word_1_8' title='bbox 57 592 257 669; x_wconf 79' lang='lat' dir='ltr'>Apostolicae</span> <span class='ocrx_word' id='word_1_9' title='bbox 272 590 365 652; x_wconf 88' lang='lat' dir='ltr'>Sedis</span> <span class='ocrx_word' id='word_1_10' title='bbox 380 590 501 666; x_wconf 90' lang='lat' dir='ltr'>legato,</span> <span class='ocrx_word' id='word_1_11' title='bbox 519 591 659 651; x_wconf 90' lang='lat' dir='ltr'>salutem</span> <span class='ocrx_word' id='word_1_12' title='bbox 675 592 708 653; x_wconf 92' lang='lat' dir='ltr'>et</span> <span class='ocrx_word' id='word_1_13' title='bbox 720 592 854 667; x_wconf 90' lang='lat' dir='ltr'>aposto-</span> 
     </span>
     <span class='ocr_line' id='line_1_4' title="bbox 58 687 852 762; baseline -0.004 -11"><span class='ocrx_word' id='word_1_14' title='bbox 58 690 158 751; x_wconf 87' lang='lat' dir='ltr'>licam</span> <span class='ocrx_word' id='word_1_15' title='bbox 180 688 455 750; x_wconf 77' lang='lat' dir='ltr'>benedictionem.</span> <span class='ocrx_word' id='word_1_16' title='bbox 481 690 561 747; x_wconf 85' lang='lat' dir='ltr'>Cum</span> <span class='ocrx_word' id='word_1_17' title='bbox 586 687 619 747; x_wconf 93' lang='lat' dir='ltr'>in</span> <span class='ocrx_word' id='word_1_18' title='bbox 644 689 734 748; x_wconf 90' lang='lat' dir='ltr'>terra</span> <span class='ocrx_word' id='word_1_19' title='bbox 756 688 852 762; x_wconf 87' lang='lat' dir='ltr'>lega-</span> 
     </span>
     <span class='ocr_line' id='line_1_5' title="bbox 58 784 852 859; baseline -0.006 -11"><span class='ocrx_word' id='word_1_20' title='bbox 58 788 161 849; x_wconf 81' lang='lat' dir='ltr'>tionis</span> <span class='ocrx_word' id='word_1_21' title='bbox 174 787 239 847; x_wconf 90' lang='lat' dir='ltr'>tuae</span> <span class='ocrx_word' id='word_1_22' title='bbox 253 786 347 847; x_wconf 93' lang='lat' dir='ltr'>multi</span> <span class='ocrx_word' id='word_1_23' title='bbox 359 787 426 846; x_wconf 90' lang='lat' dir='ltr'>sint</span> <span class='ocrx_word' id='word_1_24' title='bbox 437 785 508 846; x_wconf 92' lang='lat' dir='ltr'>solo</span> <span class='ocrx_word' id='word_1_25' title='bbox 522 786 656 846; x_wconf 91' lang='lat' dir='ltr'>nomine</span> <span class='ocrx_word' id='word_1_26' title='bbox 668 784 852 859; x_wconf 83' lang='lat' dir='ltr'>regulares,</span> 
     </span>
     <span class='ocr_line' id='line_1_6' title="bbox 59 882 853 962; baseline -0.004 -17"><span class='ocrx_word' id='word_1_27' title='bbox 59 901 119 962; x_wconf 92' lang='lat' dir='ltr'>per</span> <span class='ocrx_word' id='word_1_28' title='bbox 151 899 290 962; x_wconf 89' lang='lat' dir='ltr'>quorum</span> <span class='ocrx_word' id='word_1_29' title='bbox 324 883 587 960; x_wconf 84' lang='lat' dir='ltr'>perversitatem,</span> <span class='ocrx_word' id='word_1_30' title='bbox 622 882 783 949; x_wconf 87' lang='lat' dir='ltr'>ecclesiae,</span> <span class='ocrx_word' id='word_1_31' title='bbox 819 882 853 942; x_wconf 95' lang='lat' dir='ltr'>in</span> 
     </span>
     <span class='ocr_line' id='line_1_7' title="bbox 59 978 855 1059; baseline -0.001 -17"><span class='ocrx_word' id='word_1_32' title='bbox 59 981 179 1059; x_wconf 90' lang='lat' dir='ltr'>quibus</span> <span class='ocrx_word' id='word_1_33' title='bbox 201 980 397 1051; x_wconf 87' lang='lat' dir='ltr'>consistunt,</span> <span class='ocrx_word' id='word_1_34' title='bbox 422 978 491 1040; x_wconf 83' lang='lat' dir='ltr'>fere</span> <span class='ocrx_word' id='word_1_35' title='bbox 511 980 545 1039; x_wconf 93' lang='lat' dir='ltr'>in</span> <span class='ocrx_word' id='word_1_36' title='bbox 572 979 802 1057; x_wconf 82' lang='lat' dir='ltr'>spiritualibus</span> <span class='ocrx_word' id='word_1_37' title='bbox 822 981 855 1041; x_wconf 94' lang='lat' dir='ltr'>et</span> 
     </span>
     <span class='ocr_line' id='line_1_8' title="bbox 57 1077 854 1155; baseline -0.008 -13"><span class='ocrx_word' id='word_1_38' title='bbox 57 1078 296 1155; x_wconf 79' lang='lat' dir='ltr'>temporalibus</span> <span class='ocrx_word' id='word_1_39' title='bbox 316 1079 383 1138; x_wconf 92' lang='lat' dir='ltr'>sint</span> <span class='ocrx_word' id='word_1_40' title='bbox 404 1077 571 1153; x_wconf 76' lang='lat' dir='ltr'>collapsae,</span> <span class='ocrx_word' id='word_1_41' title='bbox 593 1077 778 1138; x_wconf 89' lang='lat' dir='ltr'>collocandi</span> <span class='ocrx_word' id='word_1_42' title='bbox 797 1093 854 1138; x_wconf 91' lang='lat' dir='ltr'>eos</span> 
     </span>
     <span class='ocr_line' id='line_1_9' title="bbox 57 1174 851 1251; baseline -0.004 -14"><span class='ocrx_word' id='word_1_43' title='bbox 57 1177 94 1237; x_wconf 95' lang='lat' dir='ltr'>in</span> <span class='ocrx_word' id='word_1_44' title='bbox 109 1177 186 1237; x_wconf 90' lang='lat' dir='ltr'>aliis</span> <span class='ocrx_word' id='word_1_45' title='bbox 201 1175 283 1236; x_wconf 91' lang='lat' dir='ltr'>locis</span> <span class='ocrx_word' id='word_1_46' title='bbox 305 1175 345 1235; x_wconf 93' lang='lat' dir='ltr'>ad</span> <span class='ocrx_word' id='word_1_47' title='bbox 366 1175 594 1250; x_wconf 89' lang='lat' dir='ltr'>poenitentiam</span> <span class='ocrx_word' id='word_1_48' title='bbox 618 1174 851 1251; x_wconf 86' lang='lat' dir='ltr'>peragendam,</span> 
     </span>
     <span class='ocr_line' id='line_1_10' title="bbox 58 1271 854 1348; baseline -0.005 -13"><span class='ocrx_word' id='word_1_49' title='bbox 58 1290 99 1335; x_wconf 93' lang='lat' dir='ltr'>ac</span> <span class='ocrx_word' id='word_1_50' title='bbox 114 1272 290 1334; x_wconf 92' lang='lat' dir='ltr'>ordinandi</span> <span class='ocrx_word' id='word_1_51' title='bbox 306 1272 438 1332; x_wconf 90' lang='lat' dir='ltr'>easdem</span> <span class='ocrx_word' id='word_1_52' title='bbox 459 1271 619 1332; x_wconf 89' lang='lat' dir='ltr'>ecclesias</span> <span class='ocrx_word' id='word_1_53' title='bbox 639 1272 680 1331; x_wconf 90' lang='lat' dir='ltr'>de</span> <span class='ocrx_word' id='word_1_54' title='bbox 702 1272 854 1348; x_wconf 86' lang='lat' dir='ltr'>personis</span> 
     </span>
     <span class='ocr_line' id='line_1_11' title="bbox 57 1368 854 1447; baseline -0.003 -15"><span class='ocrx_word' id='word_1_55' title='bbox 57 1369 280 1447; x_wconf 81' lang='lat' dir='ltr'>regularibus,</span> <span class='ocrx_word' id='word_1_56' title='bbox 308 1384 367 1430; x_wconf 89' lang='lat' dir='ltr'>seu</span> <span class='ocrx_word' id='word_1_57' title='bbox 391 1370 491 1430; x_wconf 90' lang='lat' dir='ltr'>etiam</span> <span class='ocrx_word' id='word_1_58' title='bbox 514 1368 731 1440; x_wconf 90' lang='lat' dir='ltr'>secularibus,</span> <span class='ocrx_word' id='word_1_59' title='bbox 758 1370 854 1445; x_wconf 91' lang='lat' dir='ltr'>prout</span> 
     </span>
     <span class='ocr_line' id='line_1_12' title="bbox 58 1465 855 1545; baseline 0.001 -22"><span class='ocrx_word' id='word_1_60' title='bbox 58 1467 207 1545; x_wconf 82' lang='lat' dir='ltr'>pensatis</span> <span class='ocrx_word' id='word_1_61' title='bbox 223 1467 372 1527; x_wconf 91' lang='lat' dir='ltr'>locorum</span> <span class='ocrx_word' id='word_1_62' title='bbox 387 1466 421 1526; x_wconf 92' lang='lat' dir='ltr'>et</span> <span class='ocrx_word' id='word_1_63' title='bbox 435 1468 618 1542; x_wconf 90' lang='lat' dir='ltr'>temporum</span> <span class='ocrx_word' id='word_1_64' title='bbox 634 1465 855 1526; x_wconf 90' lang='lat' dir='ltr'>circumstan-</span> 
     </span>
     <span class='ocr_line' id='line_1_13' title="bbox 58 1562 855 1639; baseline -0.004 -13"><span class='ocrx_word' id='word_1_65' title='bbox 58 1565 116 1626; x_wconf 84' lang='lat' dir='ltr'>tiis</span> <span class='ocrx_word' id='word_1_66' title='bbox 139 1563 263 1625; x_wconf 84' lang='lat' dir='ltr'>rideris</span> <span class='ocrx_word' id='word_1_67' title='bbox 287 1563 455 1639; x_wconf 81' lang='lat' dir='ltr'>expedire,</span> <span class='ocrx_word' id='word_1_68' title='bbox 486 1562 625 1623; x_wconf 88' lang='lat' dir='ltr'>liberam</span> <span class='ocrx_word' id='word_1_69' title='bbox 650 1562 710 1623; x_wconf 91' lang='lat' dir='ltr'>tibi</span> <span class='ocrx_word' id='word_1_70' title='bbox 735 1578 855 1623; x_wconf 90' lang='lat' dir='ltr'>conce-</span> 
     </span>
     <span class='ocr_line' id='line_1_14' title="bbox 59 1660 851 1747; baseline -0.004 -25"><span class='ocrx_word' id='word_1_71' title='bbox 59 1662 168 1722; x_wconf 90' lang='lat' dir='ltr'>dimus</span> <span class='ocrx_word' id='word_1_72' title='bbox 188 1660 385 1747; x_wconf 89' lang='lat' dir='ltr'>auctoritate</span> <span class='ocrx_word' id='word_1_73' title='bbox 411 1660 624 1736; x_wconf 91' lang='lat' dir='ltr'>praesentium</span> <span class='ocrx_word' id='word_1_74' title='bbox 647 1660 851 1736; x_wconf 88' lang='lat' dir='ltr'>potestatem.</span> 
     </span>
     <span class='ocr_line' id='line_1_15' title="bbox 58 1757 856 1834; baseline -0.004 -14"><span class='ocrx_word' id='word_1_75' title='bbox 58 1760 177 1820; x_wconf 88' lang='lat' dir='ltr'>Datum</span> <span class='ocrx_word' id='word_1_76' title='bbox 198 1757 349 1829; x_wconf 91' lang='lat' dir='ltr'>Viterbii,</span> <span class='ocrx_word' id='word_1_77' title='bbox 373 1757 482 1818; x_wconf 89' lang='lat' dir='ltr'>idibus</span> <span class='ocrx_word' id='word_1_78' title='bbox 504 1757 699 1830; x_wconf 85' lang='lat' dir='ltr'>decembris,</span> <span class='ocrx_word' id='word_1_79' title='bbox 720 1757 856 1834; x_wconf 88' lang='lat' dir='ltr'>pontill-</span> 
     </span>
     <span class='ocr_line' id='line_1_16' title="bbox 58 1855 552 1932; baseline -0.008 -14"><span class='ocrx_word' id='word_1_80' title='bbox 58 1859 153 1919; x_wconf 88' lang='lat' dir='ltr'>catus</span> <span class='ocrx_word' id='word_1_81' title='bbox 167 1856 272 1917; x_wconf 90' lang='lat' dir='ltr'>nostri</span> <span class='ocrx_word' id='word_1_82' title='bbox 288 1871 376 1916; x_wconf 93' lang='lat' dir='ltr'>anno</span> <span class='ocrx_word' id='word_1_83' title='bbox 391 1855 516 1932; x_wconf 92' lang='lat' dir='ltr'>quinto.</span> <span class='ocrx_word' id='word_1_84' title='bbox 534 1872 552 1914; x_wconf 69' lang='lat' dir='ltr'>a</span> 
     </span>
    </p>

    <p class='ocr_par' dir='ltr' id='par_1_3' title="bbox 58 1951 862 5721">
     <span class='ocr_line' id='line_1_17' title="bbox 98 1951 853 2026; baseline -0.003 -12"><span class='ocrx_word' id='word_1_85' title='bbox 98 1953 147 2014; x_wconf 89' lang='lat' dir='ltr'>Ad</span> <span class='ocrx_word' id='word_1_86' title='bbox 175 1952 327 2013; x_wconf 91' lang='lat' dir='ltr'>decorem</span> <span class='ocrx_word' id='word_1_87' title='bbox 353 1951 455 2026; x_wconf 91' lang='lat' dir='ltr'>igitur</span> <span class='ocrx_word' id='word_1_88' title='bbox 487 1951 602 2012; x_wconf 87' lang='lat' dir='ltr'>domus</span> <span class='ocrx_word' id='word_1_89' title='bbox 629 1951 759 2012; x_wconf 88' lang='lat' dir='ltr'>Domini</span> <span class='ocrx_word' id='word_1_90' title='bbox 790 1965 853 2012; x_wconf 87' lang='lat' dir='ltr'>vo-</span> 
     </span>
     <span class='ocr_line' id='line_1_18' title="bbox 59 2048 856 2126; baseline -0.006 -14"><span class='ocrx_word' id='word_1_91' title='bbox 59 2050 165 2112; x_wconf 87' lang='lat' dir='ltr'>lentes</span> <span class='ocrx_word' id='word_1_92' title='bbox 187 2048 399 2126; x_wconf 87' lang='lat' dir='ltr'>promodulo</span> <span class='ocrx_word' id='word_1_93' title='bbox 425 2048 537 2108; x_wconf 91' lang='lat' dir='ltr'>nostro</span> <span class='ocrx_word' id='word_1_94' title='bbox 560 2048 739 2124; x_wconf 89' lang='lat' dir='ltr'>plantanda</span> <span class='ocrx_word' id='word_1_95' title='bbox 758 2048 856 2124; x_wconf 90' lang='lat' dir='ltr'>plan-</span> 
     </span>
     <span class='ocr_line' id='line_1_19' title="bbox 58 2145 854 2222; baseline -0.004 -14"><span class='ocrx_word' id='word_1_96' title='bbox 58 2149 143 2219; x_wconf 90' lang='lat' dir='ltr'>tare,</span> <span class='ocrx_word' id='word_1_97' title='bbox 162 2148 196 2208; x_wconf 93' lang='lat' dir='ltr'>et</span> <span class='ocrx_word' id='word_1_98' title='bbox 215 2145 396 2206; x_wconf 88' lang='lat' dir='ltr'>secuudum</span> <span class='ocrx_word' id='word_1_99' title='bbox 412 2146 606 2220; x_wconf 90' lang='lat' dir='ltr'>potestatem</span> <span class='ocrx_word' id='word_1_100' title='bbox 627 2145 854 2222; x_wconf 91' lang='lat' dir='ltr'>praescriptam</span> 
     </span>
     <span class='ocr_line' id='line_1_20' title="bbox 58 2241 853 2320; baseline -0.004 -15"><span class='ocrx_word' id='word_1_101' title='bbox 58 2243 257 2320; x_wconf 82' lang='lat' dir='ltr'>extirpanda</span> <span class='ocrx_word' id='word_1_102' title='bbox 278 2243 462 2318; x_wconf 81' lang='lat' dir='ltr'>extirpare;</span> <span class='ocrx_word' id='word_1_103' title='bbox 487 2241 692 2303; x_wconf 87' lang='lat' dir='ltr'>attendentes</span> <span class='ocrx_word' id='word_1_104' title='bbox 716 2259 853 2302; x_wconf 90' lang='lat' dir='ltr'>monas-</span> 
     </span>
     <span class='ocr_line' id='line_1_21' title="bbox 58 2339 854 2410; baseline -0.006 -7"><span class='ocrx_word' id='word_1_105' title='bbox 58 2342 179 2403; x_wconf 90' lang='lat' dir='ltr'>terium</span> <span class='ocrx_word' id='word_1_106' title='bbox 192 2340 304 2402; x_wconf 89' lang='lat' dir='ltr'>Sancti</span> <span class='ocrx_word' id='word_1_107' title='bbox 315 2339 465 2400; x_wconf 84' lang='lat' dir='ltr'>Gervasii</span> <span class='ocrx_word' id='word_1_108' title='bbox 477 2339 516 2399; x_wconf 92' lang='lat' dir='ltr'>de</span> <span class='ocrx_word' id='word_1_109' title='bbox 527 2341 641 2410; x_wconf 87' lang='lat' dir='ltr'>Fossa,</span> <span class='ocrx_word' id='word_1_110' title='bbox 650 2339 854 2400; x_wconf 84' lang='lat' dir='ltr'>Arelatensis</span> 
     </span>
     <span class='ocr_line' id='line_1_22' title="bbox 58 2435 853 2512; baseline -0.005 -13"><span class='ocrx_word' id='word_1_111' title='bbox 58 2435 853 2512; x_wconf 84' lang='lat' dir='ltr'>dioeccsis,obculpamabbatis,etm0naclrcrum</span> 
     </span>
     <span class='ocr_line' id='line_1_23' title="bbox 59 2533 856 2613; baseline -0.004 -18"><span class='ocrx_word' id='word_1_112' title='bbox 59 2536 225 2613; x_wconf 92' lang='lat' dir='ltr'>quondam</span> <span class='ocrx_word' id='word_1_113' title='bbox 247 2533 326 2595; x_wconf 91' lang='lat' dir='ltr'>dicti</span> <span class='ocrx_word' id='word_1_114' title='bbox 350 2533 543 2595; x_wconf 87' lang='lat' dir='ltr'>monasterii</span> <span class='ocrx_word' id='word_1_115' title='bbox 566 2533 612 2594; x_wconf 90' lang='lat' dir='ltr'>ita</span> <span class='ocrx_word' id='word_1_116' title='bbox 636 2548 709 2593; x_wconf 91' lang='lat' dir='ltr'>esse</span> <span class='ocrx_word' id='word_1_117' title='bbox 730 2533 856 2610; x_wconf 91' lang='lat' dir='ltr'>collap-</span> 
     </span>
     <span class='ocr_line' id='line_1_24' title="bbox 59 2630 855 2709; baseline -0.005 -15"><span class='ocrx_word' id='word_1_118' title='bbox 59 2650 144 2704; x_wconf 88' lang='lat' dir='ltr'>sum,</span> <span class='ocrx_word' id='word_1_119' title='bbox 167 2633 252 2709; x_wconf 87' lang='lat' dir='ltr'>quod</span> <span class='ocrx_word' id='word_1_120' title='bbox 272 2632 330 2692; x_wconf 82' lang='lat' dir='ltr'>vix</span> <span class='ocrx_word' id='word_1_121' title='bbox 348 2630 482 2708; x_wconf 81' lang='lat' dir='ltr'>adJiciet</span> <span class='ocrx_word' id='word_1_122' title='bbox 500 2632 537 2692; x_wconf 95' lang='lat' dir='ltr'>ut</span> <span class='ocrx_word' id='word_1_123' title='bbox 555 2631 723 2706; x_wconf 80' lang='lat' dir='ltr'>resurgat3</span> <span class='ocrx_word' id='word_1_124' title='bbox 741 2631 855 2691; x_wconf 89' lang='lat' dir='ltr'>consi-</span> 
     </span>
     <span class='ocr_line' id='line_1_25' title="bbox 59 2728 856 2806; baseline -0.005 -14"><span class='ocrx_word' id='word_1_125' title='bbox 59 2731 215 2792; x_wconf 89' lang='lat' dir='ltr'>derantes</span> <span class='ocrx_word' id='word_1_126' title='bbox 228 2730 327 2791; x_wconf 92' lang='lat' dir='ltr'>etiam</span> <span class='ocrx_word' id='word_1_127' title='bbox 338 2729 517 2804; x_wconf 81' lang='lat' dir='ltr'>diligenter</span> <span class='ocrx_word' id='word_1_128' title='bbox 529 2728 614 2806; x_wconf 92' lang='lat' dir='ltr'>quod</span> <span class='ocrx_word' id='word_1_129' title='bbox 627 2729 684 2789; x_wconf 80' lang='lat' dir='ltr'>vix</span> <span class='ocrx_word' id='word_1_130' title='bbox 695 2729 750 2790; x_wconf 80' lang='lat' dir='ltr'>vel</span> <span class='ocrx_word' id='word_1_131' title='bbox 768 2745 856 2789; x_wconf 89' lang='lat' dir='ltr'>nun·</span> 
     </span>
     <span class='ocr_line' id='line_1_26' title="bbox 59 2825 857 2906; baseline -0.001 -17"><span class='ocrx_word' id='word_1_132' title='bbox 59 2844 159 2906; x_wconf 93' lang='lat' dir='ltr'>quam</span> <span class='ocrx_word' id='word_1_133' title='bbox 187 2843 246 2904; x_wconf 91' lang='lat' dir='ltr'>per</span> <span class='ocrx_word' id='word_1_134' title='bbox 271 2827 362 2888; x_wconf 75' lang='lat' dir='ltr'>viros</span> <span class='ocrx_word' id='word_1_135' title='bbox 391 2826 481 2886; x_wconf 90' lang='lat' dir='ltr'>illius</span> <span class='ocrx_word' id='word_1_136' title='bbox 510 2825 728 2902; x_wconf 81' lang='lat' dir='ltr'>professionis</span> <span class='ocrx_word' id='word_1_137' title='bbox 752 2827 857 2903; x_wconf 91' lang='lat' dir='ltr'>possit</span> 
     </span>
     <span class='ocr_line' id='line_1_27' title="bbox 59 2923 855 2999; baseline -0.005 -12"><span class='ocrx_word' id='word_1_138' title='bbox 59 2928 183 2987; x_wconf 91' lang='lat' dir='ltr'>dictum</span> <span class='ocrx_word' id='word_1_139' title='bbox 197 2924 434 2986; x_wconf 90' lang='lat' dir='ltr'>monasterium</span> <span class='ocrx_word' id='word_1_140' title='bbox 448 2923 610 2999; x_wconf 85' lang='lat' dir='ltr'>reparari,</span> <span class='ocrx_word' id='word_1_141' title='bbox 625 2923 768 2999; x_wconf 89' lang='lat' dir='ltr'>denique</span> <span class='ocrx_word' id='word_1_142' title='bbox 781 2938 855 2983; x_wconf 93' lang='lat' dir='ltr'>cum</span> 
     </span>
     <span class='ocr_line' id='line_1_28' title="bbox 58 3019 855 3102; baseline -0.005 -18"><span class='ocrx_word' id='word_1_143' title='bbox 58 3038 121 3102; x_wconf 88' lang='lat' dir='ltr'>per</span> <span class='ocrx_word' id='word_1_144' title='bbox 134 3024 263 3100; x_wconf 90' lang='lat' dir='ltr'>lapsum</span> <span class='ocrx_word' id='word_1_145' title='bbox 275 3023 421 3099; x_wconf 89' lang='lat' dir='ltr'>ipsorum</span> <span class='ocrx_word' id='word_1_146' title='bbox 438 3021 471 3081; x_wconf 95' lang='lat' dir='ltr'>et</span> <span class='ocrx_word' id='word_1_147' title='bbox 481 3020 582 3080; x_wconf 90' lang='lat' dir='ltr'>vitam</span> <span class='ocrx_word' id='word_1_148' title='bbox 599 3019 855 3081; x_wconf 88' lang='lat' dir='ltr'>abominabilem</span> 
     </span>
     <span class='ocr_line' id='line_1_29' title="bbox 59 3114 855 3194; baseline -0.005 -16"><span class='ocrx_word' id='word_1_149' title='bbox 59 3119 129 3179; x_wconf 90' lang='lat' dir='ltr'>sint</span> <span class='ocrx_word' id='word_1_150' title='bbox 151 3118 271 3194; x_wconf 90' lang='lat' dir='ltr'>populo</span> <span class='ocrx_word' id='word_1_151' title='bbox 291 3117 326 3176; x_wconf 93' lang='lat' dir='ltr'>in</span> <span class='ocrx_word' id='word_1_152' title='bbox 348 3115 505 3185; x_wconf 89' lang='lat' dir='ltr'>derisum,</span> <span class='ocrx_word' id='word_1_153' title='bbox 522 3116 555 3175; x_wconf 91' lang='lat' dir='ltr'>et</span> <span class='ocrx_word' id='word_1_154' title='bbox 575 3114 616 3174; x_wconf 92' lang='lat' dir='ltr'>ab</span> <span class='ocrx_word' id='word_1_155' title='bbox 632 3114 757 3175; x_wconf 91' lang='lat' dir='ltr'>eisdem</span> <span class='ocrx_word' id='word_1_156' title='bbox 773 3129 855 3174; x_wconf 93' lang='lat' dir='ltr'>con-</span> 
     </span>
     <span class='ocr_line' id='line_1_30' title="bbox 58 3212 857 3292; baseline -0.005 -15"><span class='ocrx_word' id='word_1_157' title='bbox 58 3214 260 3292; x_wconf 91' lang='lat' dir='ltr'>temptibiles</span> <span class='ocrx_word' id='word_1_158' title='bbox 288 3213 463 3282; x_wconf 89' lang='lat' dir='ltr'>habentur,</span> <span class='ocrx_word' id='word_1_159' title='bbox 494 3212 639 3272; x_wconf 78' lang='lat' dir='ltr'>exclusis</span> <span class='ocrx_word' id='word_1_160' title='bbox 664 3212 795 3288; x_wconf 90' lang='lat' dir='ltr'>penitus</span> <span class='ocrx_word' id='word_1_161' title='bbox 824 3212 857 3273; x_wconf 90' lang='lat' dir='ltr'>et</span> 
     </span>
     <span class='ocr_line' id='line_1_31' title="bbox 59 3308 856 3391; baseline -0.009 -16"><span class='ocrx_word' id='word_1_162' title='bbox 59 3317 220 3391; x_wconf 90' lang='lat' dir='ltr'>perpetuo</span> <span class='ocrx_word' id='word_1_163' title='bbox 234 3311 352 3372; x_wconf 89' lang='lat' dir='ltr'>abbate</span> <span class='ocrx_word' id='word_1_164' title='bbox 367 3312 400 3371; x_wconf 91' lang='lat' dir='ltr'>et</span> <span class='ocrx_word' id='word_1_165' title='bbox 412 3309 584 3370; x_wconf 87' lang='lat' dir='ltr'>monachis</span> <span class='ocrx_word' id='word_1_166' title='bbox 599 3308 763 3386; x_wconf 90' lang='lat' dir='ltr'>quondam</span> <span class='ocrx_word' id='word_1_167' title='bbox 778 3309 856 3370; x_wconf 92' lang='lat' dir='ltr'>dicti</span> 
     </span>
     <span class='ocr_line' id='line_1_32' title="bbox 59 3407 855 3484; baseline -0.006 -13"><span class='ocrx_word' id='word_1_168' title='bbox 59 3410 265 3480; x_wconf 90' lang='lat' dir='ltr'>monasterii,</span> <span class='ocrx_word' id='word_1_169' title='bbox 283 3413 315 3470; x_wconf 92' lang='lat' dir='ltr'>et</span> <span class='ocrx_word' id='word_1_170' title='bbox 327 3408 362 3468; x_wconf 92' lang='lat' dir='ltr'>iu</span> <span class='ocrx_word' id='word_1_171' title='bbox 376 3408 451 3468; x_wconf 90' lang='lat' dir='ltr'>aliis</span> <span class='ocrx_word' id='word_1_172' title='bbox 467 3408 550 3468; x_wconf 89' lang='lat' dir='ltr'>locis</span> <span class='ocrx_word' id='word_1_173' title='bbox 565 3407 606 3467; x_wconf 92' lang='lat' dir='ltr'>ad</span> <span class='ocrx_word' id='word_1_174' title='bbox 628 3407 855 3484; x_wconf 88' lang='lat' dir='ltr'>poeniteutiam</span> 
     </span>
     <span class='ocr_line' id='line_1_33' title="bbox 58 3504 858 3585; baseline -0.004 -16"><span class='ocrx_word' id='word_1_175' title='bbox 58 3508 283 3585; x_wconf 85' lang='lat' dir='ltr'>peragendam</span> <span class='ocrx_word' id='word_1_176' title='bbox 307 3505 521 3574; x_wconf 89' lang='lat' dir='ltr'>collocandis,</span> <span class='ocrx_word' id='word_1_177' title='bbox 556 3506 613 3582; x_wconf 89' lang='lat' dir='ltr'>qui</span> <span class='ocrx_word' id='word_1_178' title='bbox 646 3504 798 3572; x_wconf 88' lang='lat' dir='ltr'>abbatiae,</span> <span class='ocrx_word' id='word_1_179' title='bbox 824 3506 858 3566; x_wconf 91' lang='lat' dir='ltr'>et</span> 
     </span>
     <span class='ocr_line' id='line_1_34' title="bbox 59 3599 857 3680; baseline -0.006 -14"><span class='ocrx_word' id='word_1_180' title='bbox 59 3604 284 3675; x_wconf 89' lang='lat' dir='ltr'>monachatui,</span> <span class='ocrx_word' id='word_1_181' title='bbox 304 3604 337 3664; x_wconf 92' lang='lat' dir='ltr'>et</span> <span class='ocrx_word' id='word_1_182' title='bbox 346 3602 428 3680; x_wconf 88' lang='lat' dir='ltr'>juri,</span> <span class='ocrx_word' id='word_1_183' title='bbox 445 3602 531 3678; x_wconf 91' lang='lat' dir='ltr'>quod</span> <span class='ocrx_word' id='word_1_184' title='bbox 552 3599 717 3661; x_wconf 90' lang='lat' dir='ltr'>habebant</span> <span class='ocrx_word' id='word_1_185' title='bbox 731 3602 766 3660; x_wconf 95' lang='lat' dir='ltr'>in</span> <span class='ocrx_word' id='word_1_186' title='bbox 782 3617 857 3661; x_wconf 92' lang='lat' dir='ltr'>mo-</span> 
     </span>
     <span class='ocr_line' id='line_1_35' title="bbox 58 3697 857 3775; baseline -0.006 -11"><span class='ocrx_word' id='word_1_187' title='bbox 58 3703 208 3764; x_wconf 87' lang='lat' dir='ltr'>nasterio</span> <span class='ocrx_word' id='word_1_188' title='bbox 238 3700 354 3762; x_wconf 92' lang='lat' dir='ltr'>timore</span> <span class='ocrx_word' id='word_1_189' title='bbox 391 3697 622 3775; x_wconf 90' lang='lat' dir='ltr'>probationum</span> <span class='ocrx_word' id='word_1_190' title='bbox 654 3698 794 3765; x_wconf 89' lang='lat' dir='ltr'>inducti,</span> <span class='ocrx_word' id='word_1_191' title='bbox 824 3701 857 3759; x_wconf 94' lang='lat' dir='ltr'>et</span> 
     </span>
     <span class='ocr_line' id='line_1_36' title="bbox 59 3794 858 3878; baseline -0.01 -17"><span class='ocrx_word' id='word_1_192' title='bbox 59 3800 269 3878; x_wconf 89' lang='lat' dir='ltr'>propriorum</span> <span class='ocrx_word' id='word_1_193' title='bbox 292 3797 467 3858; x_wconf 89' lang='lat' dir='ltr'>criminum</span> <span class='ocrx_word' id='word_1_194' title='bbox 492 3794 617 3855; x_wconf 89' lang='lat' dir='ltr'>conscii</span> <span class='ocrx_word' id='word_1_195' title='bbox 639 3795 858 3854; x_wconf 85' lang='lat' dir='ltr'>renuntiave-</span> 
     </span>
     <span class='ocr_line' id='line_1_37' title="bbox 58 3891 855 3967; baseline -0.01 -9"><span class='ocrx_word' id='word_1_196' title='bbox 58 3891 855 3967; x_wconf 81' lang='lat' dir='ltr'>runtiumanibusrenerabilisiratrisllugouis,</span> 
     </span>
     <span class='ocr_line' id='line_1_38' title="bbox 61 3989 856 4066; baseline -0.013 -9"><span class='ocrx_word' id='word_1_197' title='bbox 61 3995 265 4057; x_wconf 77' lang='lat' dir='ltr'>Arelatensis</span> <span class='ocrx_word' id='word_1_198' title='bbox 287 3991 544 4066; x_wconf 79' lang='lat' dir='ltr'>archiepiscopi3</span> <span class='ocrx_word' id='word_1_199' title='bbox 572 3989 696 4049; x_wconf 90' lang='lat' dir='ltr'>dictum</span> <span class='ocrx_word' id='word_1_200' title='bbox 719 4004 856 4048; x_wconf 89' lang='lat' dir='ltr'>monas-</span> 
     </span>
     <span class='ocr_line' id='line_1_39' title="bbox 60 4086 857 4166; baseline -0.014 -11"><span class='ocrx_word' id='word_1_201' title='bbox 60 4093 181 4155; x_wconf 92' lang='lat' dir='ltr'>terium</span> <span class='ocrx_word' id='word_1_202' title='bbox 196 4091 237 4152; x_wconf 90' lang='lat' dir='ltr'>ad</span> <span class='ocrx_word' id='word_1_203' title='bbox 253 4090 448 4166; x_wconf 88' lang='lat' dir='ltr'>religionem</span> <span class='ocrx_word' id='word_1_204' title='bbox 468 4086 703 4148; x_wconf 89' lang='lat' dir='ltr'>canonicorum</span> <span class='ocrx_word' id='word_1_205' title='bbox 718 4086 857 4161; x_wconf 88' lang='lat' dir='ltr'>regula-</span> 
     </span>
     <span class='ocr_line' id='line_1_40' title="bbox 60 4184 858 4259; baseline -0.011 -8"><span class='ocrx_word' id='word_1_206' title='bbox 60 4192 149 4251; x_wconf 89' lang='lat' dir='ltr'>rium</span> <span class='ocrx_word' id='word_1_207' title='bbox 164 4189 320 4249; x_wconf 74' lang='lat' dir='ltr'>duximus</span> <span class='ocrx_word' id='word_1_208' title='bbox 340 4185 573 4255; x_wconf 87' lang='lat' dir='ltr'>reducendum,</span> <span class='ocrx_word' id='word_1_209' title='bbox 591 4200 665 4244; x_wconf 90' lang='lat' dir='ltr'>cum</span> <span class='ocrx_word' id='word_1_210' title='bbox 688 4199 747 4259; x_wconf 91' lang='lat' dir='ltr'>per</span> <span class='ocrx_word' id='word_1_211' title='bbox 768 4184 858 4258; x_wconf 89' lang='lat' dir='ltr'>ipsos</span> 
     </span>
     <span class='ocr_line' id='line_1_41' title="bbox 63 4281 856 4357; baseline -0.013 -8"><span class='ocrx_word' id='word_1_212' title='bbox 63 4288 184 4349; x_wconf 89' lang='lat' dir='ltr'>melius</span> <span class='ocrx_word' id='word_1_213' title='bbox 199 4288 232 4348; x_wconf 89' lang='lat' dir='ltr'>et</span> <span class='ocrx_word' id='word_1_214' title='bbox 252 4284 385 4345; x_wconf 80' lang='lat' dir='ltr'>facilius</span> <span class='ocrx_word' id='word_1_215' title='bbox 403 4283 444 4343; x_wconf 90' lang='lat' dir='ltr'>ad</span> <span class='ocrx_word' id='word_1_216' title='bbox 465 4284 585 4343; x_wconf 91' lang='lat' dir='ltr'>statum</span> <span class='ocrx_word' id='word_1_217' title='bbox 601 4281 777 4357; x_wconf 89' lang='lat' dir='ltr'>pristinum</span> <span class='ocrx_word' id='word_1_218' title='bbox 794 4296 856 4340; x_wconf 88' lang='lat' dir='ltr'>va-</span> 
     </span>
     <span class='ocr_line' id='line_1_42' title="bbox 63 4377 860 4459; baseline -0.013 -14"><span class='ocrx_word' id='word_1_219' title='bbox 63 4384 132 4445; x_wconf 92' lang='lat' dir='ltr'>leat</span> <span class='ocrx_word' id='word_1_220' title='bbox 145 4382 307 4459; x_wconf 87' lang='lat' dir='ltr'>reparari.</span> <span class='ocrx_word' id='word_1_221' title='bbox 323 4381 510 4442; x_wconf 79' lang='lat' dir='ltr'>statuentes</span> <span class='ocrx_word' id='word_1_222' title='bbox 524 4379 609 4456; x_wconf 91' lang='lat' dir='ltr'>quod</span> <span class='ocrx_word' id='word_1_223' title='bbox 624 4378 746 4439; x_wconf 89' lang='lat' dir='ltr'>ibidem</span> <span class='ocrx_word' id='word_1_224' title='bbox 762 4377 860 4439; x_wconf 89' lang='lat' dir='ltr'>iusti·</span> 
     </span>
     <span class='ocr_line' id='line_1_43' title="bbox 60 4475 859 4556; baseline -0.013 -12"><span class='ocrx_word' id='word_1_225' title='bbox 60 4483 198 4544; x_wconf 92' lang='lat' dir='ltr'>tuantur</span> <span class='ocrx_word' id='word_1_226' title='bbox 207 4480 347 4556; x_wconf 87' lang='lat' dir='ltr'>quatuor</span> <span class='ocrx_word' id='word_1_227' title='bbox 355 4477 518 4547; x_wconf 89' lang='lat' dir='ltr'>canonici,</span> <span class='ocrx_word' id='word_1_228' title='bbox 527 4475 604 4536; x_wconf 91' lang='lat' dir='ltr'>licet</span> <span class='ocrx_word' id='word_1_229' title='bbox 618 4491 715 4545; x_wconf 89' lang='lat' dir='ltr'>nunc,</span> <span class='ocrx_word' id='word_1_230' title='bbox 726 4477 859 4551; x_wconf 91' lang='lat' dir='ltr'>propter</span> 
     </span>
     <span class='ocr_line' id='line_1_44' title="bbox 60 4570 858 4646; baseline -0.013 -4"><span class='ocrx_word' id='word_1_231' title='bbox 60 4579 276 4642; x_wconf 88' lang='lat' dir='ltr'>insolentiam</span> <span class='ocrx_word' id='word_1_232' title='bbox 301 4574 441 4646; x_wconf 88' lang='lat' dir='ltr'>abbatis,</span> <span class='ocrx_word' id='word_1_233' title='bbox 467 4575 500 4635; x_wconf 93' lang='lat' dir='ltr'>et</span> <span class='ocrx_word' id='word_1_234' title='bbox 520 4573 758 4633; x_wconf 90' lang='lat' dir='ltr'>monachorum</span> <span class='ocrx_word' id='word_1_235' title='bbox 779 4570 858 4632; x_wconf 90' lang='lat' dir='ltr'>dicti</span> 
     </span>
     <span class='ocr_line' id='line_1_45' title="bbox 60 4669 856 4749; baseline -0.016 -9"><span class='ocrx_word' id='word_1_236' title='bbox 60 4674 269 4745; x_wconf 87' lang='lat' dir='ltr'>monasterii,</span> <span class='ocrx_word' id='word_1_237' title='bbox 281 4672 446 4749; x_wconf 90' lang='lat' dir='ltr'>quondam</span> <span class='ocrx_word' id='word_1_238' title='bbox 460 4672 517 4731; x_wconf 85' lang='lat' dir='ltr'>vix</span> <span class='ocrx_word' id='word_1_239' title='bbox 530 4671 593 4731; x_wconf 88' lang='lat' dir='ltr'>duo</span> <span class='ocrx_word' id='word_1_240' title='bbox 610 4669 763 4730; x_wconf 88' lang='lat' dir='ltr'>monachi</span> <span class='ocrx_word' id='word_1_241' title='bbox 775 4685 856 4744; x_wconf 86' lang='lat' dir='ltr'>pos-</span> 
     </span>
     <span class='ocr_line' id='line_1_46' title="bbox 61 4765 858 4843; baseline -0.015 -7"><span class='ocrx_word' id='word_1_242' title='bbox 61 4775 137 4835; x_wconf 89' lang='lat' dir='ltr'>sent</span> <span class='ocrx_word' id='word_1_243' title='bbox 159 4774 194 4833; x_wconf 95' lang='lat' dir='ltr'>in</span> <span class='ocrx_word' id='word_1_244' title='bbox 216 4772 331 4833; x_wconf 88' lang='lat' dir='ltr'>eodem</span> <span class='ocrx_word' id='word_1_245' title='bbox 347 4768 549 4829; x_wconf 89' lang='lat' dir='ltr'>monasterio</span> <span class='ocrx_word' id='word_1_246' title='bbox 570 4767 779 4836; x_wconf 89' lang='lat' dir='ltr'>commorari,</span> <span class='ocrx_word' id='word_1_247' title='bbox 802 4765 858 4843; x_wconf 92' lang='lat' dir='ltr'>qui</span> 
     </span>
     <span class='ocr_line' id='line_1_47' title="bbox 61 4865 859 4942; baseline -0.016 -8"><span class='ocrx_word' id='word_1_248' title='bbox 61 4874 164 4934; x_wconf 88' lang='lat' dir='ltr'>etiam</span> <span class='ocrx_word' id='word_1_249' title='bbox 180 4870 238 4931; x_wconf 91' lang='lat' dir='ltr'>Dei</span> <span class='ocrx_word' id='word_1_250' title='bbox 254 4869 373 4931; x_wconf 87' lang='lat' dir='ltr'>timore</span> <span class='ocrx_word' id='word_1_251' title='bbox 388 4881 526 4942; x_wconf 90' lang='lat' dir='ltr'>prorsus</span> <span class='ocrx_word' id='word_1_252' title='bbox 542 4865 670 4940; x_wconf 90' lang='lat' dir='ltr'>abjecto</span> <span class='ocrx_word' id='word_1_253' title='bbox 691 4879 756 4923; x_wconf 89' lang='lat' dir='ltr'>non</span> <span class='ocrx_word' id='word_1_254' title='bbox 774 4865 859 4924; x_wconf 90' lang='lat' dir='ltr'>tam-</span> 
     </span>
     <span class='ocr_line' id='line_1_48' title="bbox 62 4959 859 5046; baseline -0.013 -16"><span class='ocrx_word' id='word_1_255' title='bbox 62 4985 162 5046; x_wconf 88' lang='lat' dir='ltr'>quam</span> <span class='ocrx_word' id='word_1_256' title='bbox 176 4968 211 5028; x_wconf 96' lang='lat' dir='ltr'>in</span> <span class='ocrx_word' id='word_1_257' title='bbox 227 4963 439 5032; x_wconf 87' lang='lat' dir='ltr'>monasterio,</span> <span class='ocrx_word' id='word_1_258' title='bbox 454 4962 511 5021; x_wconf 92' lang='lat' dir='ltr'>sed</span> <span class='ocrx_word' id='word_1_259' title='bbox 525 4961 660 5021; x_wconf 84' lang='lat' dir='ltr'>velutin</span> <span class='ocrx_word' id='word_1_260' title='bbox 675 4959 859 5036; x_wconf 88' lang='lat' dir='ltr'>prostibulo</span> 
     </span>
     <span class='ocr_line' id='line_1_49' title="bbox 60 5056 858 5137; baseline -0.015 -8"><span class='ocrx_word' id='word_1_261' title='bbox 60 5065 248 5132; x_wconf 86' lang='lat' dir='ltr'>residentes</span> <span class='ocrx_word' id='word_1_262' title='bbox 269 5062 310 5123; x_wconf 92' lang='lat' dir='ltr'>de</span> <span class='ocrx_word' id='word_1_263' title='bbox 329 5062 477 5137; x_wconf 90' lang='lat' dir='ltr'>ipsorum</span> <span class='ocrx_word' id='word_1_264' title='bbox 499 5057 751 5119; x_wconf 83' lang='lat' dir='ltr'>conversatione</span> <span class='ocrx_word' id='word_1_265' title='bbox 773 5056 858 5117; x_wconf 89' lang='lat' dir='ltr'>reli-</span> 
     </span>
     <span class='ocr_line' id='line_1_50' title="bbox 61 5154 859 5241; baseline -0.016 -16"><span class='ocrx_word' id='word_1_266' title='bbox 61 5163 155 5241; x_wconf 89' lang='lat' dir='ltr'>gioni</span> <span class='ocrx_word' id='word_1_267' title='bbox 169 5177 235 5223; x_wconf 92' lang='lat' dir='ltr'>nou</span> <span class='ocrx_word' id='word_1_268' title='bbox 253 5159 382 5221; x_wconf 91' lang='lat' dir='ltr'>modica</span> <span class='ocrx_word' id='word_1_269' title='bbox 396 5154 570 5217; x_wconf 85' lang='lat' dir='ltr'>eveniebat</span> <span class='ocrx_word' id='word_1_270' title='bbox 582 5154 753 5224; x_wconf 91' lang='lat' dir='ltr'>detractio,</span> <span class='ocrx_word' id='word_1_271' title='bbox 776 5159 808 5216; x_wconf 88' lang='lat' dir='ltr'>et</span> <span class='ocrx_word' id='word_1_272' title='bbox 825 5154 859 5213; x_wconf 95' lang='lat' dir='ltr'>in</span> 
     </span>
     <span class='ocr_line' id='line_1_51' title="bbox 64 5251 861 5339; baseline -0.013 -18"><span class='ocrx_word' id='word_1_273' title='bbox 64 5260 187 5339; x_wconf 91' lang='lat' dir='ltr'>populo</span> <span class='ocrx_word' id='word_1_274' title='bbox 228 5271 331 5334; x_wconf 82' lang='lat' dir='ltr'>grave</span> <span class='ocrx_word' id='word_1_275' title='bbox 371 5253 541 5315; x_wconf 86' lang='lat' dir='ltr'>oriebatur</span> <span class='ocrx_word' id='word_1_276' title='bbox 582 5251 788 5321; x_wconf 89' lang='lat' dir='ltr'>scandalum,</span> <span class='ocrx_word' id='word_1_277' title='bbox 827 5252 861 5312; x_wconf 89' lang='lat' dir='ltr'>et</span> 
     </span>
     <span class='ocr_line' id='line_1_52' title="bbox 63 5348 859 5422; baseline -0.016 0"><span class='ocrx_word' id='word_1_278' title='bbox 63 5372 211 5422; x_wconf 90' lang='lat' dir='ltr'>enorme.</span> <span class='ocrx_word' id='word_1_279' title='bbox 249 5354 406 5417; x_wconf 82' lang='lat' dir='ltr'>creantes</span> <span class='ocrx_word' id='word_1_280' title='bbox 439 5349 657 5411; x_wconf 89' lang='lat' dir='ltr'>nihilominus</span> <span class='ocrx_word' id='word_1_281' title='bbox 685 5348 859 5409; x_wconf 90' lang='lat' dir='ltr'>archidia-</span> 
     </span>
     <span class='ocr_line' id='line_1_53' title="bbox 64 5446 858 5522; baseline -0.019 -2"><span class='ocrx_word' id='word_1_282' title='bbox 64 5472 189 5519; x_wconf 89' lang='lat' dir='ltr'>conum</span> <span class='ocrx_word' id='word_1_283' title='bbox 200 5455 235 5514; x_wconf 93' lang='lat' dir='ltr'>in</span> <span class='ocrx_word' id='word_1_284' title='bbox 251 5451 392 5513; x_wconf 91' lang='lat' dir='ltr'>ecclesia</span> <span class='ocrx_word' id='word_1_285' title='bbox 404 5448 602 5516; x_wconf 83' lang='lat' dir='ltr'>Arelatensi,</span> <span class='ocrx_word' id='word_1_286' title='bbox 615 5446 671 5522; x_wconf 95' lang='lat' dir='ltr'>qui</span> <span class='ocrx_word' id='word_1_287' title='bbox 687 5449 858 5522; x_wconf 90' lang='lat' dir='ltr'>perpetuo,</span> 
     </span>
     <span class='ocr_line' id='line_1_54' title="bbox 64 5541 862 5616; baseline -0.019 0"><span class='ocrx_word' id='word_1_288' title='bbox 64 5555 164 5616; x_wconf 89' lang='lat' dir='ltr'>dictis</span> <span class='ocrx_word' id='word_1_289' title='bbox 187 5549 360 5613; x_wconf 90' lang='lat' dir='ltr'>canonicis</span> <span class='ocrx_word' id='word_1_290' title='bbox 383 5547 492 5607; x_wconf 90' lang='lat' dir='ltr'>eidem</span> <span class='ocrx_word' id='word_1_291' title='bbox 520 5544 756 5605; x_wconf 89' lang='lat' dir='ltr'>archidiacono</span> <span class='ocrx_word' id='word_1_292' title='bbox 781 5541 862 5602; x_wconf 89' lang='lat' dir='ltr'>sub·</span> 
     </span>
     <span class='ocr_line' id='line_1_55' title="bbox 64 5639 862 5721; baseline -0.018 -7"><span class='ocrx_word' id='word_1_293' title='bbox 64 5653 145 5714; x_wconf 84' lang='lat' dir='ltr'>ditis</span> <span class='ocrx_word' id='word_1_294' title='bbox 158 5651 191 5714; x_wconf 91' lang='lat' dir='ltr'>et</span> <span class='ocrx_word' id='word_1_295' title='bbox 204 5645 425 5710; x_wconf 87' lang='lat' dir='ltr'>obedientiam</span> <span class='ocrx_word' id='word_1_296' title='bbox 439 5639 704 5721; x_wconf 87' lang='lat' dir='ltr'>promittentibus</span> <span class='ocrx_word' id='word_1_297' title='bbox 718 5655 862 5718; x_wconf 72' lang='lat' dir='ltr'>praeesse</span> 
     </span>
    </p>
   </div>
   <div class='ocr_carea' id='block_1_3' title="bbox 688 334 1084 398">
    <p class='ocr_par' dir='ltr' id='par_1_4' title="bbox 688 334 1084 398">
     <span class='ocr_line' id='line_1_56' title="bbox 688 334 1084 398; baseline 0 -3"><span class='ocrx_word' id='word_1_298' title='bbox 688 334 919 397; x_wconf 82' lang='lat' dir='ltr'><strong>EPISTOLAE.</strong></span> <span class='ocrx_word' id='word_1_299' title='bbox 943 337 1022 396; x_wconf 86' lang='lat' dir='ltr'>LlB.</span> <span class='ocrx_word' id='word_1_300' title='bbox 1045 337 1084 398; x_wconf 78' lang='lat' dir='ltr'>V.</span> 
     </span>
    </p>
   </div>
   <div class='ocr_carea' id='block_1_4' title="bbox 1645 337 1707 399">
    <p class='ocr_par' dir='ltr' id='par_1_5' title="bbox 1645 337 1707 399">
     <span class='ocr_line' id='line_1_57' title="bbox 1645 337 1707 399; baseline 0.016 -1"><span class='ocrx_word' id='word_1_301' title='bbox 1645 337 1707 399; x_wconf 76' lang='lat'>842</span> 
     </span>
    </p>
   </div>
   <div class='ocr_carea' id='block_1_5' title="bbox 908 492 1712 2808">
    <p class='ocr_par' dir='ltr' id='par_1_6' title="bbox 908 492 1712 2808">
     <span class='ocr_line' id='line_1_58' title="bbox 908 492 1706 573; baseline 0.006 -19"><span class='ocrx_word' id='word_1_302' title='bbox 908 492 1027 556; x_wconf 89' lang='lat' dir='ltr'>debeat</span> <span class='ocrx_word' id='word_1_303' title='bbox 1042 495 1074 556; x_wconf 91' lang='lat' dir='ltr'>et</span> <span class='ocrx_word' id='word_1_304' title='bbox 1089 492 1257 570; x_wconf 87' lang='lat' dir='ltr'>prodesse.</span> <span class='ocrx_word' id='word_1_305' title='bbox 1281 494 1328 556; x_wconf 82' lang='lat' dir='ltr'>ad</span> <span class='ocrx_word' id='word_1_306' title='bbox 1349 495 1575 573; x_wconf 66' lang='lat' dir='ltr'>provisionem</span> <span class='ocrx_word' id='word_1_307' title='bbox 1594 497 1706 559; x_wconf 89' lang='lat' dir='ltr'>autem</span> 
     </span>
     <span class='ocr_line' id='line_1_59' title="bbox 908 591 1706 669; baseline 0.005 -18"><span class='ocrx_word' id='word_1_308' title='bbox 908 591 1148 663; x_wconf 87' lang='lat' dir='ltr'>archidiaconi,</span> <span class='ocrx_word' id='word_1_309' title='bbox 1171 595 1205 654; x_wconf 92' lang='lat' dir='ltr'>et</span> <span class='ocrx_word' id='word_1_310' title='bbox 1220 592 1382 655; x_wconf 91' lang='lat' dir='ltr'>dictorum</span> <span class='ocrx_word' id='word_1_311' title='bbox 1403 596 1546 669; x_wconf 89' lang='lat' dir='ltr'>quatuor</span> <span class='ocrx_word' id='word_1_312' title='bbox 1560 593 1706 656; x_wconf 88' lang='lat' dir='ltr'>canoni·</span> 
     </span>
     <span class='ocr_line' id='line_1_60' title="bbox 909 689 1706 767; baseline 0.004 -18"><span class='ocrx_word' id='word_1_313' title='bbox 909 703 1024 749; x_wconf 91' lang='lat' dir='ltr'>corum</span> <span class='ocrx_word' id='word_1_314' title='bbox 1056 689 1265 763; x_wconf 82' lang='lat' dir='ltr'>assignamus</span> <span class='ocrx_word' id='word_1_315' title='bbox 1289 690 1444 767; x_wconf 91' lang='lat' dir='ltr'>quicquid</span> <span class='ocrx_word' id='word_1_316' title='bbox 1465 692 1553 767; x_wconf 88' lang='lat' dir='ltr'>juris</span> <span class='ocrx_word' id='word_1_317' title='bbox 1582 691 1706 752; x_wconf 92' lang='lat' dir='ltr'>dictum</span> 
     </span>
     <span class='ocr_line' id='line_1_61' title="bbox 909 784 1708 858; baseline 0.008 -14"><span class='ocrx_word' id='word_1_318' title='bbox 909 786 1146 847; x_wconf 88' lang='lat' dir='ltr'>monasterium</span> <span class='ocrx_word' id='word_1_319' title='bbox 1168 784 1322 858; x_wconf 90' lang='lat' dir='ltr'>habebat,</span> <span class='ocrx_word' id='word_1_320' title='bbox 1350 788 1403 848; x_wconf 91' lang='lat' dir='ltr'>vel</span> <span class='ocrx_word' id='word_1_321' title='bbox 1424 787 1546 848; x_wconf 90' lang='lat' dir='ltr'>habere</span> <span class='ocrx_word' id='word_1_322' title='bbox 1568 787 1708 851; x_wconf 87' lang='lat' dir='ltr'>debebat</span> 
     </span>
     <span class='ocr_line' id='line_1_62' title="bbox 909 882 1703 961; baseline 0.006 -20"><span class='ocrx_word' id='word_1_323' title='bbox 909 882 943 942; x_wconf 96' lang='lat' dir='ltr'>in</span> <span class='ocrx_word' id='word_1_324' title='bbox 957 884 1025 944; x_wconf 88' lang='lat' dir='ltr'>tota</span> <span class='ocrx_word' id='word_1_325' title='bbox 1039 883 1173 943; x_wconf 84' lang='lat' dir='ltr'>dioecesi</span> <span class='ocrx_word' id='word_1_326' title='bbox 1188 884 1387 955; x_wconf 81' lang='lat' dir='ltr'>Arelatensi,</span> <span class='ocrx_word' id='word_1_327' title='bbox 1405 887 1543 961; x_wconf 84' lang='lat' dir='ltr'>excepta</span> <span class='ocrx_word' id='word_1_328' title='bbox 1559 886 1703 947; x_wconf 89' lang='lat' dir='ltr'>ecclesia</span> 
     </span>
     <span class='ocr_line' id='line_1_63' title="bbox 910 981 1705 1057; baseline 0.005 -17"><span class='ocrx_word' id='word_1_329' title='bbox 910 982 1039 1042; x_wconf 83' lang='lat' dir='ltr'>Sanctae</span> <span class='ocrx_word' id='word_1_330' title='bbox 1060 981 1192 1042; x_wconf 83' lang='lat' dir='ltr'>Ceciliae</span> <span class='ocrx_word' id='word_1_331' title='bbox 1207 981 1270 1041; x_wconf 92' lang='lat' dir='ltr'>sita</span> <span class='ocrx_word' id='word_1_332' title='bbox 1289 984 1385 1057; x_wconf 78' lang='lat' dir='ltr'>Juxta</span> <span class='ocrx_word' id='word_1_333' title='bbox 1402 984 1546 1043; x_wconf 90' lang='lat' dir='ltr'>castrum</span> <span class='ocrx_word' id='word_1_334' title='bbox 1570 998 1705 1057; x_wconf 90' lang='lat' dir='ltr'>novum,</span> 
     </span>
     <span class='ocr_line' id='line_1_64' title="bbox 909 1075 1706 1156; baseline 0.004 -18"><span class='ocrx_word' id='word_1_335' title='bbox 909 1093 1008 1153; x_wconf 90' lang='lat' dir='ltr'>quam</span> <span class='ocrx_word' id='word_1_336' title='bbox 1027 1075 1123 1156; x_wconf 80' lang='lat' dir='ltr'>[forte</span> <span class='ocrx_word' id='word_1_337' title='bbox 1141 1101 1148 1138; x_wconf 92' lang='lat'>:</span> <span class='ocrx_word' id='word_1_338' title='bbox 1169 1077 1309 1156; x_wconf 72' lang='lat' dir='ltr'>merasce]</span> <span class='ocrx_word' id='word_1_339' title='bbox 1327 1079 1562 1140; x_wconf 88' lang='lat' dir='ltr'>canonicorum</span> <span class='ocrx_word' id='word_1_340' title='bbox 1584 1079 1706 1141; x_wconf 78' lang='lat' dir='ltr'>Arela-</span> 
     </span>
     <span class='ocr_line' id='line_1_65' title="bbox 908 1174 1706 1251; baseline 0.004 -16"><span class='ocrx_word' id='word_1_341' title='bbox 908 1174 1052 1235; x_wconf 89' lang='lat' dir='ltr'>tensium</span> <span class='ocrx_word' id='word_1_342' title='bbox 1077 1179 1237 1251; x_wconf 87' lang='lat' dir='ltr'>perpetuo</span> <span class='ocrx_word' id='word_1_343' title='bbox 1261 1176 1468 1251; x_wconf 84' lang='lat' dir='ltr'>deputamus.</span> <span class='ocrx_word' id='word_1_344' title='bbox 1492 1179 1538 1237; x_wconf 88' lang='lat' dir='ltr'>Do</span> <span class='ocrx_word' id='word_1_345' title='bbox 1563 1177 1706 1238; x_wconf 84' lang='lat' dir='ltr'>residuis</span> 
     </span>
     <span class='ocr_line' id='line_1_66' title="bbox 909 1271 1705 1348; baseline 0.005 -17"><span class='ocrx_word' id='word_1_346' title='bbox 909 1287 987 1332; x_wconf 83' lang='lat' dir='ltr'>vero</span> <span class='ocrx_word' id='word_1_347' title='bbox 1007 1271 1102 1333; x_wconf 91' lang='lat' dir='ltr'>bouis</span> <span class='ocrx_word' id='word_1_348' title='bbox 1118 1273 1223 1348; x_wconf 89' lang='lat' dir='ltr'>ipsius</span> <span class='ocrx_word' id='word_1_349' title='bbox 1243 1275 1447 1343; x_wconf 90' lang='lat' dir='ltr'>monasterii,</span> <span class='ocrx_word' id='word_1_350' title='bbox 1465 1274 1705 1336; x_wconf 86' lang='lat' dir='ltr'>monasterium</span> 
     </span>
     <span class='ocr_line' id='line_1_67' title="bbox 909 1369 1706 1432; baseline 0.005 -4"><span class='ocrx_word' id='word_1_351' title='bbox 909 1369 1103 1429; x_wconf 92' lang='lat' dir='ltr'>monialium</span> <span class='ocrx_word' id='word_1_352' title='bbox 1138 1371 1367 1431; x_wconf 87' lang='lat' dir='ltr'>Cistercieusis</span> <span class='ocrx_word' id='word_1_353' title='bbox 1392 1371 1518 1431; x_wconf 91' lang='lat' dir='ltr'>ordinis</span> <span class='ocrx_word' id='word_1_354' title='bbox 1550 1371 1706 1432; x_wconf 89' lang='lat' dir='ltr'>duximus</span> 
     </span>
     <span class='ocr_line' id='line_1_68' title="bbox 909 1466 1708 1544; baseline 0.008 -18"><span class='ocrx_word' id='word_1_355' title='bbox 909 1466 1176 1526; x_wconf 90' lang='lat' dir='ltr'>construendum.</span> <span class='ocrx_word' id='word_1_356' title='bbox 1200 1470 1286 1527; x_wconf 90' lang='lat' dir='ltr'>Saue</span> <span class='ocrx_word' id='word_1_357' title='bbox 1306 1484 1380 1528; x_wconf 92' lang='lat' dir='ltr'>cum</span> <span class='ocrx_word' id='word_1_358' title='bbox 1401 1483 1459 1544; x_wconf 91' lang='lat' dir='ltr'>per</span> <span class='ocrx_word' id='word_1_359' title='bbox 1478 1467 1654 1544; x_wconf 88' lang='lat' dir='ltr'>privilegia</span> <span class='ocrx_word' id='word_1_360' title='bbox 1674 1469 1708 1532; x_wconf 92' lang='lat' dir='ltr'>et</span> 
     </span>
     <span class='ocr_line' id='line_1_69' title="bbox 910 1564 1705 1638; baseline 0.004 -15"><span class='ocrx_word' id='word_1_361' title='bbox 910 1564 1132 1638; x_wconf 91' lang='lat' dir='ltr'>indulgentias</span> <span class='ocrx_word' id='word_1_362' title='bbox 1153 1567 1376 1626; x_wconf 85' lang='lat' dir='ltr'>Romanorum</span> <span class='ocrx_word' id='word_1_363' title='bbox 1393 1565 1590 1626; x_wconf 76' lang='lat' dir='ltr'>l‘ontillcum</span> <span class='ocrx_word' id='word_1_364' title='bbox 1610 1564 1705 1627; x_wconf 87' lang='lat' dir='ltr'>uobis</span> 
     </span>
     <span class='ocr_line' id='line_1_70' title="bbox 910 1661 1712 1738; baseline 0.001 -16"><span class='ocrx_word' id='word_1_365' title='bbox 910 1661 1095 1723; x_wconf 87' lang='lat' dir='ltr'>constiterit</span> <span class='ocrx_word' id='word_1_366' title='bbox 1114 1661 1295 1733; x_wconf 88' lang='lat' dir='ltr'>evidenter,</span> <span class='ocrx_word' id='word_1_367' title='bbox 1313 1662 1399 1738; x_wconf 90' lang='lat' dir='ltr'>quod</span> <span class='ocrx_word' id='word_1_368' title='bbox 1418 1663 1541 1724; x_wconf 89' lang='lat' dir='ltr'>dictum</span> <span class='ocrx_word' id='word_1_369' title='bbox 1564 1679 1712 1723; x_wconf 90' lang='lat' dir='ltr'>monas·-</span> 
     </span>
     <span class='ocr_line' id='line_1_71' title="bbox 910 1759 1704 1836; baseline 0.003 -18"><span class='ocrx_word' id='word_1_370' title='bbox 910 1759 1028 1819; x_wconf 90' lang='lat' dir='ltr'>terium</span> <span class='ocrx_word' id='word_1_371' title='bbox 1044 1759 1083 1819; x_wconf 93' lang='lat' dir='ltr'>de</span> <span class='ocrx_word' id='word_1_372' title='bbox 1099 1759 1194 1820; x_wconf 90' lang='lat' dir='ltr'>bonis</span> <span class='ocrx_word' id='word_1_373' title='bbox 1209 1760 1408 1836; x_wconf 90' lang='lat' dir='ltr'>episcopalis</span> <span class='ocrx_word' id='word_1_374' title='bbox 1423 1776 1547 1821; x_wconf 83' lang='lat' dir='ltr'>mensae</span> <span class='ocrx_word' id='word_1_375' title='bbox 1567 1761 1610 1821; x_wconf 91' lang='lat' dir='ltr'>sit</span> <span class='ocrx_word' id='word_1_376' title='bbox 1624 1762 1704 1821; x_wconf 88' lang='lat' dir='ltr'>t&#39;un-</span> 
     </span>
     <span class='ocr_line' id='line_1_72' title="bbox 910 1855 1705 1933; baseline 0.004 -19"><span class='ocrx_word' id='word_1_377' title='bbox 910 1855 1033 1925; x_wconf 88' lang='lat' dir='ltr'>dutum,</span> <span class='ocrx_word' id='word_1_378' title='bbox 1065 1855 1163 1916; x_wconf 91' lang='lat' dir='ltr'>etad</span> <span class='ocrx_word' id='word_1_379' title='bbox 1194 1856 1302 1932; x_wconf 89' lang='lat' dir='ltr'>ipsum</span> <span class='ocrx_word' id='word_1_380' title='bbox 1331 1856 1617 1932; x_wconf 79' lang='lat' dir='ltr'>archiepiscopum</span> <span class='ocrx_word' id='word_1_381' title='bbox 1647 1859 1705 1933; x_wconf 83' lang='lat' dir='ltr'>jus</span> 
     </span>
     <span class='ocr_line' id='line_1_73' title="bbox 910 1953 1705 2029; baseline 0.003 -17"><span class='ocrx_word' id='word_1_382' title='bbox 910 1953 1073 2028; x_wconf 87' lang='lat' dir='ltr'>pertineat</span> <span class='ocrx_word' id='word_1_383' title='bbox 1093 1955 1300 2029; x_wconf 89' lang='lat' dir='ltr'>patronatus,</span> <span class='ocrx_word' id='word_1_384' title='bbox 1324 1953 1415 2013; x_wconf 90' lang='lat' dir='ltr'>urbis</span> <span class='ocrx_word' id='word_1_385' title='bbox 1435 1955 1566 2028; x_wconf 88' lang='lat' dir='ltr'>llugoni</span> <span class='ocrx_word' id='word_1_386' title='bbox 1585 1955 1705 2015; x_wconf 80' lang='lat' dir='ltr'>Arela-</span> 
     </span>
     <span class='ocr_line' id='line_1_74' title="bbox 909 2049 1706 2127; baseline 0.003 -17"><span class='ocrx_word' id='word_1_387' title='bbox 909 2049 994 2110; x_wconf 92' lang='lat' dir='ltr'>tensi</span> <span class='ocrx_word' id='word_1_388' title='bbox 1020 2050 1283 2127; x_wconf 88' lang='lat' dir='ltr'>archiepiscopo,</span> <span class='ocrx_word' id='word_1_389' title='bbox 1301 2055 1334 2111; x_wconf 92' lang='lat' dir='ltr'>et</span> <span class='ocrx_word' id='word_1_390' title='bbox 1358 2066 1418 2127; x_wconf 89' lang='lat' dir='ltr'>per</span> <span class='ocrx_word' id='word_1_391' title='bbox 1445 2066 1503 2111; x_wconf 84' lang='lat' dir='ltr'>ros</span> <span class='ocrx_word' id='word_1_392' title='bbox 1528 2052 1649 2112; x_wconf 87' lang='lat' dir='ltr'>vestris</span> <span class='ocrx_word' id='word_1_393' title='bbox 1671 2051 1706 2112; x_wconf 92' lang='lat' dir='ltr'>in</span> 
     </span>
     <span class='ocr_line' id='line_1_75' title="bbox 911 2147 1706 2223; baseline 0.004 -16"><span class='ocrx_word' id='word_1_394' title='bbox 911 2149 1103 2223; x_wconf 89' lang='lat' dir='ltr'>perpetuum</span> <span class='ocrx_word' id='word_1_395' title='bbox 1120 2147 1370 2209; x_wconf 76' lang='lat' dir='ltr'>successoribus</span> <span class='ocrx_word' id='word_1_396' title='bbox 1386 2147 1608 2218; x_wconf 90' lang='lat' dir='ltr'>concedimus,</span> <span class='ocrx_word' id='word_1_397' title='bbox 1631 2149 1666 2208; x_wconf 90' lang='lat' dir='ltr'>ut</span> <span class='ocrx_word' id='word_1_398' title='bbox 1685 2163 1706 2210; x_wconf 85' lang='lat' dir='ltr'>a</span> 
     </span>
     <span class='ocr_line' id='line_1_76' title="bbox 910 2243 1706 2321; baseline 0.001 -16"><span class='ocrx_word' id='word_1_399' title='bbox 910 2243 1003 2306; x_wconf 86' lang='lat' dir='ltr'>vobis</span> <span class='ocrx_word' id='word_1_400' title='bbox 1020 2245 1134 2315; x_wconf 90' lang='lat' dir='ltr'>libere,</span> <span class='ocrx_word' id='word_1_401' title='bbox 1156 2247 1188 2305; x_wconf 90' lang='lat' dir='ltr'>et</span> <span class='ocrx_word' id='word_1_402' title='bbox 1202 2243 1326 2321; x_wconf 87' lang='lat' dir='ltr'>absque</span> <span class='ocrx_word' id='word_1_403' title='bbox 1342 2246 1604 2306; x_wconf 86' lang='lat' dir='ltr'>contradictione</span> <span class='ocrx_word' id='word_1_404' title='bbox 1620 2261 1706 2321; x_wconf 90' lang='lat' dir='ltr'>qua·</span> 
     </span>
     <span class='ocr_line' id='line_1_77' title="bbox 910 2341 1708 2418; baseline 0.005 -18"><span class='ocrx_word' id='word_1_405' title='bbox 910 2342 1000 2414; x_wconf 90' lang='lat' dir='ltr'>libet,</span> <span class='ocrx_word' id='word_1_406' title='bbox 1022 2341 1291 2413; x_wconf 85' lang='lat' dir='ltr'>archidiaconus,</span> <span class='ocrx_word' id='word_1_407' title='bbox 1305 2343 1338 2403; x_wconf 90' lang='lat' dir='ltr'>et</span> <span class='ocrx_word' id='word_1_408' title='bbox 1355 2342 1432 2404; x_wconf 92' lang='lat' dir='ltr'>dicti</span> <span class='ocrx_word' id='word_1_409' title='bbox 1449 2345 1590 2418; x_wconf 89' lang='lat' dir='ltr'>quatuor</span> <span class='ocrx_word' id='word_1_410' title='bbox 1605 2357 1708 2404; x_wconf 90' lang='lat' dir='ltr'>cano·</span> 
     </span>
     <span class='ocr_line' id='line_1_78' title="bbox 911 2438 1704 2514; baseline 0.001 -16"><span class='ocrx_word' id='word_1_411' title='bbox 911 2438 978 2500; x_wconf 93' lang='lat' dir='ltr'>nici</span> <span class='ocrx_word' id='word_1_412' title='bbox 996 2440 1168 2514; x_wconf 85' lang='lat' dir='ltr'>regulares</span> <span class='ocrx_word' id='word_1_413' title='bbox 1191 2440 1408 2502; x_wconf 89' lang='lat' dir='ltr'>instituantur</span> <span class='ocrx_word' id='word_1_414' title='bbox 1427 2439 1559 2500; x_wconf 89' lang='lat' dir='ltr'>ibidem.</span> <span class='ocrx_word' id='word_1_415' title='bbox 1580 2439 1704 2501; x_wconf 87' lang='lat' dir='ltr'>Archi-</span> 
     </span>
     <span class='ocr_line' id='line_1_79' title="bbox 910 2536 1707 2614; baseline 0.005 -19"><span class='ocrx_word' id='word_1_416' title='bbox 910 2536 1069 2597; x_wconf 85' lang='lat' dir='ltr'>diaconus</span> <span class='ocrx_word' id='word_1_417' title='bbox 1084 2553 1164 2599; x_wconf 79' lang='lat' dir='ltr'>vero</span> <span class='ocrx_word' id='word_1_418' title='bbox 1179 2536 1272 2599; x_wconf 88' lang='lat' dir='ltr'>vobis</span> <span class='ocrx_word' id='word_1_419' title='bbox 1295 2538 1464 2614; x_wconf 89' lang='lat' dir='ltr'>promittat</span> <span class='ocrx_word' id='word_1_420' title='bbox 1483 2537 1707 2599; x_wconf 89' lang='lat' dir='ltr'>obedientiam</span> 
     </span>
     <span class='ocr_line' id='line_1_80' title="bbox 911 2633 1706 2711; baseline 0.004 -18"><span class='ocrx_word' id='word_1_421' title='bbox 911 2633 1109 2705; x_wconf 89' lang='lat' dir='ltr'>manualem,</span> <span class='ocrx_word' id='word_1_422' title='bbox 1131 2637 1165 2696; x_wconf 93' lang='lat' dir='ltr'>et</span> <span class='ocrx_word' id='word_1_423' title='bbox 1190 2638 1358 2711; x_wconf 87' lang='lat' dir='ltr'>tamquam</span> <span class='ocrx_word' id='word_1_424' title='bbox 1385 2635 1483 2711; x_wconf 90' lang='lat' dir='ltr'>patri,</span> <span class='ocrx_word' id='word_1_425' title='bbox 1511 2636 1544 2696; x_wconf 92' lang='lat' dir='ltr'>et</span> <span class='ocrx_word' id='word_1_426' title='bbox 1567 2635 1706 2696; x_wconf 89' lang='lat' dir='ltr'>Domino</span> 
     </span>
     <span class='ocr_line' id='line_1_81' title="bbox 911 2732 1704 2808; baseline 0.003 -17"><span class='ocrx_word' id='word_1_427' title='bbox 911 2733 1063 2792; x_wconf 88' lang='lat' dir='ltr'>teneatur</span> <span class='ocrx_word' id='word_1_428' title='bbox 1079 2732 1114 2793; x_wconf 92' lang='lat' dir='ltr'>iu</span> <span class='ocrx_word' id='word_1_429' title='bbox 1129 2732 1293 2799; x_wconf 87' lang='lat' dir='ltr'>omuibus,</span> <span class='ocrx_word' id='word_1_430' title='bbox 1310 2734 1342 2793; x_wconf 92' lang='lat' dir='ltr'>et</span> <span class='ocrx_word' id='word_1_431' title='bbox 1358 2733 1543 2808; x_wconf 86' lang='lat' dir='ltr'>peremnia</span> <span class='ocrx_word' id='word_1_432' title='bbox 1560 2732 1704 2793; x_wconf 91' lang='lat' dir='ltr'>obedire.</span> 
     </span>
    </p>
   </div>
   <div class='ocr_carea' id='block_1_6' title="bbox 910 2828 1815 2904">
    <p class='ocr_par' dir='ltr' id='par_1_7' title="bbox 910 2828 1815 2904">
     <span class='ocr_line' id='line_1_82' title="bbox 910 2828 1815 2904; baseline -0.001 -15"><span class='ocrx_word' id='word_1_433' title='bbox 910 2828 957 2889; x_wconf 85' lang='lat' dir='ltr'>Ad</span> <span class='ocrx_word' id='word_1_434' title='bbox 974 2829 1037 2889; x_wconf 91' lang='lat' dir='ltr'>hoc</span> <span class='ocrx_word' id='word_1_435' title='bbox 1051 2830 1203 2889; x_wconf 79' lang='lat' dir='ltr'>volumus</span> <span class='ocrx_word' id='word_1_436' title='bbox 1216 2830 1249 2890; x_wconf 94' lang='lat' dir='ltr'>et</span> <span class='ocrx_word' id='word_1_437' title='bbox 1263 2828 1470 2898; x_wconf 87' lang='lat' dir='ltr'>mandamus,</span> <span class='ocrx_word' id='word_1_438' title='bbox 1486 2830 1522 2890; x_wconf 93' lang='lat' dir='ltr'>ut</span> <span class='ocrx_word' id='word_1_439' title='bbox 1537 2844 1595 2904; x_wconf 91' lang='lat' dir='ltr'>per</span> <span class='ocrx_word' id='word_1_440' title='bbox 1608 2828 1709 2889; x_wconf 91' lang='lat' dir='ltr'>insti·</span> <span class='ocrx_word' id='word_1_441' title='bbox 1812 2834 1815 2841; x_wconf 85' lang='lat'>&#39;</span> 
     </span>
    </p>
   </div>
   <div class='ocr_carea' id='block_1_7' title="bbox 910 2925 1709 3780">
    <p class='ocr_par' dir='ltr' id='par_1_8' title="bbox 910 2925 1709 3487">
     <span class='ocr_line' id='line_1_83' title="bbox 911 2925 1708 3001; baseline 0.003 -16"><span class='ocrx_word' id='word_1_442' title='bbox 911 2925 1070 2985; x_wconf 91' lang='lat' dir='ltr'>tutionem</span> <span class='ocrx_word' id='word_1_443' title='bbox 1084 2925 1375 2987; x_wconf 88' lang='lat' dir='ltr'>archidiaconatus</span> <span class='ocrx_word' id='word_1_444' title='bbox 1393 2941 1490 3001; x_wconf 88' lang='lat' dir='ltr'>quam</span> <span class='ocrx_word' id='word_1_445' title='bbox 1509 2925 1543 2984; x_wconf 90' lang='lat' dir='ltr'>in</span> <span class='ocrx_word' id='word_1_446' title='bbox 1565 2925 1708 2987; x_wconf 87' lang='lat' dir='ltr'>ecclesia</span> 
     </span>
     <span class='ocr_line' id='line_1_84' title="bbox 910 3020 1708 3098; baseline 0.004 -17"><span class='ocrx_word' id='word_1_447' title='bbox 910 3020 1097 3082; x_wconf 85' lang='lat' dir='ltr'>Arelatensi</span> <span class='ocrx_word' id='word_1_448' title='bbox 1110 3021 1249 3083; x_wconf 87' lang='lat' dir='ltr'>lecimus</span> <span class='ocrx_word' id='word_1_449' title='bbox 1265 3022 1391 3082; x_wconf 89' lang='lat' dir='ltr'>nullum</span> <span class='ocrx_word' id='word_1_450' title='bbox 1405 3023 1462 3084; x_wconf 85' lang='lat' dir='ltr'>ilat</span> <span class='ocrx_word' id='word_1_451' title='bbox 1477 3022 1708 3098; x_wconf 79' lang='lat' dir='ltr'>praejudicinm</span> 
     </span>
     <span class='ocr_line' id='line_1_85' title="bbox 911 3119 1707 3195; baseline 0.004 -17"><span class='ocrx_word' id='word_1_452' title='bbox 911 3119 987 3178; x_wconf 91' lang='lat' dir='ltr'>aliis</span> <span class='ocrx_word' id='word_1_453' title='bbox 1000 3119 1217 3194; x_wconf 86' lang='lat' dir='ltr'>dignitatibus</span> <span class='ocrx_word' id='word_1_454' title='bbox 1227 3135 1284 3179; x_wconf 93' lang='lat' dir='ltr'>seu</span> <span class='ocrx_word' id='word_1_455' title='bbox 1300 3119 1530 3195; x_wconf 86' lang='lat' dir='ltr'>personatibus</span> <span class='ocrx_word' id='word_1_456' title='bbox 1544 3120 1578 3180; x_wconf 94' lang='lat' dir='ltr'>in</span> <span class='ocrx_word' id='word_1_457' title='bbox 1591 3120 1707 3182; x_wconf 89' lang='lat' dir='ltr'>eadem</span> 
     </span>
     <span class='ocr_line' id='line_1_86' title="bbox 911 3216 1707 3287; baseline 0.003 -11"><span class='ocrx_word' id='word_1_458' title='bbox 911 3216 1052 3278; x_wconf 91' lang='lat' dir='ltr'>ecclesia</span> <span class='ocrx_word' id='word_1_459' title='bbox 1079 3217 1258 3277; x_wconf 90' lang='lat' dir='ltr'>consuetis.</span> <span class='ocrx_word' id='word_1_460' title='bbox 1292 3218 1409 3277; x_wconf 90' lang='lat' dir='ltr'>Datum</span> <span class='ocrx_word' id='word_1_461' title='bbox 1443 3217 1593 3287; x_wconf 80' lang='lat' dir='ltr'>biterris,</span> <span class='ocrx_word' id='word_1_462' title='bbox 1618 3233 1707 3278; x_wconf 89' lang='lat' dir='ltr'>anno</span> 
     </span>
     <span class='ocr_line' id='line_1_87' title="bbox 912 3313 1709 3376; baseline 0.004 -3"><span class='ocrx_word' id='word_1_463' title='bbox 912 3315 1091 3375; x_wconf 75' lang='lat' dir='ltr'>Dominicar</span> <span class='ocrx_word' id='word_1_464' title='bbox 1117 3315 1360 3374; x_wconf 88' lang='lat' dir='ltr'>incarnationis</span> <span class='ocrx_word' id='word_1_465' title='bbox 1382 3313 1559 3375; x_wconf 90' lang='lat' dir='ltr'>millesimo</span> <span class='ocrx_word' id='word_1_466' title='bbox 1582 3315 1709 3376; x_wconf 91' lang='lat' dir='ltr'>ducen-</span> 
     </span>
     <span class='ocr_line' id='line_1_88' title="bbox 914 3411 1614 3487; baseline 0 -15"><span class='ocrx_word' id='word_1_467' title='bbox 914 3411 1029 3472; x_wconf 90' lang='lat' dir='ltr'>tesimo</span> <span class='ocrx_word' id='word_1_468' title='bbox 1045 3412 1216 3487; x_wconf 83' lang='lat' dir='ltr'>vigesimo,</span> <span class='ocrx_word' id='word_1_469' title='bbox 1229 3414 1302 3472; x_wconf 84' lang='lat' dir='ltr'>lllV</span> <span class='ocrx_word' id='word_1_470' title='bbox 1315 3411 1475 3472; x_wconf 84' lang='lat' dir='ltr'>kalendas</span> <span class='ocrx_word' id='word_1_471' title='bbox 1491 3412 1614 3473; x_wconf 90' lang='lat' dir='ltr'>martii.</span> 
     </span>
    </p>

    <p class='ocr_par' dir='ltr' id='par_1_9' title="bbox 914 3508 1709 3780">
     <span class='ocr_line' id='line_1_89' title="bbox 952 3508 1709 3585; baseline 0 -16"><span class='ocrx_word' id='word_1_472' title='bbox 952 3508 1043 3569; x_wconf 88' lang='lat' dir='ltr'>Nulli</span> <span class='ocrx_word' id='word_1_473' title='bbox 1055 3525 1147 3585; x_wconf 85' lang='lat' dir='ltr'>ergo,</span> <span class='ocrx_word' id='word_1_474' title='bbox 1159 3511 1234 3578; x_wconf 81' lang='lat' dir='ltr'>etc,</span> <span class='ocrx_word' id='word_1_475' title='bbox 1248 3511 1370 3570; x_wconf 90' lang='lat' dir='ltr'>nostrae</span> <span class='ocrx_word' id='word_1_476' title='bbox 1384 3509 1646 3570; x_wconf 75' lang='lat' dir='ltr'>confirmationis</span> <span class='ocrx_word' id='word_1_477' title='bbox 1659 3509 1709 3569; x_wconf 90' lang='lat' dir='ltr'>in·</span> 
     </span>
     <span class='ocr_line' id='line_1_90' title="bbox 914 3606 1708 3684; baseline 0.004 -18"><span class='ocrx_word' id='word_1_478' title='bbox 914 3607 1070 3682; x_wconf 81' lang='lat' dir='ltr'>fringere.</span> <span class='ocrx_word' id='word_1_479' title='bbox 1087 3608 1205 3668; x_wconf 88' lang='lat' dir='ltr'>Datum</span> <span class='ocrx_word' id='word_1_480' title='bbox 1220 3606 1388 3679; x_wconf 85' lang='lat' dir='ltr'>Laterani,</span> <span class='ocrx_word' id='word_1_481' title='bbox 1407 3608 1522 3669; x_wconf 86' lang='lat' dir='ltr'>octavo</span> <span class='ocrx_word' id='word_1_482' title='bbox 1536 3606 1609 3667; x_wconf 89' lang='lat' dir='ltr'>idus</span> <span class='ocrx_word' id='word_1_483' title='bbox 1618 3607 1708 3684; x_wconf 81' lang='lat' dir='ltr'>J&#39;unil</span> 
     </span>
     <span class='ocr_line' id='line_1_91' title="bbox 914 3703 1139 3780; baseline -0.004 -16"><span class='ocrx_word' id='word_1_484' title='bbox 914 3703 1139 3780; x_wconf 87' lang='lat' dir='ltr'>annoquiuto.</span> 
     </span>
    </p>
   </div>
   <div class='ocr_carea' id='block_1_8' title="bbox 1205 3930 1418 4016">
    <p class='ocr_par' dir='ltr' id='par_1_10' title="bbox 1205 3930 1418 4016">
     <span class='ocr_line' id='line_1_92' title="bbox 1205 3930 1418 4016; baseline 0.005 -1"><span class='ocrx_word' id='word_1_485' title='bbox 1205 3930 1418 4016; x_wconf 82' lang='lat' dir='ltr'>ccccxxi</span> 
     </span>
    </p>
   </div>
   <div class='ocr_carea' id='block_1_9' title="bbox 933 4079 1689 4239">
    <p class='ocr_par' dir='ltr' id='par_1_11' title="bbox 933 4079 1689 4239">
     <span class='ocr_line' id='line_1_93' title="bbox 933 4079 1689 4144; baseline 0.003 -3"><span class='ocrx_word' id='word_1_486' title='bbox 933 4081 985 4141; x_wconf 82' lang='lat' dir='ltr'>Ad</span> <span class='ocrx_word' id='word_1_487' title='bbox 997 4079 1153 4141; x_wconf 82' lang='lat' dir='ltr'>abbatem</span> <span class='ocrx_word' id='word_1_488' title='bbox 1167 4081 1200 4141; x_wconf 85' lang='lat' dir='ltr'>ct</span> <span class='ocrx_word' id='word_1_489' title='bbox 1212 4081 1418 4142; x_wconf 66' lang='lat' dir='ltr'>collocatum</span> <span class='ocrx_word' id='word_1_490' title='bbox 1432 4081 1551 4142; x_wconf 78' lang='lat' dir='ltr'>Sorrcti</span> <span class='ocrx_word' id='word_1_491' title='bbox 1569 4085 1689 4144; x_wconf 83' lang='lat' dir='ltr'>Poutlt</span> 
     </span>
     <span class='ocr_line' id='line_1_94' title="bbox 1111 4177 1507 4239; baseline 0.005 -2"><span class='ocrx_word' id='word_1_492' title='bbox 1111 4180 1245 4238; x_wconf 71' lang='lat' dir='ltr'>ordinis</span> <span class='ocrx_word' id='word_1_493' title='bbox 1259 4177 1507 4239; x_wconf 78' lang='lat' dir='ltr'>Cistcrctcustr.</span> 
     </span>
    </p>
   </div>
   <div class='ocr_carea' id='block_1_10' title="bbox 1060 4298 1563 4480">
    <p class='ocr_par' dir='ltr' id='par_1_12' title="bbox 1060 4298 1563 4480">
     <span class='ocr_line' id='line_1_95' title="bbox 1209 4298 1405 4371; baseline 0.005 -16"><span class='ocrx_word' id='word_1_494' title='bbox 1209 4299 1225 4355; x_wconf 88' lang='grc'>7</span> <span class='ocrx_word' id='word_1_495' title='bbox 1238 4298 1311 4371; x_wconf 85' lang='lat' dir='ltr'>junii</span> <span class='ocrx_word' id='word_1_496' title='bbox 1327 4299 1405 4356; x_wconf 74' lang='lat' dir='ltr'>liti.</span> 
     </span>
     <span class='ocr_line' id='line_1_96' title="bbox 1060 4412 1563 4480; baseline 0 -16"><span class='ocrx_word' id='word_1_497' title='bbox 1060 4412 1153 4477; x_wconf 83' lang='lat' dir='ltr'>[Gallia</span> <span class='ocrx_word' id='word_1_498' title='bbox 1163 4412 1314 4468; x_wconf 82' lang='lat' dir='ltr'>Christiana,</span> <span class='ocrx_word' id='word_1_499' title='bbox 1330 4413 1350 4470; x_wconf 88' lang='lat' dir='ltr'>l,</span> <span class='ocrx_word' id='word_1_500' title='bbox 1363 4413 1481 4463; x_wconf 77' lang='lat' dir='ltr'>instrum.</span> <span class='ocrx_word' id='word_1_501' title='bbox 1496 4413 1563 4480; x_wconf 71' lang='lat' dir='ltr'>ltu]</span> 
     </span>
    </p>
   </div>
   <div class='ocr_carea' id='block_1_11' title="bbox 914 4529 1708 4590">
    <p class='ocr_par' dir='ltr' id='par_1_13' title="bbox 914 4529 1708 4590">
     <span class='ocr_line' id='line_1_97' title="bbox 914 4529 1708 4590; baseline 0.001 -1"><span class='ocrx_word' id='word_1_502' title='bbox 914 4529 1053 4589; x_wconf 82' lang='lat' dir='ltr'>Fundatio</span> <span class='ocrx_word' id='word_1_503' title='bbox 1068 4529 1258 4588; x_wconf 72' lang='lat' dir='ltr'>parthenonis</span> <span class='ocrx_word' id='word_1_504' title='bbox 1272 4531 1368 4587; x_wconf 86' lang='lat' dir='ltr'>Sancti</span> <span class='ocrx_word' id='word_1_505' title='bbox 1385 4531 1459 4588; x_wconf 82' lang='lat' dir='ltr'>Petri</span> <span class='ocrx_word' id='word_1_506' title='bbox 1478 4530 1513 4587; x_wconf 87' lang='lat' dir='ltr'>de</span> <span class='ocrx_word' id='word_1_507' title='bbox 1528 4532 1708 4590; x_wconf 81' lang='lat' dir='ltr'>hlmeoarra.</span> 
     </span>
    </p>
   </div>
   <div class='ocr_carea' id='block_1_12' title="bbox 914 4664 1714 5714">
    <p class='ocr_par' dir='ltr' id='par_1_14' title="bbox 914 4664 1709 5032">
     <span class='ocr_line' id='line_1_98' title="bbox 953 4664 1708 4741; baseline 0.001 -16"><span class='ocrx_word' id='word_1_508' title='bbox 953 4665 1120 4725; x_wconf 88' lang='lat' dir='ltr'>Honorius</span> <span class='ocrx_word' id='word_1_509' title='bbox 1131 4664 1316 4741; x_wconf 87' lang='lat' dir='ltr'>episcopus,</span> <span class='ocrx_word' id='word_1_510' title='bbox 1330 4679 1446 4724; x_wconf 87' lang='lat' dir='ltr'>servus</span> <span class='ocrx_word' id='word_1_511' title='bbox 1455 4665 1708 4738; x_wconf 80' lang='lat' dir='ltr'>semorumDei,</span> 
     </span>
     <span class='ocr_line' id='line_1_99' title="bbox 914 4760 1709 4824; baseline 0.006 -5"><span class='ocrx_word' id='word_1_512' title='bbox 914 4762 1043 4822; x_wconf 89' lang='lat' dir='ltr'>dilectis</span> <span class='ocrx_word' id='word_1_513' title='bbox 1066 4761 1099 4821; x_wconf 93' lang='lat' dir='ltr'>in</span> <span class='ocrx_word' id='word_1_514' title='bbox 1123 4761 1253 4821; x_wconf 83' lang='lat' dir='ltr'>Christo</span> <span class='ocrx_word' id='word_1_515' title='bbox 1278 4760 1454 4822; x_wconf 86' lang='lat' dir='ltr'>abbatissae</span> <span class='ocrx_word' id='word_1_516' title='bbox 1475 4763 1508 4822; x_wconf 91' lang='lat' dir='ltr'>et</span> <span class='ocrx_word' id='word_1_517' title='bbox 1531 4762 1709 4824; x_wconf 87' lang='lat' dir='ltr'>conventui</span> 
     </span>
     <span class='ocr_line' id='line_1_100' title="bbox 915 4858 1708 4932; baseline 0.009 -15"><span class='ocrx_word' id='word_1_518' title='bbox 915 4859 1026 4920; x_wconf 80' lang='lat' dir='ltr'>Sancti</span> <span class='ocrx_word' id='word_1_519' title='bbox 1044 4858 1154 4920; x_wconf 87' lang='lat' dir='ltr'>Pontii</span> <span class='ocrx_word' id='word_1_520' title='bbox 1167 4858 1396 4919; x_wconf 79' lang='lat' dir='ltr'>cisterciensis</span> <span class='ocrx_word' id='word_1_521' title='bbox 1411 4858 1550 4932; x_wconf 83' lang='lat' dir='ltr'>ordinis,</span> <span class='ocrx_word' id='word_1_522' title='bbox 1566 4858 1708 4924; x_wconf 90' lang='lat' dir='ltr'>salutem</span> 
     </span>
     <span class='ocr_line' id='line_1_101' title="bbox 914 4954 1465 5032; baseline -0.004 -15"><span class='ocrx_word' id='word_1_523' title='bbox 914 4960 947 5018; x_wconf 88' lang='lat' dir='ltr'>et</span> <span class='ocrx_word' id='word_1_524' title='bbox 960 4956 1176 5032; x_wconf 89' lang='lat' dir='ltr'>apostolicam</span> <span class='ocrx_word' id='word_1_525' title='bbox 1190 4954 1465 5016; x_wconf 87' lang='lat' dir='ltr'>benedictionem.</span> 
     </span>
    </p>

    <p class='ocr_par' dir='ltr' id='par_1_15' title="bbox 914 5052 1714 5714">
     <span class='ocr_line' id='line_1_102' title="bbox 952 5052 1713 5133; baseline 0.004 -19"><span class='ocrx_word' id='word_1_526' title='bbox 952 5056 996 5114; x_wconf 83' lang='lat' dir='ltr'>Ea</span> <span class='ocrx_word' id='word_1_527' title='bbox 1011 5070 1084 5131; x_wconf 81' lang='lat' dir='ltr'>quae</span> <span class='ocrx_word' id='word_1_528' title='bbox 1100 5069 1159 5130; x_wconf 87' lang='lat' dir='ltr'>por</span> <span class='ocrx_word' id='word_1_529' title='bbox 1176 5052 1301 5128; x_wconf 89' lang='lat' dir='ltr'>legatos</span> <span class='ocrx_word' id='word_1_530' title='bbox 1316 5053 1410 5113; x_wconf 86' lang='lat' dir='ltr'>Sedis</span> <span class='ocrx_word' id='word_1_531' title='bbox 1425 5053 1625 5130; x_wconf 79' lang='lat' dir='ltr'>Apostolicae</span> <span class='ocrx_word' id='word_1_532' title='bbox 1638 5070 1713 5133; x_wconf 89' lang='lat' dir='ltr'>pro·</span> 
     </span>
     <span class='ocr_line' id='line_1_103' title="bbox 914 5150 1713 5229; baseline 0.006 -18"><span class='ocrx_word' id='word_1_533' title='bbox 914 5150 989 5211; x_wconf 81' lang='lat' dir='ltr'>ride</span> <span class='ocrx_word' id='word_1_534' title='bbox 1008 5151 1217 5221; x_wconf 88' lang='lat' dir='ltr'>ordinantur,</span> <span class='ocrx_word' id='word_1_535' title='bbox 1241 5151 1316 5220; x_wconf 71' lang='lat' dir='ltr'>etc„</span> <span class='ocrx_word' id='word_1_536' title='bbox 1333 5152 1369 5212; x_wconf 90' lang='lat' dir='ltr'>ut</span> <span class='ocrx_word' id='word_1_537' title='bbox 1384 5150 1418 5211; x_wconf 95' lang='lat' dir='ltr'>in</span> <span class='ocrx_word' id='word_1_538' title='bbox 1432 5151 1571 5228; x_wconf 89' lang='lat' dir='ltr'>epistola</span> <span class='ocrx_word' id='word_1_539' title='bbox 1589 5168 1713 5229; x_wconf 84' lang='lat' dir='ltr'>praece·</span> 
     </span>
     <span class='ocr_line' id='line_1_104' title="bbox 915 5246 1713 5324; baseline 0.005 -17"><span class='ocrx_word' id='word_1_540' title='bbox 915 5248 1004 5308; x_wconf 88' lang='lat' dir='ltr'>denti</span> <span class='ocrx_word' id='word_1_541' title='bbox 1029 5262 1135 5321; x_wconf 75' lang='lat' dir='ltr'>usqtrc</span> <span class='ocrx_word' id='word_1_542' title='bbox 1159 5246 1199 5307; x_wconf 91' lang='lat' dir='ltr'>ad</span> <span class='ocrx_word' id='word_1_543' title='bbox 1223 5247 1452 5324; x_wconf 74' lang='lat' dir='ltr'>poenitentiam</span> <span class='ocrx_word' id='word_1_544' title='bbox 1477 5249 1713 5324; x_wconf 83' lang='lat' dir='ltr'>peragendam,</span> 
     </span>
     <span class='ocr_line' id='line_1_105' title="bbox 915 5344 1714 5414; baseline 0.005 -8"><span class='ocrx_word' id='word_1_545' title='bbox 915 5345 1129 5414; x_wconf 90' lang='lat' dir='ltr'>collocandis,</span> <span class='ocrx_word' id='word_1_546' title='bbox 1151 5344 1185 5404; x_wconf 90' lang='lat' dir='ltr'>in</span> <span class='ocrx_word' id='word_1_547' title='bbox 1203 5345 1344 5406; x_wconf 89' lang='lat' dir='ltr'>ecclesia</span> <span class='ocrx_word' id='word_1_548' title='bbox 1360 5345 1472 5406; x_wconf 85' lang='lat' dir='ltr'>Sancti</span> <span class='ocrx_word' id='word_1_549' title='bbox 1487 5347 1577 5408; x_wconf 87' lang='lat' dir='ltr'>Petri</span> <span class='ocrx_word' id='word_1_550' title='bbox 1598 5346 1637 5407; x_wconf 88' lang='lat' dir='ltr'>de</span> <span class='ocrx_word' id='word_1_551' title='bbox 1653 5349 1714 5410; x_wconf 80' lang='lat' dir='ltr'>nl·</span> 
     </span>
     <span class='ocr_line' id='line_1_106' title="bbox 916 5442 1712 5508; baseline 0.006 -6"><span class='ocrx_word' id='word_1_552' title='bbox 916 5457 1070 5503; x_wconf 87' lang='lat' dir='ltr'>manarra</span> <span class='ocrx_word' id='word_1_553' title='bbox 1086 5442 1282 5503; x_wconf 86' lang='lat' dir='ltr'>Tolonensis</span> <span class='ocrx_word' id='word_1_554' title='bbox 1298 5442 1451 5502; x_wconf 73' lang='lat' dir='ltr'>diaecesis</span> <span class='ocrx_word' id='word_1_555' title='bbox 1473 5446 1712 5508; x_wconf 88' lang='lat' dir='ltr'>monasterium</span> 
     </span>
     <span class='ocr_line' id='line_1_107' title="bbox 915 5538 1710 5607; baseline 0.009 -7"><span class='ocrx_word' id='word_1_556' title='bbox 915 5538 1109 5600; x_wconf 90' lang='lat' dir='ltr'>monialium</span> <span class='ocrx_word' id='word_1_557' title='bbox 1140 5539 1371 5600; x_wconf 87' lang='lat' dir='ltr'>Cisterciensis</span> <span class='ocrx_word' id='word_1_558' title='bbox 1396 5538 1522 5599; x_wconf 88' lang='lat' dir='ltr'>ordinis</span> <span class='ocrx_word' id='word_1_559' title='bbox 1553 5540 1710 5607; x_wconf 79' lang='lat' dir='ltr'>duximus</span> 
     </span>
     <span class='ocr_line' id='line_1_108' title="bbox 915 5635 1714 5714; baseline 0.005 -15"><span class='ocrx_word' id='word_1_560' title='bbox 915 5635 1184 5709; x_wconf 86' lang='lat' dir='ltr'>construendum,</span> <span class='ocrx_word' id='word_1_561' title='bbox 1201 5635 1285 5714; x_wconf 89' lang='lat' dir='ltr'>quod</span> <span class='ocrx_word' id='word_1_562' title='bbox 1303 5635 1542 5697; x_wconf 85' lang='lat' dir='ltr'>monasterium</span> <span class='ocrx_word' id='word_1_563' title='bbox 1557 5637 1714 5707; x_wconf 78' lang='lat' dir='ltr'>volumus</span> 
     </span>
    </p>
   </div>
   <div class='ocr_carea' id='block_1_13' title="bbox 0 0 1901 6180">
    <p class='ocr_par' dir='ltr' id='par_1_16' title="bbox 0 0 1901 6180">
     <span class='ocr_line' id='line_1_109' title="bbox 0 0 1901 6180; baseline 0 0"><span class='ocrx_word' id='word_1_564' title='bbox 0 0 1901 6180; x_wconf 95' lang='lat' dir='ltr'> </span> 
     </span>
    </p>
   </div>
  </div>
 </body>
</html>
