3774 6186
112 322 179 392 'isx‘i
740 335 967 395 ni’ls'rubni.
992 338 1070 398 bib.
1095 339 1150 399 111.
1233 386 1237 391 .
1714 340 1771 401 154

114 489 239 551 domus
254 490 307 552 rel
322 490 480 552 cellarum
492 491 597 569 ipsius
616 492 750 554 nomine
763 492 915 569 depositi,
973 494 1049 556 diam
1067 500 1181 558 contra
1212 496 1306 559 Sedis
1328 499 1525 574 apostolicae
1546 499 1772 576 indulgentias

115 588 171 647 vel
187 586 363 660 violenter,
374 604 433 649 seu
445 589 514 650 alio
529 588 626 650 modo
638 589 756 651 illicito
771 593 917 652 autcus·
973 596 1171 656 memoratos
1183 594 1302 656 fratres
1312 597 1436 658 temere
1448 596 1640 673 perturbare
1650 614 1773 674 praesu-

117 685 280 746 todienda
293 685 612 762 etiamreceperunt,
629 686 767 749 eainfra
781 688 920 764 quadra·
973 693 1083 766 munt;
1112 691 1285 753 molientes
1306 696 1420 755 contra
1442 696 1563 756 nostrae
1588 695 1771 771 plenitudi-

117 783 216 856 ginta
230 782 301 843 dies
324 786 400 859 post
421 783 708 845 denunciationem
724 785 832 861 ipsam
847 786 919 846 siue
974 804 1048 849 nem
1062 791 1245 866 potestatis,
1258 790 1334 850 dum
1358 792 1487 853 indulta
1508 795 1621 854 nostra
1645 793 1774 854 irreve-

114 879 341 941 dimirmtione
367 881 546 944 restituant
566 881 653 943 dicto
669 882 784 959 priori,
799 884 851 944 vel
864 883 918 944 cui
974 889 1086 947 renter
1104 887 1310 964 impugnant.
1323 890 1391 949 Nos
1405 889 1508 964 igitur
1522 891 1577 966 qui
1597 891 1773 967 praedictos

115 977 331 1039 mandaverit
358 978 489 1040 restitui
517 979 590 1040 rice
611 995 683 1040 sua.
707 981 862 1056 Alioquin
877 997 919 1041 ex
974 983 1093 1044 fratres
1114 985 1253 1061 speciali
1270 988 1491 1062 praerogativa
1526 986 1714 1050 dilectionis
1740 991 1774 1050 et

115 1076 201 1137 tunc
213 1076 375 1138 auctorite
386 1079 498 1138 nostra
509 1093 545 1138 se
553 1077 707 1138 noverint
728 1094 921 1139 excommu-
973 1082 1091 1157 gratiae
1106 1083 1347 1160 amplexamur,
1366 1086 1478 1162 utpote
1493 1085 1549 1163 qui
1562 1087 1705 1147 Domino
1716 1088 1775 1163 ju·

115 1173 302 1234 nicationis
328 1174 494 1236 sententia
517 1175 704 1236 innodatos.
719 1178 837 1237 Datum
853 1178 920 1237 La·
974 1180 1059 1255 giter
1084 1180 1263 1242 offerentes
1288 1198 1424 1242 suorum
1450 1183 1572 1244 vitulos
1596 1183 1771 1255 labiorum,

116 1271 244 1338 ferani,
264 1274 382 1349 quarto
414 1288 520 1334 nonas
553 1273 677 1346 martii,
705 1273 920 1351 pontificatus
975 1293 1040 1338 non
1057 1277 1284 1349 solemonio,
1302 1280 1357 1339 sed
1383 1281 1482 1341 etiam
1506 1280 1692 1342 universali
1712 1284 1775 1342 Ec-

116 1369 449 1435 nostriannotertio.
975 1376 1085 1436 clesiae
1104 1376 1167 1452 piis
1191 1377 1487 1438 intercessionibus
1512 1378 1775 1456 intemporaliter

975 1473 1211 1547 suffragantur,
1234 1474 1383 1535 nolentes
1411 1475 1602 1553 hujusmodi
1619 1477 1774 1538 vexatio-

976 1571 1072 1632 nibus
1108 1586 1221 1632 eornm
1250 1572 1378 1634 sabbati
1407 1573 1585 1634 amaricari
1608 1574 1772 1650 quietem,

172 1709 226 1768 Ad
240 1709 522 1782 “remmom
540 1712 713 1783 episcopos
727 1711 876 1782 auosque
976 1685 1057 1745 quos
1073 1669 1181 1745 potius
1208 1672 1360 1731 tenemur
1374 1670 1571 1732 omnimodis
1594 1670 1772 1743 consolari,

316 1807 538 1867 ecclesiarum
549 1808 727 1880 proetalos.

977 1767 1227 1829 urriversitatem
1249 1771 1392 1830 vestram
1418 1784 1589 1830 monemus
1604 1770 1637 1830 et
1656 1770 1774 1831 borta-

421 1928 532 2013 tmari.
550 1929 630 1986 litt).

977 1879 1051 1925 rnur
1065 1865 1198 1936 attente,
1214 1881 1252 1928 ac
1267 1881 1327 1943 per
1340 1867 1529 1944 Apostolica
1544 1868 1667 1944 scripta
1684 1882 1774 1945 prae-

977 1962 1129 2038 cipiendo
1140 1964 1506 2042 mandemusquatenus
1520 1965 1696 2041 praedictos
1711 1965 1778 2026 fra-

202 2041 249 2104 f¹⁴⁰
266 2041 483 2105 P³⁵⁸⁸r¹³¹¹¹¹¹⁰⁰b
501 2042 844 2104 Premonstrnonsisman]
978 2063 1045 2121 tres
1074 2060 1115 2121 ob
1138 2062 1359 2122 reverentiam
1394 2062 1540 2122 divinam
1569 2063 1602 2123 et
1628 2062 1775 2123 nostram

978 2157 1136 2219 babentes
1152 2157 1185 2218 in
1209 2158 1393 2220 visceribus
1408 2159 1581 2221 charitatis
1595 2158 1644 2220 eis
1666 2159 1775 2236 privi-

979 2254 1064 2330 legia
1075 2253 1108 2316 et
1126 2255 1349 2331 indulgentias
1364 2257 1562 2333 Apostotirae
1583 2256 1679 2318 Sedis
1702 2256 1775 2317 eis-

979 2352 1053 2413 dem
1075 2368 1251 2413 concessas
1271 2353 1510 2415 inviolabiliter
1523 2353 1729 2415 conservetis
1744 2355 1777 2414 et

980 2448 1110 2511 faciatis
1130 2449 1171 2510 ab
1193 2451 1269 2511 aliis
1293 2452 1496 2522 conservari,
1514 2451 1607 2512 salsa
1622 2451 1779 2512 modera-

979 2548 1069 2608 tione
1086 2547 1224 2609 Concilii
1253 2548 1440 2624 generalis3
1477 2548 1644 2619 videlicet,
1672 2551 1709 2610 nt
1736 2547 1777 2608 de

980 2645 1099 2706 alienis
1123 2645 1222 2706 terris
1248 2648 1437 2722 atempore
1464 2646 1612 2723 praedicti
1635 2645 1775 2707 concilii

120 2150 159 2205 b't
175 2150 490 2206 Premonstratenatum
518 2150 667 2222 privilegia
695 2158 877 2219 conservent,
895 2156 924 2206 et

204 2239 370 2295 conservari
389 2236 504 2296 faciant.
520 2238 671 2296 Novalium
684 2239 840 2312 excerptio.

163 2358 345 2427 Honorius,
375 2356 450 2426 etc„
479 2354 726 2417 venerabilibus
766 2353 924 2417 fratribus

122 2453 400 2531 archiepiscopis,
435 2453 602 2529 episcopis
634 2456 667 2514 et
694 2453 822 2514 dilectis
846 2451 925 2514 liliis

123 2551 203 2612 aliis
227 2550 444 2612 ecclesiarum
473 2550 631 2627 praelatis,
646 2550 687 2611 ad
704 2565 786 2628 quos
806 2550 925 2611 litterae

126 2649 203 2710 istae
233 2647 456 2724 pervenerint,
479 2647 618 2708 salutem
648 2649 681 2708 et
708 2648 925 2724 apostolicam

126 2746 405 2808 benedictionem.
980 2743 1152 2820 acquisitis
1165 2744 1197 2804 et
1218 2744 1258 2804 de
1277 2745 1398 2805 caetero
1413 2743 1635 2820 acquirendis,
1661 2743 1777 2804 exsol-
1847 2797 1855 2803 .

169 2842 385 2904 benefaciens
396 2841 803 2904 Dominnsbonisetrectis
814 2843 924 2914 corde,
979 2843 1059 2903 rant
1071 2841 1216 2902 decimas
1233 2841 1395 2911 ecclesiis,
1410 2840 1529 2918 quibus
1541 2841 1671 2902 ratione
1690 2857 1779 2918 prae-

126 2942 267 3002 dilectos
279 2941 366 3000 filios
384 2941 501 3002 fratres
521 2941 850 3001 Praemonstratensis
865 2956 924 3001 or·
981 2938 1110 2999 diorum
1130 2941 1227 2999 antea
1250 2937 1474 3010 solvebantur,
1499 2938 1563 2999 nisi
1584 2938 1682 3000 aliter
1703 2953 1778 2999 cum

126 3039 217 3099 dinis
232 3040 267 3099 in
293 3039 349 3099 via
371 3039 602 3100 mandatorum
629 3038 735 3113 ipsius
763 3038 926 3098 inoffense
981 3037 1030 3096 eis
1054 3035 1212 3097 duxerint
1234 3037 1509 3112 componendum.
1540 3036 1631 3096 Alias
1649 3051 1779 3113 quoque

126 3137 315 3207 currentes,
329 3136 487 3211 tanquam
509 3133 665 3211 populum
689 3132 926 3210 acceptabilem
981 3134 1156 3210 praedictos
1167 3129 1285 3195 fratres
1298 3133 1340 3194 ab
1353 3133 1542 3194 incursibus
1557 3134 1779 3209 malignorum

129 3231 194 3292 sibi
211 3246 352 3292 rrumero
374 3233 407 3292 et
430 3231 548 3292 merito
564 3230 747 3307 ampliavit,
762 3231 877 3308 eisque
887 3231 927 3291 de
981 3232 1094 3293 taliter
1107 3230 1304 3302 defendatis,
1321 3231 1408 3307 quod
1426 3230 1618 3292 defensores
1638 3230 1779 3308 justitiae

128 3344 208 3390 rore
231 3329 308 3391 coeli
336 3330 369 3390 et
391 3330 489 3390 terrae
506 3328 705 3405 pinguedine
715 3327 925 3399 benedicens,
982 3345 1021 3391 ac
1039 3329 1171 3407 pietatis
1195 3329 1381 3406 probemini
1405 3329 1586 3401 amatores,
1611 3331 1779 3405 Deumque
1859 3366 1862 3371 ,

128 3427 284 3489 dilatavit
310 3426 417 3487 locum
447 3426 582 3487 tentorii
607 3428 679 3503 ejus
703 3429 737 3486 et
768 3425 926 3488 extendit.
982 3427 1077 3488 vobis
1090 3426 1268 3504 propitium
1284 3427 1317 3488 et
1336 3442 1397 3486 nos
1411 3426 1568 3496 reddatis,
1590 3425 1712 3487 exinde
1731 3423 1782 3493 fa-

130 3524 196 3586 Sed
211 3525 290 3602 quia
306 3524 455 3585 dolentes
469 3523 652 3600 reperimus
665 3524 701 3584 in
717 3525 772 3584 via
787 3524 849 3584 bac
865 3539 928 3601 qua

129 3622 305 3684 ambulant
341 3621 498 3699 superbi,
541 3623 656 3683 contra
691 3637 749 3682 eos
793 3621 929 3699 laqueos

129 3719 361 3790 extendentes,
378 3719 445 3779 imo
460 3720 550 3780 velut
563 3721 728 3780 torrentes
744 3718 930 3795 iniquitatis

131 3820 299 3879 irruentes
314 3817 348 3877 in
364 3831 432 3887 eos,
450 3817 541 3893 ipsos
565 3817 660 3877 bonis
676 3816 757 3884 suis,
779 3833 851 3893 quae
866 3816 931 3877 soli

131 3915 275 3976 Domino
303 3915 381 3976 sunt
406 3914 527 3986 dicata,
558 3930 623 3974 non
653 3912 759 3974 solum
780 3914 933 3990 nequiter

131 4012 333 4073 defraudare
353 4009 443 4090 (cum
463 4011 523 4071 lilii
544 4011 643 4088 hujus
660 4011 776 4071 saecuti
787 4010 933 4087 pruden-

130 4111 237 4173 tiores
261 4109 340 4171 tiliis
355 4109 439 4170 lucis
468 4109 502 4169 in
531 4108 746 4185 generatione
768 4124 827 4169 sua
851 4105 931 4184 sint)

132 4207 373 4268 verumetiam
396 4207 573 4283 iniquitate
599 4207 750 4283 potentes
771 4205 934 4266 violenter

134 4304 282 4383 spoliare
297 4304 457 4365 nituntur.
471 4304 511 4365 nt
526 4303 611 4382 quod
626 4305 763 4380 gravius
778 4304 839 4373 est,
856 4318 934 4362 non·

134 4402 221 4463 nulli
249 4400 290 4463 de
310 4401 353 4463 iis
379 4400 434 4478 qni
457 4416 515 4463 eos
541 4400 725 4462 debuerant
752 4401 786 4461 in
810 4399 932 4461 Christi

133 4496 321 4560 visceribus
344 4499 456 4560 carius
470 4498 656 4575 amplexari
671 4500 704 4559 et
713 4496 932 4558 favorabilius

133 4596 326 4667 confovere,
358 4595 449 4672 ipsos
486 4595 522 4656 in
551 4611 669 4656 manus
699 4594 933 4671 persequentes

983 3525 1149 3587 rorabiles
1169 3527 1202 3587 et
1227 3524 1398 3598 benignos.
1421 3524 1538 3584 Datum
1564 3522 1718 3585 Laterani
1735 3524 1780 3583 111
1869 3590 1873 3603 .

985 3639 1090 3684 nonas
1105 3623 1227 3693 martii,
1250 3622 1461 3699 pontificatus
1485 3623 1590 3683 nostri
1609 3637 1696 3682 anno
1710 3622 1782 3682 ter-

984 3722 1042 3782 tio.

1306 3871 1464 3956 oxbln

1007 4017 1058 4075 Ad
1071 4017 1227 4088 priorem
1241 4014 1273 4073 et
1287 4012 1420 4086 fratres
1437 4012 1764 4073 Grandinzoutenses

1313 4112 1456 4170 ordinis.

1277 4232 1392 4289 dmart.
1410 4231 1489 4288 tata.

1019 4358 1140 4423 [aegest.
1149 4356 1193 4406 lib.
1203 4356 1245 4413 iil,
1259 4355 1332 4421 epist.
1343 4354 1397 4405 blf.
1407 4357 1465 4406 ilas.
1482 4355 1518 4406 La
1527 4355 1602 4405 Porta
1613 4354 1648 4403 du
1662 4355 1755 4418 flacii]

989 4470 1020 4525 ln
1037 4464 1187 4539 privilegio
1199 4461 1409 4520 reformationis
1428 4461 1517 4519 noluit
1529 4460 1662 4534 derogari
1681 4462 1787 4534 scripto

1108 4552 1262 4612 Clementis
1279 4566 1360 4624 pape
1373 4565 1459 4623 super
1473 4550 1665 4622 exemptione.

135 4693 313 4772 privilegia
342 4709 416 4770 quae
449 4692 531 4769 ipsis
565 4708 584 4753 a
621 4693 705 4752 Sede
732 4690 932 4768 apostolica,
1029 4679 1207 4746 Honorius,
1229 4678 1304 4746 etc,
1334 4676 1464 4736 dilectis
1489 4674 1605 4734 liliis...
1628 4675 1732 4751 priori
1753 4677 1786 4736 et

134 4792 208 4853 suis
229 4790 441 4867 exigentibus
457 4790 595 4862 meritis,
614 4793 690 4850 sunt
705 4789 844 4858 indulta,
859 4802 936 4863 ges·
990 4777 1147 4840 fratribus
1161 4773 1431 4836 GlandimOHless·
1449 4772 1587 4832 Ordinis·

132 4891 225 4951 tinnt
245 4890 375 4966 penitus
397 4903 569 4959 enervare,
592 4887 732 4948 dicendo
756 4887 811 4946 illa
832 4886 934 4946 tuisse
1031 4876 1122 4937 Licet
1140 4876 1174 4936 in
1200 4875 1314 4932 nostro
1330 4869 1505 4948 privilegio
1522 4868 1786 4945 expresserimus

133 4987 274 5049 omnino
295 4987 330 5047 in
347 4986 495 5062 generali
512 4985 659 5047 C0n0ili0
684 4987 854 5055 revocata,
882 4983 934 5044 vel
989 4974 1112 5035 utsitis
1136 4969 1278 5034 contenti
1296 4967 1427 5028 statutis
1446 4966 1571 5042 regulae
1592 4967 1723 5036 veslrae,
1746 4982 1786 5027 tic

133 5085 224 5146 alias
235 5084 437 5148 intellectum
458 5083 709 5160 privilegiorum
725 5083 873 5166 ipsorum
889 5082 934 5142 ita
991 5070 1165 5151 prililossiO
1184 5069 1257 5144 1⁰⁸0
1273 5065 1488 5126 d000m0¹¹¹0⁸
1510 5063 1577 5124 ³¹³⁸
1599 5063 1784 5141 privilegia,

134 5182 285 5256 maligna
304 5180 579 5256 interpretatione
594 5179 634 5240 ad
648 5179 777 5241 libitum
799 5193 937 5257 perver·
990 5187 1050 5230 seu
1065 5165 1289 5242 indulgentias
1303 5179 1367 5223 non
1378 5165 1504 5232 tenere,
1522 5178 1581 5238 per
1596 5162 1658 5221 boc
1675 5163 1786 5222 tamen

134 5279 247 5348 tendo,
260 5277 347 5356 quod
363 5277 427 5338 nisi
441 5294 478 5339 os
500 5277 614 5353 iniqua
629 5277 832 5353 loquentium
853 5275 934 5336 obs·
990 5268 1143 5329 nolumus
1173 5263 1307 5340 scripto,
1336 5260 1422 5339 quod
1448 5259 1502 5320 fel.
1528 5274 1614 5318 men.
1635 5258 1786 5319 Clemens

134 5380 279 5446 truatur,
307 5375 391 5436 nibil
405 5376 519 5445 restet,
546 5375 623 5451 quia
651 5375 798 5452 praedicti
816 5375 936 5435 iratres
991 5367 1055 5427 PP.
1080 5362 1180 5441 praed.
1197 5362 1311 5422 noster
1334 5357 1428 5419 vobis
1455 5372 1556 5433 super
1576 5356 1786 5431 exemptione

136 5472 391 5552 privilegiorum
417 5488 554 5533 suorum
578 5488 663 5549 pene
680 5472 812 5549 penitus
826 5471 935 5532 fructu
990 5460 1164 5543 concessit,
1181 5459 1340 5535 quantum
1355 5456 1395 5515 ad
1416 5453 1644 5529 exemptiones
1661 5454 1788 5514 articu-

135 5573 351 5642 trustrentur,
377 5586 436 5648 per
456 5570 541 5648 qnod
569 5570 619 5630 illi
643 5586 709 5631 non
730 5568 936 5631 tameisdem
991 5560 1120 5622 lumin
1149 5556 1261 5633 aliquo
1291 5552 1457 5627 derogari.
1487 5553 1605 5612 Datum
1633 5553 1787 5614 laterani

134 5668 425 5746 fratribus..qnam
447 5666 542 5730 nobis
561 5668 715 5744 injuriari
742 5666 933 5744 probantur,
991 5660 1087 5721 tertio
1101 5671 1206 5718 nonas
1221 5653 1332 5714 martii
1348 5666 1436 5714 anno
1452 5649 1561 5711 tertio.
