3774 6186
134 294 195 355 llll

136 469 249 517 riorum
266 470 305 515 ax
328 454 443 521 albara,
465 452 559 527 pravi
578 466 699 528 giierra
720 451 865 521 suborta,
881 452 925 512 ita

135 552 221 631 pririd
255 553 375 629 prater
405 553 549 625 stragem
573 549 722 611 virorum
749 551 782 610 el
809 549 925 609 miiiti-

135 648 231 711 inodo
256 664 366 709 rorum
392 646 524 718 cluilius,
543 648 576 708 et
594 646 680 723 qriod
706 649 754 707 est
778 647 924 721 gravius,

135 746 321 807 uuluuirrun
343 743 501 821 pericula,
526 760 598 821 ‹111ae
619 746 758 821 utraque
778 759 854 820 pars
870 744 926 803 in-

135 844 297 913 currerat,
315 841 408 903 uririil
427 841 654 903 detinerentur
670 841 747 901 irinc
763 840 839 901 inde
854 856 927 916 cap·

134 939 205 1009 tivi,
224 954 284 1001 rum
304 939 353 1000 eis
376 941 514 1017 paterno
536 939 773 1015 compatientes
793 938 924 1008 affectu,

135 1035 213 1099 licet
243 1036 376 1114 qtildaiu
406 1052 449 1098 ex
478 1036 544 1096 illis
573 1036 766 1097 viderentur
792 1035 925 1096 filialem

133 1132 354 1195 obedientlam
367 1133 539 1210 abjecisse,
552 1133 707 1195 dilectum
721 1133 824 1193 lilium
839 1136 928 1193 Pan·

133 1230 293 1310 delphum
307 1229 545 1291 subdiaconum
559 1233 591 1292 et
602 1231 767 1292 iiotmium
779 1232 926 1290 nostrum

133 1328 213 1395 illuc
226 1328 416 1390 ruruuiiuus
435 1327 613 1395 ‹iestinura
633 1330 667 1387 ut
681 1343 795 1387 omnes
811 1327 851 1388 ad
869 1342 928 1403 pa-

132 1426 182 1488 cls
216 1424 339 1487 liisdoru
369 1424 515 1493 luioudu,
543 1427 609 1485 tam
635 1424 800 1501 spirituali
829 1440 927 1501 quiam

132 1521 307 1600 ternporuii
325 1521 532 1583 districtione
547 1521 762 1598 ‹iliuipeiieas
779 1521 927 1598 captivos

133 1621 298 1697 ulrluupue
324 1620 448 1679 arraret
476 1617 624 1680 liberari.
651 1619 712 1691 Qui
737 1619 927 1679 mandatum

133 1720 285 1781 luminum
314 1716 492 1789 diiigenter
522 1716 718 1793 aditupleus‚
745 1716 870 1778 studuit
894 1715 927 1776 in

133 1830 233 1877 rriuuu
250 1812 324 1875 lrirtl
341 1813 510 1890 corripere
537 1813 711 1892 imprietos,
732 1816 764 1874 el
785 1814 926 1889 pusilla-

133 1912 240 1975 uiures
262 1910 440 1979 ciiilsuluri,
458 1912 490 1972 ot
512 1910 729 1989 quorumdam
754 1910 927 1971 rebellium

132 2008 316 2087 portluarlu
345 2024 492 2083 ‹uiripruo
521 2009 703 2082 castigata,
731 2009 764 2069 et
788 2008 927 2085 captivis

132 2106 271 2171 sudditis
291 2105 447 2177 libertali,
466 2105 685 2185 potestatibus
701 2105 872 2167 civitatum
895 2106 927 2165 et

132 2208 318 2269 castrorum
346 2204 414 2267 lare
440 2204 588 2266 emulum
617 2203 658 2265 de
683 2203 816 2273 discola,
845 2219 927 2279 quos

130 2302 218 2383 apud
236 2304 415 2367 durantum
435 2303 476 2365 ad
497 2318 591 2363 stram
612 2301 822 2379 praesentiam
842 2315 926 2360 ouo-

131 2404 237 2469 rarul.
254 2399 316 2463 surb
337 2399 447 2462 debito
467 2399 648 2469 lbleiilatis,
664 2399 696 2459 el
716 2414 813 2475 poena
837 2397 926 2458 mille

133 2498 293 2563 libamem
318 2498 475 2575 iujuuuit„
502 2501 538 2561 ul
570 2496 604 2557 in
630 2496 757 2559 octaris
790 2495 926 2573 aposto·

132 2597 242 2661 lorum
277 2595 366 2658 Petri
393 2600 426 2657 et
460 2593 557 2657 Pauli
593 2593 748 2671 quaslibet
782 2594 926 2671 potestas

132 2711 209 2759 eum
225 2693 331 2758 tribus
345 2694 397 2755 rei
414 2694 558 2771 qairrtuor
575 2690 616 2752 de
633 2690 768 2752 civitate
783 2706 854 2759 sua,
870 2689 925 2749 si·

131 2809 204 2857 cem
228 2792 375 2855 omniurn
402 2788 613 2857 habentibus,
630 2804 666 2849 se
691 2787 777 2865 apud
805 2786 925 2849 lichena

131 2893 286 2954 Veterem
319 2892 433 2951 iuulro
466 2887 658 2964 conspectui
696 2887 924 2962 praesentaret.

132 2988 258 3063 Quibus
273 2988 308 3049 iu
324 2986 463 3064 prailxo
486 2985 630 3046 termino
656 2983 691 3043 in
712 2987 826 3044 nostra
840 2998 928 3059 prae-

130 3086 240 3151 sentia
259 3084 459 3148 consulatis.
476 3086 550 3160 post
569 3083 747 3143 tractatum
762 3080 925 3142 diutinum

129 3187 198 3249 mm
222 3199 324 3261 super
346 3198 428 3261 piace
443 3182 531 3242 iuter
553 3181 642 3257 ipsos
659 3180 790 3256 plenius
814 3177 924 3239 reior-

129 3283 264 3353 manda,
277 3297 376 3359 quum
389 3295 489 3357 super
498 3279 619 3341 ducatu
631 3277 672 3338 ad
684 3292 802 3336 mauris
812 3275 927 3336 Eccle-

129 3376 494 3454 assumamusque
517 3379 548 3436 et
568 3391 643 3437 cum
665 3372 822 3449 predicto
841 3371 923 3430 sub-

129 3478 271 3541 diacono
305 3475 530 3537 tractaverant
565 3470 763 3543 diligentem
790 3467 923 3526 tandem

131 3574 296 3637 iuriisiai.
309 3571 521 3635 asisinates,
537 3566 739 3639 marginales,
749 3563 920 3633 Nucerini,

127 3674 161 3733 el
175 3673 440 3732 interamnenses
450 3667 547 3741 justa
558 3661 749 3721 mandalum
760 3662 920 3732 nostrum,

128 3768 342 3829 muuitioues.
358 3767 467 3823 casira
490 3762 523 3819 et
544 3756 683 3831 regalia,
697 3758 835 3817 sicutea
858 3775 923 3817 un-

127 3880 226 3943 quam
242 3861 355 3922 babuit
371 3859 484 3933 aliquo
505 3859 653 3928 tempore
675 3854 776 3915 clarae
796 3871 922 3916 memo-

127 3959 188 4019 ria»
201 3958 269 4017 dam
281 3952 462 4017 conradus,
475 3951 508 4009 in
519 3947 671 4009 manibus
682 3951 806 4010 nostris
818 3950 921 4011 iibere

127 4045 919 4127 resignarenturlicetspoielanisuperasque

126 4150 168 4211 de
179 4151 318 4210 dricatus
328 4144 482 4207 demanio
490 4141 691 4211 detinebant,
706 4143 919 4205 exhibuerint

125 4263 164 4308 se
183 4246 348 4313 dilliciies,
370 4242 560 4302 asserentes
584 4240 669 4315 quod
692 4241 721 4299 si
742 4241 919 4316 pradictus

125 4344 194 4405 dlix
208 4359 248 4404 ea
264 4340 419 4418 possedit,
435 4337 615 4412 aliquando
634 4354 806 4414 possessor
820 4338 919 4400 luerit

124 4441 301 4504 violentus,
319 4436 449 4499 tandem
473 4436 583 4494 tamen
608 4451 709 4510 super
732 4437 776 4495 iis
796 4437 918 4496 nostris

125 4540 309 4618 paruerunt
327 4532 544 4608 beneplacitis
566 4536 598 4592 el
621 4532 797 4593 mandatis.
815 4535 852 4593 Et
869 4535 917 4593 sic

123 4639 193 4699 tuto
205 4635 326 4695 ducatu
346 4630 386 4691 ad
406 4644 524 4689 manus
541 4628 636 4689 Sedis
650 4631 848 4706 apostolica
862 4648 918 4692 re-

121 4736 253 4801 secato,
273 4734 340 4790 iam
364 4727 509 4795 ducatui,
527 4744 625 4803 quam
647 4728 766 4789 assisii
785 4732 818 4789 et
840 4731 914 4789 Nu-

122 4830 222 4893 ceria
237 4825 446 4890 comitatibus
467 4825 623 4886 dilectum
647 4826 750 4885 lilium
766 4829 914 4888 nostrum

122 4921 917 5007 Riapnerium]Sanctaeblariaeincosmedindia·

119 5040 241 5087 conum
252 5021 456 5085 cardinalem
469 5021 677 5096 praelecimus
689 5021 724 5081 in
739 5024 911 5083 rectorem.

119 5120 183 5195 Qui
198 5121 323 5190 omnia,
336 5135 409 5195 quae
426 5118 461 5177 in
483 5119 526 5178 iis
541 5118 582 5178 ad
598 5120 782 5179 Romanam
800 5121 915 5181 Eccle-

118 5216 206 5280 slum
221 5218 398 5294 pertinent,
415 5214 568 5277 obtinens
582 5216 720 5292 pacifice
739 5232 778 5278 ac
790 5219 912 5293 quiete,

116 5317 240 5376 cancta
264 5314 509 5391 provoluntate
529 5329 589 5373 sua
611 5313 773 5390 disposuit
792 5316 825 5375 et
839 5315 913 5375 dis-

116 5411 224 5491 ponit,
250 5412 450 5488 juramentis
472 5410 639 5471 fidelitatis
663 5411 705 5471 ab
724 5411 913 5474 hominibus

115 5502 259 5565 ducatus
273 5511 306 5569 et
324 5509 538 5569 comitatuum
556 5506 630 5566 sine
649 5506 843 5569 difficultate
858 5525 914 5570 re·

113 5603 235 5679 ceptis.

748 294 923 354 nouauit
946 293 990 352 iil
1012 293 1160 352 OPERA.

1720 286 1782 347 720

1021 450 1069 511 sd
1085 450 1156 510 baec
1171 465 1246 510 cum
1262 449 1394 526 quidam
1404 448 1633 511 Tbeutonicus
1650 462 1781 510 mares-

981 547 1092 607 caicus
1103 549 1247 607 castrum
1257 550 1430 608 Praecense
1441 547 1641 608 detinuisset
1653 545 1778 605 diutius

981 646 1187 719 occupatum,
1205 660 1265 705 nos
1279 645 1390 704 missis
1404 645 1483 705 iiiuc
1499 644 1627 704 nuntiis
1641 643 1779 727 nostris,

981 743 1091 803 amoto
1104 743 1224 802 exinde
1235 742 1436 803 marescalco
1450 742 1621 818 praedicto,
1637 756 1779 816 recupe-

981 840 1128 899 ravimus
1141 841 1285 900 castrum
1300 840 1417 914 ipsum,
1428 840 1595 900 universis
1609 837 1779 899 habitato-

981 936 1073 996 ribus
1086 940 1158 1012 eJus
1169 936 1288 997 dilecto
1300 937 1368 997 lilio
1381 940 1451 997 S....
1460 937 1648 998 camerario
1664 937 1777 997 nostro

982 1032 1021 1093 ad
1040 1032 1102 1094 hoc
1122 1036 1270 1094 anostra
1293 1034 1395 1094 latere
1420 1033 1598 1104 destinato,
1615 1035 1649 1094 et
1668 1032 1712 1093 ab
1730 1034 1776 1093 eis
1810 1024 1815 1029 ’

982 1130 1163 1191 honorilice
1180 1132 1213 1191 et
1227 1132 1344 1191 devote
1356 1133 1487 1207 recepto
1503 1131 1641 1191 nemine
1663 1132 1775 1191 nostro

983 1227 1150 1288 lidelitatis
1162 1228 1774 1305 exliibenlihnsjuramenla.Undenas

981 1325 1048 1385 tam
1069 1325 1154 1385 idem
1176 1329 1332 1396 castrum,
1354 1342 1451 1402 qtram
1477 1325 1723 1387 Radicolanum
1746 1328 1775 1386 el

983 1423 1306 1499 Aquampeudentem
1333 1423 1452 1505 diiecto
1473 1423 1542 1483 lilio
1562 1425 1701 1491 Mascae,
1719 1440 1774 1499 po-

982 1521 1093 1581 testati
1103 1519 1400 1580 l'iterbieusissdeii
1410 1521 1521 1581 nostro
1533 1520 1771 1590 commisimus,

982 1617 1128 1693 qrramiiu
1146 1617 1238 1677 nobis
1254 1618 1425 1693 placuerit,
1441 1617 1672 1692 gubernanda.
1685 1621 1774 1678 Prae-

981 1717 1073 1776 terea
1087 1731 1160 1774 cum
1172 1716 1362 1775 carissimus
1376 1716 1408 1774 in
1418 1715 1549 1776 Christo
1560 1716 1652 1774 lilius
1664 1717 1774 1776 noster

983 1812 1694 1889 FridericusRomanorumimperator,tunc
1706 1829 1772 1880 rex,

981 1910 1118 1970 ueniens
1131 1911 1343 1986 susceplurus
1354 1910 1394 1970 de
1409 1910 1562 1970 manibus
1576 1911 1704 1971 nostris
1715 1911 1775 1970 im-

982 2008 1065 2083 perii
1077 2007 1773 2079 diademavenerabilemlratremnostrum

982 2107 1160 2165 bieiensem
1176 2107 1376 2182 episcopum,
1397 2105 1582 2182 imperialis
1598 2105 1688 2166 aulae
1703 2121 1774 2166 can·

981 2202 1164 2270 cellarium,
1180 2203 1216 2263 in
1233 2203 1362 2263 italiam
1378 2203 1606 2279 praemisisset,
1624 2203 1772 2262 misimus

981 2298 1021 2360 ad
1033 2315 1107 2360 eum
1117 2299 1272 2361 dilectum
1282 2299 1384 2359 tilium
1396 2300 1604 2376 Rayualdum
1614 2300 1769 2367 Monadi,

981 2396 1219 2457 subdiaconum
1245 2399 1278 2458 et
1305 2397 1512 2473 capellanum
1541 2399 1711 2469 nostrum,
1740 2399 1772 2458 ut

981 2495 1012 2555 ei
1023 2495 1095 2555 uice
1107 2497 1221 2555 nostra
1236 2495 1426 2555 comitatum
1440 2494 1621 2555 comitissae
1639 2495 1773 2555 Malbil-

980 2591 1031 2651 dis
1043 2591 1146 2652 libere
1156 2593 1352 2667 resignaret,
1362 2592 1475 2652 sicuta
1488 2607 1569 2667 rege
1580 2593 1654 2667 ipso
1667 2591 1772 2653 luerat

981 2688 1044 2754 sibi
1051 2693 1193 2765 jussum.
1209 2692 1248 2749 Ei
1260 2690 1336 2750 licei
1353 2688 1575 2749 cancellarius
1591 2688 1665 2765 ipse
1688 2691 1772 2766 peli-

980 2787 1103 2848 tionem
1113 2787 1260 2860 ejusdem
1273 2786 1465 2847 subdiaconi
1476 2802 1583 2863 usque
1596 2787 1639 2846 ad
1654 2787 1771 2848 adven·
1794 2778 1797 2783 ’

980 2887 1048 2944 tum
1064 2884 1153 2959 regis
1168 2885 1256 2945 circa
1272 2888 1382 2960 parles
1395 2885 1554 2945 Bononiae
1567 2885 1768 2953 distulisset:

979 2982 1111 3042 landem
1127 2986 1237 3042 umen
1251 2981 1337 3042 idem
1351 2997 1413 3042 rex
1425 2985 1492 3042 iam
1503 2981 1546 3042 de
1556 2983 1669 3044 castro
1682 2985 1771 3042 Gon-

979 3095 1082 3153 zagae,
1096 3095 1194 3154 quiam
1209 3078 1249 3139 de
1263 3079 1339 3138 aliis
1357 3080 1488 3150 castris,
1503 3079 1636 3141 scilicet
1659 3082 1768 3156 Pepa-

979 3193 1103 3251 guano‚
1120 3176 1274 3237 Bondeno
1293 3177 1462 3245 veteram
1481 3177 1642 3238 Βοηᾱθηο
1664 3179 1767 3245 Novo,

980 3290 1107 3333 necnon
1123 3273 1164 3333 de
1177 3276 1246 3335 loto
1258 3275 1413 3334 comitatu
1427 3278 1460 3334 et
1472 3274 1608 3349 pedere,
1621 3290 1662 3334 ac
1673 3275 1768 3336 terris

978 3371 1158 3431 romilissae
1174 3371 1350 3447 praedicta,
1361 3372 1555 3447 magistrum
1568 3373 1765 3440 alatrinum,

977 3466 1216 3527 subdiaconum
1239 3470 1273 3529 ei
1296 3468 1503 3544 capellanum
1528 3472 1693 3540 nostrum,
1713 3471 1767 3547 qui

977 3566 1048 3623 erat
1061 3580 1135 3623 cum
1150 3581 1202 3635 eo,
1218 3570 1250 3626 et
1264 3565 1414 3627 eumdem
1429 3567 1642 3642 Rasnaidum
1657 3568 1768 3628 Eccle-

976 3660 1036 3720 siae
1048 3663 1206 3722 Romanae
1217 3664 1348 3723 nonnae
1358 3663 1543 3729 investivit,
1557 3666 1592 3725 et
1603 3680 1662 3726 eos
1672 3682 1767 3726 cons·

975 3758 1064 3818 tituil
1078 3775 1297 3834 possessores,
1316 3760 1476 3822 mandans
1488 3760 1582 3838 ipsos
1595 3778 1658 3838 per
1669 3779 1766 3824 sene-

975 3855 1113 3915 rabiiem
1131 3856 1263 3917 tratrem
1280 3862 1427 3918 nostrum
1439 3858 1635 3936 episcopum
1651 3860 1765 3920 Tauri·

975 3955 1295 4023 oensem,vicarium
1307 3956 1459 4025 suumin
1470 3957 1682 4032 corporalem
1698 3973 1765 4034 pos

974 4051 1157 4110 sessionem
1172 4051 1302 4114 induci:
1316 4056 1349 4113 et
1363 4053 1562 4128 praecipiens
1575 4058 1645 4115 tam
1660 4055 1764 4115 omni-

973 4145 1034 4206 bus
1060 4148 1220 4208 militibus
1249 4154 1281 4210 et
1310 4149 1553 4212 habitatoribus
1581 4156 1763 4212 castrorum

974 4244 1121 4318 ipsorum
1140 4261 1239 4321 quam
1263 4247 1340 4306 aliis
1358 4249 1500 4308 vassalis
1518 4249 1561 4309 de
1576 4250 1649 4326 ipso
1664 4251 1764 4310 comi-

972 4344 1042 4401 tatu
1058 4358 1116 4402 seu
1135 4344 1234 4403 terris
1246 4347 1277 4404 et
1291 4344 1433 4420 poderis,
1447 4348 1609 4408 utomnes
1621 4347 1665 4406 ab
1677 4347 1762 4409 omui

968 4441 1170 4512 juramento,
1187 4457 1251 4516 quo
1268 4441 1332 4517 ipsi
1346 4441 1546 4504 tenebantur
1559 4446 1691 4505 rabone
1704 4449 1762 4505 ter·

972 4551 1084 4595 rarum
1111 4539 1269 4613 ipsarum,
1298 4539 1429 4613 penitus
1456 4539 1613 4613 absoluti,
1639 4541 1760 4602 eisdem

971 4634 1154 4709 capellanis
1185 4636 1236 4695 sel
1263 4652 1377 4695 eorum
1403 4636 1513 4707 alleri,
1537 4655 1600 4699 seu
1630 4639 1760 4699 cuiliiel

970 4731 1029 4790 alii
1052 4731 1094 4791 ab
1119 4732 1265 4792 Ecclesia
1287 4736 1436 4794 Romana
1462 4736 1577 4806 misso,
1595 4736 1759 4798 fidelitatis

966 4830 1156 4904 juramenta
1194 4834 1402 4905 praestarent,
1429 4835 1463 4893 el
1492 4832 1690 4909 abjurarent
1722 4833 1760 4894 ab

970 4926 1013 4984 iis
1029 4928 1196 4987 contraria
1208 4931 1408 5005 juramenta.
1425 4930 1517 5001 Quod
1532 4931 1563 4990 si
1580 4948 1649 4992 non
1670 4933 1759 4993 iace·

969 5024 1053 5093 rent,
1071 5025 1193 5085 scirent
1211 5040 1248 5085 se
1262 5041 1305 5085 ex
1319 5030 1398 5086 tunc
1422 5027 1576 5088 omuibus
1590 5028 1689 5090 bonis
1702 5046 1759 5090 co·

969 5120 1104 5181 milatus
1120 5124 1191 5183 sire
1206 5122 1338 5199 poderis
1356 5140 1416 5186 seu
1431 5126 1596 5187 terrarum
1615 5127 1659 5186 ab
1682 5129 1761 5205 ipsis

968 5220 1131 5294 possessis
1159 5221 1251 5295 regia
1285 5221 1464 5292 sententia,
1495 5228 1657 5300 perpetuo
1689 5241 1762 5286 esse

968 5315 1126 5391 privatos.
1166 5320 1333 5378 Praeterea
1370 5319 1516 5393 injunxit
1557 5321 1700 5383 tirmiter
1729 5328 1763 5383 et

967 5413 1136 5474 mandarit
1151 5415 1378 5490 potestatibus,
1394 5417 1588 5478 consulibus
1605 5422 1638 5479 et
1653 5424 1764 5480 mla·-

966 5509 1059 5570 ribus
1073 5512 1257 5581 civitatum,
1267 5513 1328 5573 sub
1343 5529 1440 5589 poena
1454 5514 1548 5575 mille
1559 5532 1760 5583 marearum.

968 5612 1003 5669 ut
1023 5625 1140 5671 omnes
1159 5611 1387 5686 possessiones
1408 5612 1586 5675 comitatus
1609 5615 1761 5692 prm-licii
