3774 6186
130 262 192 361 aaa
747 264 922 330 nononu
945 268 989 329 111
1012 268 1159 329 orani.
1395 242 1404 249 “
1721 273 1770 332 aa

133 423 189 495 sit,
215 421 308 485 salvo
331 424 365 485 in
389 423 542 486 omnibus
565 426 643 502 jure
660 438 699 486 ac
726 425 927 502 proprietate
981 442 1052 488 rem
1077 442 1177 488 suum·
1200 427 1395 504 reliquerat,
1423 429 1532 494 iuerat
1555 430 1766 493 confirmata:

132 524 290 583 Romanae
303 521 471 593 Ecclesiae,
497 521 537 583 ad
563 538 661 599 quarn
673 521 765 582 nullo
785 523 928 598 pertinet
982 524 1766 604 undepostulavitinstanter,utpraeiatumintru·

132 620 309 680 mediante.
327 619 549 696 ‘Nosquoque
572 619 659 696 qnod
684 619 807 681 sactum
827 620 927 682 luerit
981 638 1052 682 sum
1070 626 1277 684 removentes
1299 623 1341 685 ab
1364 625 1507 687 ecclesia
1531 628 1721 699 memorata,
1739 631 1763 690 et

130 732 193 794 per
207 717 562 793 eumdemepiscopum
582 716 816 793 approbantes,
832 717 926 778 vobis
981 732 1041 794 pro
1056 733 1125 779 suae
1150 722 1420 797 praesumptionis
1445 728 1590 783 excessu
1618 724 1762 786 canonice

134 815 257 876 nostris
270 814 422 875 dedimus
442 814 563 876 litteris
586 815 812 885 immundatis,
834 814 925 875 utad
981 816 1155 892 punientes
1168 818 1343 895 episcopos
1354 818 1552 893 antedictos,
1567 821 1760 883 confirmare

132 912 400 974 reformationem
417 913 521 990 ipsius
537 914 730 975 monasterii
745 913 856 974 taliter
872 914 926 972 in·
980 929 1053 974 mus
1068 914 1264 975 electionem
1280 915 1321 976 de
1334 916 1407 992 ipso
1427 918 1670 980 archidiacono
1688 918 1760 980 cele·

130 1011 266 1072 tendere
286 1011 459 1081 curaretis,
483 1010 569 1087 quod
587 1011 707 1071 exinde
728 1010 926 1072 sollicitudi-
980 1010 1119 1071 bratam.
1150 1012 1243 1074 Licet
1266 1016 1375 1074 autem
1402 1014 1489 1076 idem
1518 1015 1758 1077 archidiaconus

131 1109 356 1170 uemvestram
369 1125 541 1185 possemus
553 1108 670 1170 merito
682 1108 923 1170 commendare.
980 1108 1100 1170 multas
1113 1109 1209 1169 nobis
1220 1110 1349 1172 litteras
1363 1112 1564 1184 exhibuerit,
1577 1128 1639 1189 per
1650 1116 1758 1190 quaset

134 1205 224 1266 Unde
237 1206 323 1282 qnod
339 1206 372 1266 id
393 1205 605 1267 laudabiliter
626 1206 712 1266 sicut
736 1206 924 1266 audivimus
980 1206 1217 1280 perhibebatur
1232 1208 1457 1269 testimonium
1480 1210 1522 1270 de
1544 1211 1719 1288 praedictis,
1733 1213 1757 1272 et

130 1302 306 1375 inchoatis,
323 1305 454 1379 gratum
466 1305 619 1378 gerentes
632 1303 808 1363 admodum
821 1305 853 1364 et
868 1318 926 1363 ac-
980 1317 1053 1378 quae
1074 1301 1181 1377 ipsum
1204 1303 1244 1363 de
1263 1303 1330 1364 vita
1353 1305 1386 1365 et
1404 1304 1544 1365 scientia
1563 1307 1759 1366 commenda·

130 1403 271 1477 ceptum,
302 1403 337 1461 ut
358 1417 401 1461 ex
419 1400 595 1462 iteratione
612 1401 759 1462 mandati
775 1401 924 1462 nostrum
979 1397 1076 1472 bant3
1098 1400 1176 1475 quia
1199 1401 1309 1461 tamen
1330 1416 1389 1477 pro
1413 1404 1507 1479 parte
1534 1403 1642 1463 altera
1664 1403 1759 1464 nullus

129 1497 261 1577 plenius
292 1498 481 1574 agnoscatis
512 1497 686 1570 affectum,
715 1497 925 1561 universitati
980 1497 1405 1571 comparuiteoramnobis,
1421 1498 1761 1561 contraillamabsen·

128 1598 249 1657 vestrae
264 1611 324 1672 per
337 1596 457 1657 iterata
472 1596 596 1672 scripta
616 1595 822 1667 mandamus
838 1610 925 1672 prae·
978 1594 1088 1654 temet
1102 1594 1308 1655 indefensam
1324 1611 1391 1657 non
1403 1596 1559 1658 duximus
1575 1597 1688 1658 taliter
1702 1614 1761 1673 pro

130 1693 281 1771 cipiendo
303 1697 465 1771 quatenus
485 1693 666 1755 reformare
687 1694 924 1755 monasterium
979 1691 1524 1770 cedendumvoleutestamenipsi
1537 1694 1763 1756 archidiacono

129 1790 237 1869 ipsum
266 1792 372 1852 modis
396 1790 548 1852 omnihus
571 1791 748 1862 studentis,
773 1791 923 1868 ponendo
978 1789 1110 1865 injure
1137 1805 1208 1859 suo,
1232 1791 1391 1866 quantum
1426 1791 1512 1853 ratio
1552 1792 1763 1869 permittebat,

128 1889 248 1950 ibidem
276 1905 437 1965 personas
462 1889 620 1949 honestas
646 1890 678 1950 et
704 1889 815 1957 utiles,
840 1889 925 1949 sicut
978 1886 1105 1957 adesse,
1134 1902 1268 1948 causam
1299 1887 1489 1965 hujusmodi
1525 1889 1765 1951 venerabilibus

126 1987 280 2049 videritis
300 1987 468 2063 expedire,
485 1987 532 2047 ita
548 1987 632 2063 quod
647 1988 680 2048 et
694 1988 797 2047 Deum
809 1986 924 2063 propi·
978 1983 1135 2044 iratribus
1151 1985 1309 2045 nostris...
1326 1985 1577 2063 archiepiscopo
1593 1988 1765 2049 Tuamensi

127 2084 222 2155 tium,
240 2085 272 2146 et
284 2100 343 2145 nos
363 2083 439 2144 iude
458 2083 551 2144 vobis
564 2083 710 2145 reddatis
723 2083 923 2145 favorabiles
979 2083 1010 2142 et
1013 2124 1072 2140 .....
1105 2080 1358 2143 Cluamiertensi
1393 2085 1426 2144 et
1429 2127 1489 2143 .....
1520 2084 1767 2146 Enechdunensi

129 2183 163 2243 et
185 2181 358 2257 benignos.
386 2182 505 2242 Datum
535 2181 728 2243 Viterbiiv
762 2180 923 2242 kalendas
978 2178 1162 2254 episcopis·
1179 2179 1335 2240 duximus
1368 2181 1651 2249 committendam,
1677 2197 1767 2241 man-

134 2278 322 2341 novembris
336 2278 548 2356 pontificatus
569 2279 675 2340 nostrl
692 2279 922 2357 annoquarto.
978 2275 1093 2337 dantes
1109 2276 1244 2347 eisdem,
1269 2280 1304 2338 ut
1325 2279 1462 2349 vocatis,
1487 2294 1569 2355 quos
1591 2295 1770 2355 cognosce·

977 2374 1051 2434 rent
1074 2374 1272 2445 evocandos,
1288 2375 1323 2435 et
1347 2375 1481 2446 auditis,
1501 2391 1577 2453 quae
1604 2376 1769 2438 hincinde

472 2474 578 2562 XXX
978 2470 1136 2531 ducerent
1148 2472 1372 2548 proponenda,
1390 2473 1421 2534 si
1445 2474 1527 2534 fides
1549 2475 1600 2535 eis
1619 2475 1716 2537 lieret
1735 2475 1768 2535 da

978 2569 1170 2645 praemissis,
1200 2569 1344 2630 humano
1384 2586 1497 2632 amore
1525 2587 1566 2633 ac
1607 2573 1770 2633 mundane

391 2717 420 2774 Α
450 2717 511 2774 Sl
577 2715 589 2773 ι
977 2667 1096 2727 timore
1117 2668 1318 2743 postpositis,
1342 2668 1513 2744 praelatum
1539 2670 1711 2732 intrusum
1733 2669 1768 2731 ab

424 2758 432 2773 ‘
476 2758 483 2774 ‘
511 2728 575 2789 ‘³9⁰
590 2729 660 2774 Μ’
977 2764 1051 2839 ipsa
1066 2764 1207 2824 ecclesia
1224 2766 1354 2841 penitus
1378 2768 1581 2838 amoventes,
1600 2768 1770 2828 examina-

408 2834 550 2893 ³⁰⁰⁰¹⁰b·
565 2834 643 2892 ¹²¹9·
978 2862 1053 2921 rent
1075 2861 1272 2923 electionem
1307 2861 1428 2924 iactam
1459 2863 1500 2924 de
1537 2865 1771 2927 archidiacono

190 2940 320 3004 trucider,
334 2941 400 2991 hon.
415 2940 516 2991 hibern.
529 2942 704 2999 erectorum,
719 2941 757 2999 ¹¹⁹
771 2956 796 2991 ¹¹·
808 2940 860 3005 ²²]
978 2960 1171 3030 memorate,
1187 2962 1221 3020 et
1233 2960 1262 3019 si
1276 2974 1350 3020 eam
1363 2961 1553 3022 invenirent
1565 2962 1607 3023 de
1628 2978 1770 3040 persona

128 3047 352 3122 archiepiscopo
362 3047 538 3116 Duhlincnsi,
560 3055 589 3104 ut
607 3062 724 3105 causam
746 3048 828 3105 electi
849 3049 921 3104 Lao·
977 3055 1096 3116 idonea
1111 3057 1270 3118 canonice
1285 3057 1498 3129 celebratam,
1515 3059 1613 3121 inam
1626 3062 1772 3122 auctori.

234 3138 706 3195 ¹¹10ss⁸5⁸liiifflfflffie‘ssfflwflloe
726 3137 814 3194 finiit·
976 3155 1045 3215 tate
1056 3156 1182 3222 nostra,
1197 3154 1325 3217 sublato
1341 3157 1518 3233 cujuslibet
1532 3159 1726 3220 contractus
1744 3160 1773 3219 et

167 3255 335 3317 Honorius
371 3253 559 3331 episcopus,
601 3269 717 3343 servus
749 3270 923 3317 servorum
978 3251 1212 3327 appellationis
1234 3252 1417 3324 obstaculo,
1453 3254 1704 3328 confirmarent,
1737 3270 1773 3316 ac

128 3352 199 3425 Dei,
216 3350 402 3413 venerabili
419 3350 551 3413 tratri...
575 3351 826 3428 archiepiscopo
850 3354 922 3412 Du·
978 3347 1137 3410 facientes
1150 3349 1259 3426 ipsum
1283 3351 1420 3428 pacitlca
1448 3352 1596 3428 ejusdem
1623 3353 1774 3414 ecclesia

127 3447 282 3520 blinensi,
297 3447 494 3525 Apostolicae
509 3447 603 3507 Sedis
627 3448 752 3523 legato,
783 3449 922 3510 salutern
979 3447 1189 3523 possessione
1225 3448 1382 3522 gacrdere,
1413 3450 1679 3512 contradictores
1719 3465 1774 3526 per

128 3548 162 3609 et
175 3544 392 3622 apostolicam
408 3544 684 3606 benedictionem.
978 3560 1156 3605 censuram
1169 3545 1430 3607 ecclesiasticam
1452 3548 1708 3622 compescendo,
1724 3548 1776 3607 in·

168 3641 336 3702 accedeus
364 3640 443 3701 olim
467 3640 508 3700 ad
537 3641 750 3717 praesentiam
776 3643 923 3703 nostram
976 3643 1156 3718 jungerent
1173 3643 1245 3717 jam
1267 3642 1355 3703 dicto
1377 3643 1630 3721 archiepiscopo
1645 3644 1775 3706 cassel-

127 3738 268 3801 dilectus
284 3737 372 3798 lllius
388 3737 707 3817 D.,archidiaconus
728 3739 923 3799 Laoniensis
978 3738 1074 3809 lensi,
1103 3740 1140 3799 ut
1159 3738 1267 3799 eidem
1290 3755 1410 3799 munus
1433 3742 1698 3805 consecrationis
1715 3744 1776 3803 im·

129 3835 291 3909 ecclesiae,
319 3834 415 3896 nobis
444 3834 615 3897 humiliter
643 3835 819 3907 intimavit,
837 3836 922 3913 quod
978 3835 1147 3911 penderet,
1164 3836 1251 3898 sicut
1265 3836 1306 3897 ad
1322 3852 1398 3897 euru
1419 3838 1571 3900 noscitur
1594 3839 1773 3917 pertinere.

220 2619 273 2679 Ad
285 2619 580 2691 archiepiscopum
593 2619 834 2679 Diabllncosem

128 3933 270 3996 ecclesia
293 3933 366 4010 ipsa
380 3932 514 4009 pastore
528 3935 680 4004 vacante,
695 3932 801 4009 ipsius
825 3934 922 4010 capi·
978 3931 1140 3994 Praefatos
1163 3949 1244 3994 vero
1265 3934 1449 4012 episcopos,
1466 3936 1495 3996 si
1514 3936 1564 3997 eis
1595 3938 1774 4008 constaret,

119 4032 233 4094 tulum
246 4030 398 4092 eumdem
409 4030 443 4090 in
454 4030 645 4107 episcopum
654 4045 750 4091 suurn
764 4033 924 4092 canonice
978 4030 1054 4090 illos
1064 4032 1137 4108 post
1145 4030 1327 4107 legitimam
1339 4033 1596 4110 appellationem
1609 4035 1775 4096 intrusum

129 4145 168 4191 ac
183 4128 392 4190 concorditer
406 4127 592 4204 elegerunt,
609 4143 709 4204 super
730 4145 794 4205 quo
823 4128 922 4189 etiam
978 4142 1193 4189 consecrasse
1216 4129 1422 4205 praedictum,
1439 4145 1500 4207 pro
1514 4130 1618 4192 tantae
1635 4132 1776 4193 temeri-

128 4225 281 4288 exhibuit
301 4226 470 4287 decretum
493 4225 640 4302 ejusdem
656 4224 793 4303 capituli
808 4225 924 4301 singu·
977 4225 1055 4285 tatis
1065 4240 1206 4286 excessu
1216 4242 1395 4302 suspensos
1408 4227 1450 4288 ad
1464 4229 1614 4289 nostram
1628 4244 1777 4306 praesen-

129 4324 236 4384 lorum
263 4321 540 4398 suscriptionibus
568 4320 768 4384 roboratum.
801 4324 923 4383 Verum
978 4322 1059 4382 tiam
1073 4323 1289 4385 destinarent.
1305 4325 1420 4401 Nuper
1434 4325 1545 4387 autem
1560 4325 1651 4387 idem
1664 4327 1776 4388 archi·

128 4418 423 4490 Wateriordensis,
440 4418 637 4479 imilicensis
653 4419 923 4482 etLimiricensis
978 4418 1138 4481 diaconus
1166 4420 1296 4484 litteras
1325 4421 1421 4483 nobis
1448 4421 1604 4485 exhibuit
1624 4425 1777 4502 jndicem

128 4517 276 4595 episcopi
293 4516 474 4577 Robertum
493 4518 646 4586 Travers,
663 4533 723 4594 per
742 4518 923 4594 potentiam
978 4517 1211 4593 praedictorum
1235 4519 1455 4592 continentes,
1485 4520 1572 4597 quod
1599 4520 1678 4598 ipsi,
1703 4536 1775 4583 cnm

128 4619 167 4678 G.
186 4614 228 4677 de
247 4613 403 4684 Marisco,
419 4612 596 4690 Justitiarii
615 4613 796 4683 Hiberniae,
817 4630 925 4676 avun-
978 4613 1019 4674 de
1033 4614 1215 4676 idoneitate
1226 4631 1377 4692 personae
1387 4618 1421 4679 et
1434 4617 1598 4678 canonica
1612 4619 1778 4682 electione

115 4713 197 4777 ¹culi
211 4713 275 4784 sui,
291 4711 456 4774 violenter
469 4711 504 4771 in
528 4710 705 4772 ecclesiam
731 4711 838 4788 ipsam
851 4713 925 4789 post
978 4709 1110 4787 praelati
1132 4711 1372 4782 archidiaconi,
1400 4729 1441 4774 ac
1464 4713 1642 4776 manifesta
1669 4716 1778 4778 intru-

128 4813 201 4889 ejus
229 4808 424 4874 electionem
462 4808 638 4880 intrusum,
669 4823 867 4870 consecrare
888 4810 924 4871 in
979 4807 1073 4869 sione
1081 4809 1242 4886 jamdicti
1263 4812 1301 4871 R.
1319 4810 1368 4870 eis
1388 4811 1538 4887 plenarie
1558 4813 1774 4885 constitisset,

128 4911 201 4986 ejus
210 4907 404 4983 episcopum
419 4907 713 4981 praesumpserunt,
724 4908 799 4981 post
809 4906 925 4983 appel·
979 4904 1175 4966 electionem
1201 4906 1243 4967 de
1270 4907 1344 4983 ipso
1364 4907 1604 4971 archidiacono
1622 4911 1776 4972 celebra·

130 5005 288 5067 lationem
315 5003 357 5063 ad
384 5017 444 5062 nos
467 5002 616 5079 legitime
645 5002 863 5078 interjectam,
889 5005 924 5065 iu
979 5003 1057 5074 tam,
1087 5005 1198 5065 amoto
1227 5004 1405 5081 saepedicto
1434 5007 1487 5078 R„
1510 5005 1552 5068 de
1575 5007 1775 5083 prudentum

130 5099 381 5165 excusationem
422 5099 692 5177 praesumptionis
734 5100 923 5177 hujusmodi
979 5101 1128 5162 virorum
1146 5101 1287 5163 consilio
1312 5103 1562 5175 confirmarunt,
1579 5106 1775 5167 mandantes

130 5196 387 5278 praetendentes,
398 5196 483 5272 quod
495 5197 614 5258 electio
624 5197 665 5257 de
679 5197 767 5259 dicto
781 5198 924 5260 Roberto
979 5198 1178 5259 cassellensi
1192 5199 1362 5275 praedicto,
1384 5201 1421 5261 ut
1445 5200 1599 5262 eumdem
1628 5201 1667 5263 in
1691 5205 1778 5264 hao-

130 5294 331 5374 praesumpta
362 5307 422 5369 per
455 5292 630 5369 quemdam
672 5293 922 5366 subdiaconum,
979 5295 1129 5355 niensem
1153 5296 1345 5374 episcopum
1369 5299 1596 5359 consecraret.
1618 5299 1777 5361 Exhibuit

131 5409 227 5472 quem
238 5389 440 5452 venerabilis
455 5389 559 5450 irater
574 5394 723 5453 noster...
736 5386 926 5454 casselleu-
979 5407 1109 5469 quoque
1136 5393 1241 5454 nobis.
1255 5393 1342 5454 idem
1364 5394 1624 5457 archidiaconns
1649 5397 1776 5459 litteras

131 5491 179 5551 sis
189 5488 459 5566 archiepiscopus
471 5488 745 5563 metropolitanus
755 5489 831 5561 loci,
844 5493 924 5552 tunc
978 5488 1086 5565 ipsius
1111 5489 1353 5567 archiepiscopi
1392 5491 1626 5564 cassellensis,
1658 5493 1776 5570 quibus

131 5588 171 5649 ad
187 5585 408 5665 apostolicam
419 5583 537 5645 Sedem
547 5585 717 5657 venturus,
728 5589 925 5662 procurato·
979 5586 1154 5657 fatebatur,
1168 5604 1203 5647 se
1216 5589 1256 5649 de
1272 5589 1330 5648 illo
1345 5588 1571 5651 consecrando
1584 5591 1776 5654 mandatum
