3774 6186
94 280 161 341 ωδ

94 437 238 501 neumis
260 440 294 500 ln
317 440 459 509 nomine,
482 437 537 498 sed
559 435 721 498 etiamad
745 435 895 511 posteros

94 536 294 612 prorogabis
313 537 347 596 in
363 551 478 611 opere;
499 534 629 610 siquod
651 533 708 592 ille
731 532 897 592 ferventer

94 632 131 693 in
150 635 306 695 aiiectum
329 636 564 708 assumpserat,
579 635 614 692 tu
628 629 805 690 salubriter
820 643 896 704 per-

94 729 233 791 duxeris
248 732 288 790 ad
304 731 472 790 effectum!
491 727 583 789 Nihil
597 742 676 800 ergo
688 727 722 786 in
736 727 827 786 tanto
842 741 896 784 ne·

95 831 189 901 gotio
206 828 256 888 rel
271 831 306 889 tu
320 828 390 903 ipse
410 827 542 888 omittas
558 825 609 884 vel
623 841 643 885 a
655 824 721 885 tuis
736 825 894 899 quantum

96 923 132 983 in
159 926 315 986 tefuerit
339 924 477 1000 patiaris
502 922 619 988 omitti,
643 921 798 997 quoniam
821 934 894 980 cum

95 1019 159 1081 tibi
168 1021 270 1082 robur
281 1022 388 1082 aetatis
401 1020 545 1081 sufficiat
558 1021 592 1080 et
606 1017 750 1094 potentia
763 1015 894 1076 virtutis

98 1117 254 1188 abundet,
283 1120 310 1179 si
336 1119 430 1188 torte,
452 1117 536 1194 quod
556 1117 653 1186 absit,
676 1118 741 1176 tam
762 1114 895 1174 lavora-

99 1214 165 1276 bile
192 1217 361 1291 negotium
387 1214 591 1290 neglexeris,
619 1215 741 1289 quanto
767 1214 893 1286 majora

101 1311 139 1372 de
154 1330 254 1373 manu
270 1312 577 1387 Dominirecepisti,
591 1313 683 1372 tanto
696 1309 727 1370 id
741 1311 803 1369 ate
819 1323 893 1368 ma-

98 1411 180 1484 joris
205 1410 389 1472 exactionis
411 1409 558 1485 periculo
581 1408 777 1484 requiretur.
811 1404 893 1464 lllud

103 1511 208 1568 antem
226 1509 330 1569 latere
342 1509 374 1568 te
390 1506 648 1581 nolumus,quod
662 1520 736 1565 cum
752 1503 895 1562 redeun-

102 1604 186 1664 tibus
215 1605 329 1665 multis
363 1603 474 1665 brevis
509 1585 562 1673 sit,
584 1603 670 1663 sicut
692 1600 891 1675 accepimus,

101 1703 267 1763 exercitus
291 1703 506 1771 christianus,
529 1701 594 1760 nisi
614 1713 808 1759 succursum
828 1696 892 1755 ba-

98 1797 209 1859 buerit
219 1800 253 1858 in
265 1801 416 1876 proximo
430 1797 583 1876 passagio
594 1794 717 1864 martii,
726 1810 891 1867 magnum,

97 1896 184 1971 quod
203 1900 289 1957 Deus
303 1899 442 1967 avertat,
451 1897 562 1973 posset
576 1895 625 1954 eis
638 1892 811 1952 imminere
826 1890 895 1949 dis-

96 1995 237 2054 crimen.
261 1995 353 2055 Unde
374 2011 440 2055 nou
457 1993 629 2069 impedias,
646 1990 703 2050 sed
725 2003 891 2065 procures,

96 2094 130 2154 ut
143 2092 174 2151 si
182 2092 288 2168 aliqui
300 2092 407 2152 medio
417 2093 564 2166 tempore
575 2084 892 2166 praeparenturquod

96 2189 128 2251 in
153 2189 272 2249 eodem
289 2189 442 2265 passagio
457 2190 639 2257 transeant,
657 2187 818 2261 quatenus
840 2198 894 2242 re-

96 2288 237 2362 paretur
251 2286 351 2347 robur
372 2286 539 2346 exercitus
554 2288 587 2344 et
601 2283 807 2344 restauretur
828 2296 893 2339 nu-

96 2400 213 2444 merus
232 2383 449 2451 bellatorum
471 2385 503 2443 et
517 2382 565 2441 sic
584 2379 714 2440 facilius
733 2381 766 2439 et
779 2376 894 2438 eillca-

96 2481 170 2541 cius
187 2479 248 2541 sub
268 2496 326 2556 spe
344 2480 465 2540 divinae
483 2479 666 2539 clementiae
682 2475 892 2552 prosequaris

97 2578 341 2653 inceptaque
356 2579 384 2637 si
402 2576 498 2652 quasi
519 2591 538 2635 a
555 2576 662 2651 capite
681 2574 847 2649 oporteret
861 2571 893 2631 te

98 2692 284 2743 resumere,
313 2674 373 2734 sub
399 2673 499 2732 dubio
532 2672 642 2732 forsan
671 2673 790 2730 eventu
825 2671 892 2729 tam

98 2773 226 2847 grande
257 2772 436 2845 negotium,
462 2771 548 2846 quod
576 2785 680 2845 usque
702 2784 790 2827 nunc
811 2767 892 2826 satis

98 2883 294 2943 prosperum
317 2867 442 2936 babuit,
459 2865 598 2926 Domino
620 2864 793 2939 dirigente,
815 2877 893 2937 pro-

97 2980 262 3039 gressum.

137 3063 257 3122 Datum
279 3064 391 3132 Reate,
412 3060 563 3121 kalendis
587 3058 742 3129 octobris,
759 3056 893 3134 pontill-

99 3162 194 3221 catus
212 3159 316 3219 nostri
329 3174 416 3220 anno
432 3160 558 3235 quarto.

434 3354 559 3439 XXIV

98 3485 892 3561 Adiiiiiocrsosarchiepiscopospchcutooinm

390 3584 602 3643 constitutos,
825 3583 832 3596 '

394 3706 405 3761 l
418 3703 510 3761 octob.
523 3705 599 3761 lats.

128 3811 249 3873 illapsu„
262 3810 306 3858 lib.
322 3811 364 3867 lll,
377 3810 450 3875 epist.
461 3810 516 3859 533.
528 3812 585 3860 blss.
595 3812 629 3860 La
641 3812 712 3860 Porta
725 3812 759 3860 du
771 3813 863 3874 linit]

99 3919 136 3977 Ut
152 3918 595 3974 denuncientexcommunicatos
605 3934 705 3975 omnes
716 3934 772 3975 nou
783 3920 892 3977 solven-

294 4014 442 4063 tcsvotum
457 4008 528 4062 ultra
544 4007 696 4065 marinum.
771 3990 776 4001 ’

140 4114 318 4185 Honorius,
354 4118 429 4185 etc,
457 4115 702 4175 venerabilibus
732 4116 890 4176 iratribus

99 4212 265 4271 uniuersis
278 4212 549 4288 archiepiscopis,
564 4214 737 4289 episcopis,
752 4216 785 4274 et
795 4214 892 4274 dilec-

99 4309 143 4369 tis
179 4309 257 4368 llliis
283 4309 404 4370 Christi
432 4310 585 4370 tidelibus
612 4311 890 4386 pertentantem

98 4407 298 4477 constitutis,
313 4406 464 4477 salutem,
479 4410 541 4468 etc.

139 4504 186 4563 Ile
200 4505 328 4563 secreto
339 4505 447 4564 Patris
458 4506 492 4564 in
507 4505 672 4581 publicum
685 4522 838 4580 egressus
849 4507 890 4566 ad

99 4601 889 4673 servosRextlliusadimadesceudit,utsnbditis

99 4698 137 4757 ad
156 4714 284 4757 summa
296 4702 428 4773 pararet
437 4716 623 4770 ascensum,
637 4699 698 4760 suh
711 4702 796 4762 testa
812 4719 891 4762 nos-

99 4795 156 4856 lrae
166 4795 377 4855 mortalitatis
387 4797 506 4870 tiqulus
516 4796 887 4868 interrisvisus,etcuru

99 4891 286 4951 bominibus
301 4894 528 4953 conversatus.
545 4894 606 4965 Qui
620 4894 752 4954 tandem
769 4897 804 4956 ut
817 4912 890 4955 nos·

99 4992 154 5051 trae
174 4989 345 5049 servitutis
367 4989 622 5066 chirographum
643 5007 704 5052 suo
725 4993 888 5067 sanguine

99 5085 306 5157 :ancellaret
320 5089 354 5146 et
363 5088 648 5163 temporalimorte
657 5088 763 5164 legem
772 5090 887 5151 mortis

99 5181 242 5244 aboleret
255 5185 402 5250 aetcrnae,
422 5200 488 5243 non
503 5184 683 5246 declinavit
697 5187 884 5263 opprobria,

100 5297 156 5341 ron
168 5297 206 5341 se
222 5280 388 5341 subtraxit
397 5281 542 5357 injuriis,
560 5281 616 5342 sed
632 5284 724 5344 cruci
739 5300 775 5345 se
785 5284 885 5345 obtu-

100 5378 137 5448 it,
147 5376 395 5440 etcruciatibus
405 5379 489 5442 ultro
498 5380 597 5440 dedit
611 5382 697 5442 Sane
709 5383 750 5443 ad
764 5383 886 5444 Christi

717 274 945 339 EPlSTOLAE.
968 275 1046 335 hin.
1072 277 1124 334 li'.

1684 278 1749 376 spo-

951 446 1099 493 mensam
1121 431 1251 515 invitati
1267 433 1471 496 Christicolae
1487 436 1515 495 si
1531 435 1744 498 considerare

952 529 1056 589 velint
1070 529 1231 605 apposita,
1247 533 1283 591 ut
1297 533 1330 591 et
1343 531 1406 608 ipsi
1421 533 1544 594 similia
1555 536 1744 610 praeparent

951 625 991 685 ad
1008 627 1116 687 crucis
1132 626 1324 704 obsequium
1337 645 1401 688 non
1411 629 1617 706 tantumjam
1632 647 1744 692 cruce·

951 722 1746 801 signati,sedetaliiseaccingent.Porrodolen·

949 821 999 879 tes
1012 820 1197 891 referimus,
1209 821 1294 897 quod
1307 823 1457 882 nonnulli
1467 823 1507 882 de
1519 824 1660 899 imperio
1676 841 1742 885 lion

950 917 1016 976 tam
1038 917 1194 988 minores,
1219 933 1316 994 quam
1332 921 1476 995 maiores
1496 920 1626 991 taciem,
1645 938 1743 998 quam

950 1013 984 1072 in
1007 1013 1191 1075 Jerusalem
1205 1014 1368 1076 direxisse
1388 1016 1552 1089 videntur,
1565 1018 1745 1079 creduntur

950 1111 1152 1172 convertisse
1168 1114 1242 1187 post
1253 1115 1394 1188 tergum,
1412 1131 1486 1173 cum
1502 1131 1562 1175 nec
1578 1116 1744 1191 prosecuti

950 1207 1016 1267 sint
1029 1210 1140 1268 votum
1155 1210 1323 1280 emissum,
1346 1226 1406 1271 nec
1435 1212 1676 1287 prosecutionis
1690 1229 1746 1273 ex·

950 1304 1118 1366 hibuerint
1145 1305 1305 1367 hactenus
1327 1311 1542 1384 apparatum3
1565 1309 1651 1370 unde
1684 1326 1744 1370 nos

949 1417 1063 1460 eorum
1099 1402 1210 1473 saluti,
1240 1407 1273 1464 et
1300 1407 1411 1465 Terrae
1442 1408 1571 1467 Sanctae
1598 1406 1744 1467 subsidio

949 1498 1124 1572 providere
1153 1500 1311 1571 volentes,
1341 1502 1391 1561 eis
1415 1506 1541 1562 certum
1565 1504 1744 1565 terminum

950 1595 1106 1655 duximus
1122 1597 1368 1673 praeligendum,
1386 1614 1451 1674 quo
1465 1600 1650 1674 inciperent
1664 1602 1742 1661 red-

949 1692 1027 1752 dere
1047 1695 1185 1754 Domino
1198 1697 1273 1754 vota
1294 1711 1364 1756 sua.
1384 1697 1446 1756 Sed
1463 1713 1524 1757 nec
1547 1698 1665 1768 inille,
1684 1712 1745 1759 nec

950 1789 983 1848 in
999 1790 1077 1860 alio,
1093 1806 1189 1866 quern
1203 1792 1383 1867 adjecimus
1397 1795 1511 1869 paucis
1525 1795 1672 1871 exceptis
1687 1811 1745 1870 pe-
1804 1800 1817 1827 ⁶

949 1888 1186 1961 regrinationis
1203 1889 1347 1948 debitum
1365 1890 1538 1951 exsolvere
1559 1893 1743 1967 promissae,

949 1984 1028 2059 quin
1055 1983 1154 2044 immo
1179 2001 1240 2046 nec
1274 1986 1392 2047 votivae
1414 1988 1601 2057 solutionis,
1619 1988 1743 2050 iudicia

949 2082 1205 2156 praetenderunt.
1232 2083 1323 2143 Unde
1339 2084 1372 2142 in
1388 2086 1741 2154 excommunicationis

949 2177 1096 2238 incidero
1122 2179 1330 2250 sententiam,
1349 2196 1459 2256 quam
1481 2182 1515 2242 in
1540 2182 1623 2242 tales
1645 2185 1741 2257 Juxta

948 2274 1115 2347 generalis
1130 2278 1252 2336 statuta
1262 2277 1401 2336 Consilii
1412 2279 1573 2353 jussimus
1591 2281 1740 2354 promul-

948 2371 1031 2445 gari.
1049 2372 1131 2441 Quid
1148 2374 1257 2433 autern
1272 2373 1306 2432 hi
1321 2375 1424 2434 asnis
1439 2374 1652 2435 inferioribus
1668 2391 1742 2451 gra·

948 2468 1066 2528 tuitnm
1088 2469 1238 2543 exigunt,
1258 2470 1314 2546 qui
1337 2471 1455 2546 majori
1477 2473 1510 2532 et
1530 2471 1646 2533 factori
1671 2490 1743 2544 sue,

948 2568 1064 2639 sponte
1091 2565 1201 2626 oblata
1224 2570 1257 2626 et
1282 2567 1417 2626 omnino
1435 2570 1505 2641 jam
1530 2568 1652 2639 debita,
1678 2586 1744 2630 nou

948 2662 1135 2723 exsolvunt.
1153 2663 1235 2733 Quia
1251 2679 1328 2723 vero
1342 2666 1531 2725 multotiens
1543 2666 1644 2726 multa
1658 2666 1744 2728 bona

950 2760 1146 2833 praestantur
1160 2760 1273 2820 inritis
1289 2762 1321 2821 et
1330 2761 1495 2822 salubrem
1512 2762 1611 2824 habet
1621 2764 1744 2825 coactis

948 2855 1220 2933 quandocumque
1247 2858 1439 2932 proiectum,
1459 2875 1533 2919 cum
1549 2876 1742 2920 excommu-

949 2950 1125 3010 nicationis
1165 2952 1328 3012 sententia
1367 2953 1572 3013 medicinalis
1606 2955 1738 3025 exulat,

950 3047 1161 3120 praesentium
1190 3047 1283 3107 vobis
1310 3049 1507 3110 auctoritate
1532 3051 1739 3121 mandamus,

947 3145 1745 3219 quatenusdenuntietisgeneralitertalesexcom·

948 3240 1180 3302 municationis
1195 3242 1329 3301 vinculo
1342 3241 1526 3316 subjacere,
1544 3243 1611 3305 illis
1626 3260 1743 3321 excep·

948 3337 1098 3413 tis,quos
1122 3341 1249 3413 justum
1278 3339 1549 3414 impedimentum
1574 3342 1744 3402 evidenter

947 3436 1094 3495 excusat.
1105 3436 1382 3511 Verumquianon
1395 3436 1576 3507 vinculum,
1590 3438 1646 3499 sed
1659 3439 1745 3498 solu·

947 3531 1070 3592 tionem
1087 3533 1265 3608 quaerimus
1286 3534 1485 3604 animarum,
1502 3534 1556 3609 pia
1578 3535 1744 3596 delibera-

948 3628 1037 3688 tione
1052 3629 1266 3705 providimus,
1282 3632 1318 3691 ut
1329 3631 1357 3689 si
1373 3631 1429 3707 qui
1443 3647 1486 3691 ex
1497 3631 1618 3692 talibus
1636 3631 1741 3693 bene-

949 3725 1060 3786 ticium
1069 3725 1288 3788 absolutionis
1298 3727 1463 3803 petierint,
1475 3744 1535 3804 per
1543 3745 1600 3790 vos
1609 3731 1743 3807 recepto

943 3824 1134 3896 juramento
1150 3824 1190 3884 da
1205 3824 1322 3885 stando
1336 3825 1500 3886 mandatis
1518 3826 1667 3888 ecclesiae
1682 3827 1743 3888 ab·
1807 3849 1816 3855 ·

948 3919 1131 3991 solvantur,
1168 3920 1287 3996 quihus
1322 3921 1451 3996 iniungi
1492 3923 1646 3983 volumus
1680 3924 1742 3985 sub

946 4014 1054 4079 debito
1076 4017 1212 4092 praestiti
1230 4018 1423 4093 juramenti,
1442 4021 1476 4079 ut
1490 4019 1524 4079 in
1545 4021 1629 4080 sesto
1654 4019 1742 4082 beati

946 4112 1114 4173 Benedicti
1144 4112 1296 4188 proximo
1327 4112 1449 4185 tuturo,
1484 4115 1537 4175 vel
1573 4118 1650 4176 ante
1686 4117 1741 4193 qui

947 4209 1122 4279 volueriut,
1145 4210 1210 4270 nisi
1221 4212 1313 4286 justo
1326 4213 1358 4271 et
1372 4210 1516 4272 evidenti
1533 4212 1655 4273 luerint
1671 4214 1739 4273 im-

946 4306 1133 4382 pedimento
1155 4307 1289 4378 detenti,
1311 4309 1375 4368 iter
1393 4309 1558 4385 arripiant
1575 4310 1610 4370 in
1625 4311 1739 4371 subsi-

946 4404 1034 4463 dium
1063 4406 1175 4464 'l'errae
1212 4407 1353 4477 Sanctae,
1380 4422 1431 4474 ac,
1454 4411 1553 4483 prout
1582 4409 1741 4469 hominus

945 4501 1082 4570 dederit,
1097 4505 1350 4578 prosequantur.
1364 4504 1446 4563 illud
1462 4508 1572 4566 autem
1586 4506 1741 4568 nolumus

945 4602 978 4659 et
991 4615 1049 4659 vos
1062 4599 1310 4673 crucesignatos
1323 4599 1437 4672 latere,
1451 4604 1536 4679 quod
1550 4605 1636 4666 sicut
1649 4621 1741 4666 acce·

945 4697 1052 4771 pimus
1068 4696 1132 4755 uisi
1157 4696 1189 4756 in
1208 4698 1361 4772 passagio
1387 4700 1498 4759 martii
1519 4700 1622 4777 aliqui
1645 4704 1741 4762 tran·

948 4796 1042 4855 soant
1069 4793 1109 4854 ad
1133 4810 1325 4853 succursum
1353 4796 1519 4855 exercitus
1545 4797 1737 4871 Christiani,

943 4907 1055 4966 grave,
1070 4908 1153 4968 quos
1175 4894 1262 4951 heris
1282 4894 1421 4962 avertat,
1436 4895 1545 4967 posset
1561 4894 1609 4953 eis
1629 4895 1740 4957 immi-

943 5004 1022 5050 nere
1037 4990 1228 5059 discrimen,
1246 5005 1306 5049 nec
1321 4992 1409 5050 essct
1423 4990 1521 5051 facile
1536 4993 1631 5068 quasi
1646 5009 1665 5052 a
1682 5010 1740 5055 ca·

944 5088 1009 5163 pite
1024 5087 1084 5146 sub
1099 5087 1199 5147 dnbio
1213 5088 1325 5147 l'orsan
1339 5090 1470 5159 eventu,
1483 5104 1652 5151 resumere
1662 5093 1739 5153 tan-

941 5189 1010 5247 tum
1025 5185 1205 5259 negotium,
1218 5185 1304 5261 quod
1321 5202 1423 5262 usque
1440 5203 1525 5246 nunc
1542 5203 1736 5263 prosperum

941 5281 1067 5352 habuit,
1084 5283 1223 5342 Domino
1239 5283 1412 5358 dirigente,
1427 5299 1630 5359 processum.

982 5383 1099 5441 hatum
1117 5383 1230 5451 Reate,
1248 5381 1314 5441 kal.
1331 5380 1476 5441 octobris
1489 5397 1576 5441 atino
1592 5387 1721 5460 quarto.
