3824 6180
136 286 176 343 43
752 283 928 345 sorvoau
949 283 995 344 ιιι
1015 285 1163 346 orsas.
1710 352 1716 361 x
1749 285 1789 342 44

139 445 278 506 fratrum
300 445 488 507 nostrorum
510 442 650 507 consilio
674 443 830 505 duximus
853 458 936 505 con-
988 442 1121 505 veniam
1146 443 1312 520 flagitanti
1332 445 1431 522 juxta
1463 443 1603 506 sormam
1634 439 1787 505 ecclesiae

139 540 352 609 firmandum,
388 556 450 617 per
470 540 662 617 apostolica
688 540 783 601 vobis
811 540 934 616 scripta
989 555 1109 601 munus
1141 540 1280 603 fecimus
1309 540 1527 604 absolutionis
1562 538 1726 617 impendi,
1755 540 1789 599 et

139 638 346 710 mandantes,
362 641 527 714 quatenus
541 638 648 699 eidem
663 637 769 698 electo
779 638 934 715 tanquam
989 651 1063 697 cum
1075 638 1276 715 requirimus
1288 638 1329 699 ab
1342 654 1382 700 eo
1394 637 1456 698 sub
1468 637 1578 699 debito
1589 634 1784 715 iuramenti,

139 735 264 810 pastori
291 735 477 796 animarum
498 737 684 797 vestrarum
714 735 934 796 obedientiam
989 735 1075 814 quod
1095 735 1192 797 nobis
1212 736 1424 814 prestiterat,
1451 738 1562 797 utrum
1586 734 1659 811 post
1680 733 1787 795 inler-

138 832 172 892 et
189 831 410 893 reverentiam
439 831 584 895 debitam
609 833 832 910 impendatis,
861 835 934 910 eius
988 833 1112 895 dictum
1135 833 1236 910 legati
1259 833 1408 911 praedicti
1431 831 1544 894 divina
1565 830 1674 893 officia
1697 828 1787 891 cele-

136 927 327 989 salnbribus
356 929 491 991 monitis
518 932 552 992 et
573 930 739 992 mandatis
765 929 936 992 humiliter
988 930 1134 1000 brasset,
1163 931 1295 1009 dequo
1325 932 1433 1008 ipsum
1459 928 1663 991 habebamus
1690 925 1786 988 valde

136 1023 357 1087 intendentes.
381 1027 451 1087 Nos
480 1026 570 1088 enim
595 1027 815 1097 sententiam,
835 1042 935 1103 quam
988 1030 1189 1108 suspectum,
1207 1027 1296 1090 idem
1317 1029 1351 1090 id
1370 1025 1678 1104 negavitomnino:
1700 1024 1785 1086 unde

136 1123 347 1185 rationaliter
357 1123 473 1185 tulerit
494 1124 530 1184 in
544 1124 684 1186 rebelles
705 1125 814 1187 ratam
827 1123 935 1186 habe-
988 1124 1097 1204 ipsum
1119 1142 1195 1188 curn
1219 1127 1343 1188 nostrae
1365 1126 1482 1201 matiae
1497 1121 1703 1202 plenitudine
1726 1137 1784 1182 re-

138 1236 223 1292 mus,
240 1222 274 1282 et
291 1219 451 1283 iaciemus
472 1223 608 1284 auctore
622 1223 761 1284 Domino
776 1222 933 1300 usquead
989 1223 1166 1296 mittentes,
1176 1225 1295 1286 vestrae
1306 1222 1517 1284 universitati
1526 1235 1586 1298 per
1594 1218 1784 1296 apostolica

139 1316 399 1380 satisfactionem
414 1319 611 1395 condignam
625 1318 863 1382 inviolabiliter
881 1318 936 1381 ob
988 1319 1112 1398 scripta
1135 1319 1345 1392 mandamus,
1372 1319 1536 1396 quatenus
1560 1316 1592 1378 ei
1615 1318 1784 1394 tamquam

136 1414 278 1476 servari.
301 1416 420 1478 Datum
435 1414 603 1489 Laterani,
623 1418 669 1479 111
682 1432 788 1478 nonas
803 1432 935 1478 novem·
988 1417 1143 1495 episcopo
1157 1417 1191 1478 et
1204 1416 1330 1494 pastori
1345 1415 1531 1477 animarum
1545 1412 1736 1475 vestrarum
1750 1412 1784 1474 in

137 1509 218 1583 bris,
234 1511 445 1588 pontificatus
457 1514 562 1576 nostri
580 1529 668 1576 anno
682 1514 793 1576 tertio.
988 1512 1053 1584 his,
1070 1528 1144 1590 quae
1158 1512 1200 1573 ad
1221 1512 1396 1573 Dominum
1411 1509 1587 1587 pertinent,
1604 1507 1783 1570 intendatis

177 1611 221 1669 In
247 1612 406 1671 cumdem
428 1612 505 1685 scre
536 1615 676 1674 modum
704 1611 862 1689 scriptum
884 1611 935 1673 est
988 1609 1159 1671 humiliter
1172 1612 1205 1671 et
1219 1609 1348 1671 devote.
1365 1610 1483 1669 Datum
1501 1606 1670 1677 Laterani,
1688 1605 1783 1667 nonis

138 1703 319 1768 Bituricen.
334 1706 557 1783 electeusque
569 1708 934 1786 observationisque
987 1706 1188 1780 novembris,
1204 1706 1415 1783 pontificatus
1431 1705 1537 1767 nostri
1560 1719 1649 1765 anno
1670 1703 1781 1765 tertio.

137 1801 349 1865 commissam
375 1803 437 1866 tibi
464 1805 721 1867 sollicitudinem
750 1805 932 1867 Bituricen.

138 1899 288 1960 ecclesiae
309 1900 357 1961 ita
371 1899 584 1964 laudabiliter
597 1917 756 1963 exercere
776 1918 934 1978 procures
1305 1902 1468 1989 XXXV]

138 1996 174 2057 ut
194 1995 340 2093 'im
360 1997 518 2074 processe
540 1998 751 2077 ⁹⁰¹³¹¹⁸q¹¹³¹¹¹
776 2015 931 2076 preesse,
1017 2047 1070 2106 aa
1079 2044 1436 2120 morescarrauoea
1450 2043 1537 2107 erae
1551 2042 1662 2104 Porta
1676 2044 1750 2104 net

137 2093 303 2155 acaedam
316 2095 470 2167 ecclesia,
487 2111 560 2172 quae
571 2096 655 2158 tead
668 2112 765 2157 suum
775 2096 934 2158 accedere

137 2190 286 2266 regimen
300 2191 500 2268 concupivit,
517 2194 623 2269 perte
648 2194 683 2254 in
703 2193 933 2270 spiritualibus
1254 2154 1419 2215 mmuh·
1436 2156 1515 2214 ”¹⁸¹

137 2287 169 2349 et
183 2286 420 2363 temporalibus
432 2289 619 2369 suscepisse
648 2290 792 2369 gaudeat
815 2290 931 2353 incre,
1033 2262 1208 2328 menti-,lib
1219 2263 1262 2321 111,
1274 2277 1314 2327 qr.
1328 2262 1449 2313 som.
1460 2261 1582 2312 hPorto
1596 2260 1631 2310 du
1641 2259 1738 2378 thail]

986 2371 1022 2429 Ut
1040 2368 1172 2443 modam
1189 2369 1220 2426 in
1239 2369 1412 2426 monasterio
1434 2369 1569 2426 Usercen.
1588 2373 1738 2440 oorngant
1754 2374 1782 2424 et

1300 2456 1466 2516 reforment

464 2499 607 2586 XXXV
1024 2566 1203 2639 Honorius,
1229 2566 1304 2636 etc,
1334 2566 1533 2628 Cartalicen.
1558 2565 1592 2627 et
1616 2565 1658 2626 de
1681 2566 1780 2627 Porta

374 2625 691 2686 aamoravonses.
985 2664 1046 2725 oei
1071 2662 1237 2740 priorious
1265 2663 1474 2725 Lemovices.
1497 2662 1661 2735 dioecesis,
1692 2663 1727 2724 et
1749 2665 1779 2725 ι.

401 2734 567 2794 bnovemb.
584 2737 663 2794 ¹²¹⁸·
985 2760 1186 2823 subdiacono
1196 2762 1310 2822 nostro
1317 2761 1478 2822 canonico
1486 2759 1778 2831 lemovicen.,eto.

282 2837 413 2905 [mernor.
425 2841 492 2890 ¹¹⁰⁰·
506 2841 642 2903 amarum,
653 2842 678 2902 ⁶.
693 2857 721 2893 ¹¹·
734 2841 786 2908 n·]
1025 2857 1297 2934 Significantibus
1324 2858 1455 2919 dilectis
1482 2857 1562 2918 tiliis
1590 2860 1625 2919 S.
1654 2858 1777 2934 priore,

132 2937 368 3007 limavienslbus,
380 2944 411 2995 ut
422 2939 558 3015 episcopo
569 2955 646 2998 suoa
659 2943 799 3000 sententia
811 2957 926 3003 excom
983 2957 1037 3015 w,
1055 2956 1242 3033 praeposito,
1255 2958 1294 3017 R.
1308 2955 1460 3025 sacrista,
1473 2956 1503 3018 J.
1515 2954 1779 3031 eleemosynario

210 3027 414 3085 ffl⁰ss¹⁰⁰¹¹⁰⁰¹⁸
428 3026 557 3085 ⁰¹³⁸⁰¹¹¹¹⁰
570 3027 715 3100 Mili»
726 3031 852 3090 mindi&
983 3053 1016 3114 et
1034 3051 1230 3130 quibusdam
1244 3051 1321 3113 aliis
1335 3052 1508 3114 monacbis
1527 3053 1686 3114 Usercen
1708 3067 1781 3112 mo-

137 3152 140 3159 ·
174 3136 341 3197 Honorius
354 3136 539 3212 episcopus,
551 3136 681 3200 dilectis
694 3139 772 3200 tiliis
783 3142 928 3219 capitulo
982 3150 1133 3221 nasterii,
1145 3149 1354 3211 Lemovicen.
1366 3149 1531 3221 diocesis,
1544 3165 1606 3210 nos
1618 3149 1781 3211 noveritis

134 3231 167 3293 et
181 3232 337 3294 universo
357 3231 447 3294 clero
465 3232 499 3294 et
513 3233 635 3312 populo
649 3237 926 3313 moraviensibus,
982 3248 1162 3324 accepisse,
1179 3246 1354 3324 quodcum
1368 3247 1605 3308 monasterium
1619 3245 1730 3322 ipsum
1746 3246 1780 3306 in

133 3329 285 3391 salutem.
982 3342 1213 3420 spiritualibus
1237 3342 1401 3412 floruerit,
1425 3346 1459 3406 et
1482 3344 1518 3405 in
1540 3343 1781 3420 temporalibus

172 3428 212 3488 at
226 3424 366 3487 verbera
378 3425 483 3503 patris
495 3428 528 3489 et
542 3425 645 3491 ubera
657 3431 773 3492 matris
787 3434 929 3510 Aposto-
981 3440 1201 3502 abundaverit
1219 3439 1262 3501 ab
1280 3441 1433 3518 antiquo,
1458 3457 1547 3502 nunc
1560 3443 1698 3518 proptor
1715 3455 1780 3502 ns-

132 3520 198 3584 lica
222 3523 324 3584 Sedes
344 3521 483 3595 habens,
508 3524 558 3585 sic
572 3527 710 3603 corripit
725 3528 810 3591 tilios
825 3530 928 3593 delin-
980 3537 1186 3614 gligentiam,
1209 3553 1269 3598 seu
1287 3538 1448 3600 malitiam
1463 3538 1572 3615 potius
1596 3537 1780 3600 sabbatis

132 3622 280 3697 quantos,
301 3622 339 3682 ut
356 3621 524 3682 correctos
537 3623 776 3686 consolationis
798 3628 927 3692 reficiat
980 3635 1128 3712 ejusdem
1149 3634 1292 3696 coenobil
1318 3636 1500 3713 collapsum
1525 3637 1577 3697 est
1603 3636 1718 3697 taliter
1742 3635 1781 3697 iu

131 3715 293 3788 ubertate,
307 3733 349 3778 ne
362 3732 398 3778 se
410 3717 513 3794 virgae
526 3721 649 3795 passim
661 3727 823 3798 parceret,
840 3725 926 3788 tilios
981 3733 1141 3810 utrisque,
1162 3733 1248 3809 quod
1269 3733 1335 3794 nisi
1354 3749 1414 3810 per
1430 3732 1688 3794 sollicitudinem
1704 3749 1780 3796 nos·

131 3812 300 3875 videretur
320 3814 441 3887 odisse,
467 3814 545 3875 dum
568 3831 627 3877 eos
646 3818 838 3898 relinquens
853 3839 927 3901 pro·
979 3832 1064 3892 tram
1076 3829 1231 3891 celeriter
1245 3829 1461 3892 subveniatur
1473 3830 1593 3903 eidem,
1612 3830 1779 3909 vixadji-

131 3910 214 3986 priae
224 3910 384 3973 voluntati
399 3927 513 3972 curam
524 3913 707 3990 negligeret
716 3920 923 3981 eorumdem:
980 3927 1044 3989 ciet
1054 3927 1091 3989 ut
1100 3929 1265 4002 resurgat.
1278 3927 1367 3987 Idem
1382 3927 1471 3989 enim
1483 3927 1587 3989 abbas
1598 3927 1686 3990 bona
1696 3929 1779 3991 dicti

130 4005 207 4084 quia
222 4007 256 4069 et
270 4007 427 4069 Dominus
442 4009 520 4070 tunc
538 4009 767 4075 vehementius
786 4018 837 4077 est
855 4017 927 4079 ira·
979 4023 1133 4096 coenobii,
1157 4021 1297 4085 rratmm
1323 4025 1428 4101 ipsius
1449 4025 1514 4086 loci
1537 4027 1571 4088 et
1593 4041 1778 4104 pauperum

129 4105 195 4174 tus,
220 4119 295 4165 cum
318 4119 398 4180 erga
417 4105 645 4183 delinquentes
664 4109 760 4185 signa
780 4115 926 4179 continet
979 4120 1095 4181 usibus
1108 4121 1276 4197 deputata,
1292 4123 1478 4184 temeritato
1496 4124 1630 4200 propria
1649 4124 1778 4202 dilapi-

128 4201 317 4271 irascentis,
334 4201 390 4279 qui
410 4217 493 4278 quos
508 4202 627 4279 diligit,
643 4207 782 4284 corripit
795 4213 828 4272 et
850 4229 926 4274 cas-
978 4218 1072 4289 dans,
1099 4218 1133 4279 et
1149 4233 1356 4291 consumens,
1382 4220 1551 4296 prioratus
1563 4222 1598 4282 et
1615 4221 1780 4284 ecclesias

128 4297 223 4373 tigat,
248 4298 486 4375 utcastigatos
507 4300 654 4362 uberiori
676 4306 785 4380 gratia
806 4325 924 4386 prose·
978 4314 1020 4375 ad
1044 4314 1131 4376 idern
1153 4315 1391 4377 monasterium
1406 4317 1609 4394 pertinentes
1623 4318 1779 4395 personis

129 4397 260 4472 quatur.
276 4394 371 4457 Unde
385 4394 463 4457 licet
474 4398 674 4462 venerabilis
694 4401 799 4465 irater
813 4410 925 4470 noster
977 4412 1087 4473 minus
1102 4412 1230 4473 idoneis
1245 4414 1426 4475 concedere
1447 4430 1514 4477 non
1535 4418 1682 4490 veretur,
1709 4432 1780 4480 non

127 4491 349 4553 Moraviensis
372 4493 546 4571 episcopus
565 4511 625 4573 pro
650 4512 700 4570 eo,
728 4501 815 4576 quod
835 4502 922 4564 tern-
978 4509 1052 4570 sine
1074 4508 1149 4570 labe
1163 4510 1355 4571 simoniacae
1370 4512 1555 4588 pravitatis,
1572 4513 1658 4575 alias
1672 4515 1778 4577 multa

128 4604 208 4666 pore
227 4587 425 4650 turbationis
444 4606 623 4667 regnorum
638 4595 766 4670 Angliae
781 4613 821 4660 ac
843 4602 925 4663 Sco-
977 4607 1184 4668 committens
1200 4607 1349 4668 enormia
1371 4608 1406 4669 in
1421 4610 1542 4671 animae
1556 4626 1628 4672 suaa
1641 4611 1780 4688 pericu-

127 4686 183 4748 tiae
198 4685 345 4762 graviter
357 4702 418 4748 nos
432 4689 465 4750 et
488 4689 669 4752 Ecclesiam
683 4695 866 4758 Romanam
886 4699 922 4760 in
976 4702 1044 4763 lum
1056 4705 1089 4764 et
1103 4703 1296 4764 scandalum
1315 4705 1545 4781 plurimorum.
1562 4722 1635 4785 quae
1659 4708 1777 4770 limam

127 4783 241 4845 multis
268 4783 415 4856 offendit,
441 4788 513 4863 ojus
532 4787 676 4849 senserit
698 4788 920 4869 disciplinam,
975 4801 1175 4876 apostolicae
1184 4802 1404 4863 correctionis
1412 4806 1606 4880 exposcunt.
1619 4807 1702 4866 Cum
1716 4807 1778 4883 igi·

128 4880 205 4941 dum
217 4880 350 4941 maculo
362 4883 715 4946 excommunicationis
731 4886 920 4962 adstrictus,
975 4897 1030 4957 tur
1043 4897 1202 4959 instantia
1217 4901 1331 4960 nostra
1346 4900 1538 4976 quotidiana
1561 4902 1606 4966 sit
1623 4905 1774 4965 omnium

128 4992 203 5037 cum
224 4976 345 5039 litteris
366 4976 478 5040 dilecti
500 4979 560 5040 tilii
585 4982 691 5042 nostri
714 4985 752 5044 G.
773 4985 862 5048 tituli
886 4991 919 5050 S.
975 4993 1192 5055 ecclesiarum
1220 4995 1408 5058 sollicitudo
1436 4999 1609 5072 continua,
1638 4999 1772 5063 discre-

126 5073 264 5135 Martini
290 5073 473 5153 presbyteri
498 5077 694 5151 cardinalis,
723 5083 920 5157 apostolica
973 5089 1057 5152 tioni
1080 5093 1200 5152 vestrae
1224 5107 1284 5169 per
1304 5095 1495 5170 apostolica
1520 5097 1644 5173 scripta
1672 5113 1771 5159 man·

127 5171 222 5232 Sedis
235 5170 405 5255 legati,ad
422 5173 570 5234 nostram
585 5176 797 5253 praesentiam
811 5196 921 5258 perso·
974 5186 1107 5259 damus,
1133 5189 1298 5264 quatems
1325 5190 1368 5251 ad
1395 5194 1633 5255 monasterium
1659 5195 1770 5273 ipsum

125 5267 247 5330 naliter
269 5267 433 5330 laboravit
455 5289 463 5329 ι
483 5284 543 5331 nos
562 5272 685 5342 tameu,
708 5275 765 5351 qui
786 5280 939 5356 propter.
974 5283 1193 5359 personaliter
1217 5287 1426 5361 accedentes,
1454 5291 1488 5352 et
1512 5290 1673 5353 habentes
1701 5309 1770 5370 pras

124 5363 188 5425 boc
198 5365 289 5441 juste
303 5364 457 5427 commoti
474 5364 598 5427 luimus
617 5370 732 5431 contra
751 5387 837 5446 eum,
854 5390 918 5438 no·
973 5381 1079 5440 oculis
1103 5382 1210 5443 solum
1230 5386 1344 5457 Deum,
1368 5386 1401 5447 ei
1420 5387 1494 5448 vice
1514 5388 1628 5450 nostra
1647 5390 1769 5452 visita-

124 5462 286 5539 queuntes
304 5461 406 5523 inira
420 5462 658 5526 misericordiae
679 5466 841 5543 oblivisci,
869 5471 920 5533 ei·
972 5475 1073 5538 tionis
1097 5478 1240 5540 officium
1264 5480 1477 5556 impendatis,
1505 5485 1710 5562 corrigentes
1736 5488 1769 5550 et
1821 5550 1823 5558 ,

123 5556 248 5619 demin
266 5552 365 5622 corde
384 5558 536 5633 contrito,
561 5563 594 5624 et
611 5561 785 5630 humiliato
799 5567 917 5645 spiritu
972 5573 1188 5638 reformantes
1203 5575 1324 5639 ibidem
1339 5580 1407 5640 tam
1428 5580 1463 5640 in
1481 5582 1600 5661 capite,
1617 5599 1717 5660 qtmm
1732 5586 1766 5647 in
