3774 6186
115 270 233 331 1161·

116 427 189 497 Dei,
201 427 331 490 dilectis
344 428 422 489 tiliis
437 430 596 505 magistro
611 432 645 493 11
660 430 816 493 iratribus
829 434 911 494 Hos-

117 524 231 600 pitalis
253 528 382 587 Sauctae
397 528 513 587 Mariae
527 528 805 590 Thentonicorum
824 530 906 591 Hie-

118 622 359 699 rosolymitnni,
376 624 563 687 salutemet
578 627 792 703 apostolicam
808 627 910 689 bene-

117 719 307 780 dictionem.

157 820 216 885 lla,
243 834 317 894 quae
332 833 392 895 pro
420 819 612 883 defensione
631 821 775 883 nominis
796 822 908 883 chris-

116 915 200 976 tiani
225 916 406 987 sustinetis,
430 917 634 990 discrimina,
656 935 716 979 nos
736 919 907 990 inducunt,

116 1019 165 1080 ut,
182 1028 239 1073 vos
250 1014 283 1074 et
297 1014 447 1075 ordinem
460 1018 605 1076 vestrum
621 1016 737 1078 lavore
751 1017 909 1078 continuo

116 1114 365 1188 prosequentes,
388 1112 492 1187 quieti
505 1117 624 1174 vestrae
638 1113 834 1190 propensius
855 1113 911 1173 iu-

114 1208 301 1279 teudamus,
327 1212 360 1270 et
378 1211 569 1270 studeamus
583 1210 677 1271 vobis
693 1209 825 1271 auterre
838 1225 911 1270 ma·

114 1306 233 1367 teriam
248 1306 453 1380 gravaminis
467 1309 499 1367 et
510 1307 644 1368 laboris.
656 1308 741 1368 Hinc
752 1308 813 1378 est,
824 1306 909 1383 quod

114 1401 209 1462 vobis
233 1404 430 1465 auctoritate
457 1404 670 1480 praesentium
686 1403 906 1478 indulgemus,

114 1502 161 1569 ut,
177 1500 205 1559 si
228 1499 283 1575 qui
307 1516 325 1559 1
340 1500 497 1561 iratribus
511 1501 632 1562 vestris
647 1501 682 1561 in
698 1516 733 1562 se
752 1501 906 1569 invicem,

115 1597 234 1657 sivein
251 1597 335 1657 alios
350 1597 526 1672 religiosos
541 1598 718 1675 quoslibet,
734 1613 794 1659 sen
809 1598 909 1658 etiam

115 1694 151 1754 in
166 1693 307 1755 clericos
316 1694 505 1766 saeculares,
515 1711 632 1756 manns
647 1696 825 1771 injecerint
837 1695 910 1755 vio-

116 1789 235 1860 lentas,
248 1805 307 1866 per
321 1790 529 1852 dioecesanos
541 1793 714 1868 episcopos
728 1790 910 1852 absolutio-

114 1886 169 1946 nis
191 1886 387 1948 beuehoium
402 1891 631 1965 assequantur,
650 1888 781 1950 etiamsi
795 1902 908 1948 eorum

115 1983 231 2060 aliqui,
249 1984 441 2060 priusquam
465 1985 614 2046 habitum
635 1988 781 2046 vestrum
803 1984 911 2044 susci·

115 2083 243 2155 perant,
267 2080 334 2141 tale
358 2081 484 2157 aliquid
505 2082 757 2152 commiserunt,
775 2082 910 2157 propter

115 2178 214 2253 quod,
230 2178 301 2254 ipso
312 2180 399 2246 actu,
413 2178 765 2240 excommnuicationis
778 2180 911 2240 senten·

113 2276 195 2336 tiam
209 2276 439 2348 incurrissent,
452 2278 517 2337 uisi
528 2292 686 2337 excessus
696 2292 812 2337 eorum
822 2277 910 2337 esset

114 2371 262 2433 difficilis
273 2375 306 2434 et
319 2373 477 2444 enormis,
492 2376 604 2450 utpote
613 2374 642 2434 si
658 2376 747 2435 esset
758 2374 799 2434 ad
813 2373 910 2435 muti·

114 2469 273 2530 lationem
298 2470 435 2531 membri
457 2471 509 2531 vel
525 2471 698 2546 sanguinis
713 2471 909 2532 effusionem

115 2569 385 2642 processum,aut
393 2567 537 2628 violenta
546 2584 664 2629 manus
674 2569 709 2628 11
718 2569 909 2644 episcopum

115 2663 171 2724 val
187 2664 221 2724 11
233 2664 384 2725 abbatem
403 2665 536 2741 injecta,
555 2682 629 2726 cnm
645 2680 803 2726 excessus
823 2666 908 2725 tales

115 2763 148 2823 et
162 2761 287 2822 similes
302 2762 374 2823 siue
386 2762 544 2824 scandalo
555 2763 723 2840 nequeant
732 2760 907 2838 praetariri.

155 2858 247 2918 Nulli
260 2874 339 2934 ergo
362 2860 497 2920 omnino
517 2858 689 2919 homiuum
712 2860 812 2921 liceat
823 2858 910 2919 hauc

114 2956 272 3035 pagiuam
300 2960 423 3017 nostrae
455 2957 679 3017 concessionis
710 2956 907 3030 intringere,

115 3053 168 3114 vel
181 3054 212 3113 11
227 3069 312 3114 ausu
326 3054 506 3115 temerario
518 3054 697 3115 contraire.
712 3054 746 3113 Si
762 3054 837 3131 quis
849 3069 911 3113 au-

114 3153 181 3211 tem
203 3150 265 3210 hoc
280 3152 443 3212 attentare
465 3151 723 3227 praesumpserit,
752 3149 909 3225 indigna-

115 3247 238 3309 tionem
258 3248 492 3324 omnipotentis
508 3249 567 3309 Dei
582 3250 616 3308 et
627 3247 798 3309 beatorum
819 3246 910 3308 Petri

114 3346 148 3404 et
162 3343 259 3403 Pauli
272 3344 497 3419 apostolorum
514 3348 586 3421 ejus
601 3360 637 3406 se
649 3346 781 3407 noverit
797 3344 912 3404 incur·

114 3457 243 3501 surum.
258 3443 376 3503 batum
391 3443 560 3513 Laterani,
574 3445 633 3504 XV
647 3442 716 3503 kal.
736 3440 909 3510 februarii,

115 3538 328 3616 pontificatus
341 3538 447 3601 nostri
461 3555 549 3600 anno
570 3540 696 3617 quinto.

458 3744 574 3830 cclv

176 3888 228 3946 Ad
243 3888 515 3959 archiepiscopos
532 3886 566 3946 et
585 3887 770 3957 episcopos,
786 3885 849 3945 etc.

415 4009 447 4065 ll
460 4006 520 4079 jan.
539 4007 617 4064 tiit.

301 4122 434 4186 [Strehlha
447 4122 465 4170 l.
480 4136 512 4177 1.,
525 4136 550 4185 p.
562 4122 618 4178 aad,
631 4135 658 4170 u.
669 4120 737 4185 311]

115 4229 199 4289 lubet
215 4229 345 4301 prelatos
361 4228 396 4284 ab
415 4227 515 4285 ordine
532 4227 708 4285 'theutonico
725 4226 761 4283 ad
776 4228 912 4284 ecclesias

153 4334 221 4375 suas
234 4327 419 4390 praesentatos
429 4317 561 4383 vicarios,
573 4316 728 4373 dnmmodo
739 4316 913 4373 subicientes

153 4407 279 4463 redditus
290 4422 339 4478 pro
353 4407 560 4463 sustentatione
573 4413 600 4462 et
613 4406 739 4477 episcopi
749 4405 856 4476 justitia
871 4419 915 4460 as-

154 4497 314 4567 signentur,
331 4495 468 4566 recipere.

159 4612 829 4688 Honoriusepiscopus,servusservorum
840 4610 910 4680 Dei,

118 4709 368 4770 venerabilibus
400 4708 558 4770 tratribus
592 4709 853 4784 archiepiscopis
881 4709 914 4768 11

118 4807 283 4884 episcopis
299 4810 332 4867 et
347 4807 476 4867 dilectis
491 4806 569 4866 111111
585 4805 769 4875 abbatibus,
786 4804 911 4882 priori-

119 4905 192 4973 bus,
214 4904 470 4968 archidiaconis.
487 4904 633 4971 decanis,
654 4906 687 4964 et
706 4903 783 4962 aliis
800 4902 912 4963 eccle·

120 5004 245 5063 siarum
261 5001 421 5079 praelatis,
440 5001 481 5061 ad
499 5016 581 5077 quos
600 5001 720 5061 litterae
739 5000 812 5060 istae
831 5015 913 5075 per·

119 5099 283 5170 venerint,
299 5099 439 5160 salutem
462 5101 495 5160 et
518 5097 735 5173 apostolicam
754 5096 913 5158 benedic-

119 5200 255 5260 tionem.

160 5295 289 5366 Quanto
313 5293 424 5353 dilecti
446 5293 546 5352 11111...
563 5291 721 5367 magister
738 5292 771 5352 11
792 5290 913 5352 iratres

120 5392 238 5452 domus
253 5391 434 5467 Hospitalis
453 5392 582 5450 Sanctae
604 5390 721 5448 Mariae
739 5387 916 5449 'lheutoni-

121 5505 236 5550 corum
256 5487 560 5564 hierosolymitani,
577 5484 720 5562 propriis
734 5484 912 5554 derelictis,

122 5586 303 5648 ferventius
319 5601 377 5661 pro
395 5584 648 5645 christianitatis
670 5582 841 5644 commodo
852 5584 913 5656 ju-

742 274 968 335 EPISTOLAE.
993 276 1070 337 LIB.
1094 278 1132 337 V.

1695 232 1757 341 aaa

963 433 1051 511 giter
1076 434 1259 509 elaborant,
1280 454 1343 499 neo
1365 454 1489 516 ponere
1516 452 1576 516 pro
1597 436 1757 501 tratribus

964 533 1092 594 animas
1106 534 1332 607 reformidant,
1348 538 1439 598 tanto
1455 537 1536 613 ipsis
1548 536 1584 597 in
1599 537 1669 597 1111
1683 552 1757 597 ma·
1851 536 1854 541 '

964 632 1162 692 nutenendis
1177 632 1318 709 iustitiis
1340 633 1533 707 diligentius
1552 632 1669 695 1111111
1692 648 1753 694 101

964 728 1129 798 10111111,
1155 732 1188 789 11
1213 745 1329 789 eornm
1351 729 1673 791 incommoditatibus
1694 745 1771 806 11--

964 827 1059 886 11111
1078 825 1301 887 sollicitudine
1318 826 1503 903 providere,
1524 842 1576 897 ue,
1593 827 1621 886 11
1644 826 1753 887 11111-

965 937 1047 991 mus,
1074 923 1160 999 quod
1186 923 1281 993 absit,
1308 923 1342 983 in
1367 938 1480 983 eorum
1509 923 1753 985 manutenenda

960 1019 1089 1094 justitia
1102 1020 1317 1094 negligentes,
1328 1036 1347 1080 1
1359 1021 1756 1095 sarracenorumimpug·

965 1117 1109 1186 natione,
1124 1117 1180 1192 qui
1202 1116 1420 1177 christianum
1442 1132 1562 1177 nomen
1581 1116 1754 1177 1111111111

964 1215 996 1272 11
1011 1213 1156 1273 fidelium
1169 1213 1340 1274 effundero
1352 1214 1547 1289 sauguinem
1561 1213 1751 1284 moliuntur,

964 1309 1124 1371 desistere
1134 1311 1385 1386 compellantur,
1397 1312 1429 1372 et
1439 1310 1581 1386 amplius
1593 1310 1755 1371 adversus

964 1406 1164 1469 christianos
1185 1423 1301 1469 eorum
1323 1408 1503 1470 1111111111
1531 1406 1751 1468 convalescat

964 1505 1044 1562 (ium
1059 1505 1170 1565 autem
1191 1504 1441 1580 praenominatis
1457 1503 1625 1573 fratribus,
1642 1502 1683 1563 de
1695 1503 1753 1563 in·

965 1600 1134 1673 dulgentia
1160 1601 1255 1661 Sedis
1279 1601 1476 1677 Apostolicae
1497 1599 1757 1661 misericorditer

965 1697 1158 1757 duxerimus
1180 1698 1428 1773 indulgendum,
1445 1698 1482 1759 nt
1499 1696 1625 1759 tructus
1646 1696 1756 1757 eccle·

965 1795 1101 1865 siarum,
1130 1811 1202 1871 quae
1224 1794 1265 1855 ad
1285 1810 1398 1856 eorum
1420 1794 1631 1855 donationem
1650 1792 1754 1869 perti·

965 1893 1055 1961 nent,
1071 1886 1241 1966 assignato
1262 1891 1397 1951 vicariis
1417 1890 1504 1951 unde
1525 1904 1671 1966 congrue
1688 1904 1753 1950 va-

966 1989 1055 2049 leant
1092 1989 1281 2059 sustentari,
1306 1991 1340 2050 et
1370 1989 1558 2048 dioecesano
1598 1986 1754 2063 episcopo

964 2088 1102 2162 ejusque
1117 2085 1315 2146 officialibus
1332 2084 1371 2145 de
1388 2087 1458 2145 suis
1473 2084 1601 2160 possint
1615 2083 1756 2159 justitiis

964 2183 1176 2259 respondere,
1189 2182 1330 2243 debeant
1345 2183 1379 2241 in
1393 2180 1643 2242 subventionem
1654 2181 1754 2241 terrae

965 2279 1273 2357 hierosolymitanae
1293 2282 1504 2352 couvertere;
1521 2278 1654 2355 quidam
1667 2277 1757 2353 epis-

965 2377 1049 2452 copi,
1071 2376 1296 2438 archidiaconi
1315 2378 1348 2438 et
1366 2376 1495 2447 decani,
1516 2375 1557 2435 ad
1576 2389 1659 2451 quos
1674 2372 1756 2435 illa·

965 2490 1037 2533 rum
1054 2474 1271 2535 ecclesiarum
1291 2474 1488 2535 investitura
1507 2471 1660 2549 pertinet,
1681 2470 1753 2532 cle-

965 2572 1065 2641 ricos,
1077 2588 1159 2648 quos
1171 2571 1272 2631 iidem
1283 2570 1402 2632 iratres
1415 2570 1552 2630 idoneos
1564 2583 1754 2644 repraesen-

964 2670 1045 2739 tant,
1070 2668 1220 2744 recipere
1243 2682 1303 2744 pro
1328 2682 1389 2728 sua
1414 2667 1583 2728 voluntate
1606 2665 1754 2727 coutem-

964 2767 1057 2835 nunt,
1077 2765 1143 2825 nisi
1162 2764 1294 2826 easdem
1308 2764 1468 2825 ecclesias
1482 2763 1625 2833 clericis,
1640 2760 1696 2839 qui
1713 2761 1755 2823 de

964 2877 1079 2922 eorum
1097 2877 1210 2922 mensa
1226 2862 1358 2933 suerint,
1373 2877 1433 2922 seu
1448 2860 1535 2931 aliis,
1554 2860 1632 2920 licet
1648 2856 1756 2919 minus

964 2958 1111 3021 existant
1132 2958 1255 3029 idonei,
1281 2958 1478 3034 largiantur,
1501 2957 1630 3018 sivero
1655 2955 1756 3015 iidem

965 3055 1098 3127 1111111,
1114 3055 1247 3117 easdem
1261 3055 1430 3124 ecclesias,
1445 3055 1541 3130 prout
1553 3052 1754 3122 desiderant,

965 3168 1031 3212 non
1057 3152 1239 3227 assignant,
1269 3152 1305 3212 ut
1330 3150 1434 3211 libere
1458 3151 1586 3227 possint
1607 3149 1756 3210 redditus

965 3266 1078 3312 carum
1101 3251 1282 3327 percipere,
1305 3249 1382 3310 illos
1405 3263 1465 3325 per
1483 3247 1582 3321 longa
1605 3246 1755 3320 tempora

966 3348 1091 3408 iaciunt
1114 3362 1134 3409 a
1157 3348 1344 3408 divinorum
1366 3343 1589 3406 celebratione
1610 3356 1754 3412 cessare,
1789 3338 1795 3347 '

966 3448 1001 3506 ut
1015 3445 1063 3506 sic
1076 3444 1195 3507 iratres
1211 3444 1274 3521 ipsi
1291 3444 1476 3505 voluntates
1489 3455 1604 3501 eorum
1618 3440 1757 3515 exsequi

966 3543 1215 3620 compellantur.
1225 3542 1294 3602 Nos
1305 3540 1513 3616 igiturtantae
1524 3537 1758 3615 praedictorum

966 3641 1105 3702 fratrum
1127 3638 1388 3701 incommoditati
1408 3636 1597 3714 prospicere
1616 3634 1757 3710 cupien-

966 3740 1027 3807 tes,
1045 3753 1087 3798 ne
1101 3738 1226 3798 tantam
1241 3737 1404 3812 jacturam
1418 3734 1583 3794 malitiose
1598 3732 1760 3807 cogantur

966 3835 1139 3896 decaetero
1152 3834 1328 3902 sustinere,
1342 3829 1553 3892 universitati
1566 3832 1685 3889 vestrae
1700 3841 1760 3904 per

966 3932 1155 4008 Apostolica
1174 3930 1297 4007 scripta
1317 3928 1512 3989 mandamus
1526 3922 1625 4003 atque
1639 3924 1759 4002 praeci·

968 4029 1086 4105 pimus,
1116 4029 1279 4104 quatenus
1317 4025 1458 4086 clericos
1490 4023 1639 4093 idoneos,
1676 4036 1759 4098 quos

967 4125 1067 4186 iidem
1084 4125 1202 4186 iratres
1218 4123 1259 4183 ad
1275 4121 1434 4184 ecclesias
1448 4136 1527 4181 suas
1538 4119 1632 4179 vobis
1650 4118 1758 4178 duxe-

967 4223 1035 4283 rint
1066 4220 1326 4298 praesentandos,
1349 4218 1468 4280 amodo
1496 4216 1672 4293 benignius
1699 4215 1761 4276 ad·

967 4318 1120 4393 mittatis;
1135 4318 1284 4394 alioquin
1297 4315 1468 4386 noveritis,
1480 4314 1566 4391 quod
1578 4313 1662 4389 ipsis
1674 4328 1759 4372 auc-

968 4417 1101 4478 toritate
1116 4414 1304 4492 apostolica
1326 4412 1464 4473 liberam
1486 4410 1686 4471 indulsimus
1709 4408 1761 4469 ia-

967 4514 1136 4585 cultatem,
1148 4515 1184 4574 nt
1194 4512 1320 4572 tructus
1330 4510 1520 4571 earumdem
1532 4507 1759 4577 ecclesiarum,

968 4611 1072 4670 donec
1100 4609 1257 4686 praedicta
1284 4608 1459 4669 occasione
1488 4604 1700 4675 vacaverint,
1726 4603 1760 4662 in

967 4704 1218 4767 subventionem
1235 4702 1546 4779 hierosolymitanae
1561 4703 1659 4761 terrae
1674 4713 1759 4759 con·

968 4806 1110 4872 vertere,
1136 4804 1170 4863 11
1202 4801 1277 4862 11101
1306 4800 1440 4861 valeant
1466 4797 1570 4858 libere
1598 4796 1759 4857 detinere.

969 4901 1145 4971 Praeterea,
1162 4898 1240 4976 quia
1256 4898 1390 4975 quidam
1402 4898 1549 4956 vestrum
1569 4893 1689 4955 iratres
1705 4893 1761 4970 ip-

968 5014 1079 5058 sorum
1095 4998 1253 5058 eteorum
1267 4995 1408 5056 clericos
1423 4991 1762 5069 contraprivilegium
1788 5032 1794 5037 -

969 5095 1064 5155 Sedis
1077 5094 1275 5171 Apostolicae
1288 5093 1371 5170 ipsis
1384 5091 1560 5162 indultum,
1578 5090 1666 5151 sicut
1678 5088 1764 5149 dici·
1779 5144 1783 5157 ,

967 5196 1033 5264 111,
1049 5191 1249 5254 interdicere
1270 5193 1303 5251 et
1319 5189 1608 5251 excommunicare
1629 5202 1763 5263 praesu-

969 5291 1073 5361 munt,
1095 5289 1279 5350 districtius
1298 5287 1498 5357 iuhibemus,
1515 5300 1556 5345 11
1577 5285 1668 5359 ipsos
1689 5282 1763 5343 111-

968 5387 1036 5448 1111
1060 5386 1113 5446 vel
1137 5401 1253 5446 eorum
1283 5384 1423 5445 clericos
1446 5382 1628 5442 decaetero
1651 5378 1765 5440 taliter

969 5483 1169 5545 interdicere
1189 5486 1224 5543 et
1244 5481 1534 5543 excommunicare
1552 5477 1763 5552 aliquatenus

970 5580 1149 5641 attentetis.
1167 5580 1258 5651 Quod
1275 5579 1303 5638 si
1319 5576 1481 5643 ammodo,
1499 5573 1585 5651 quod
1601 5591 1667 5635 non
1691 5588 1766 5635 cre·
