3774 6186
1691 278 1752 338 aba

734 278 960 341 seleucum.
986 255 1063 339 nte.
1088 281 1140 340 iv.
1243 340 1245 345 .

105 280 255 343 861·

105 436 273 513 derogari,
289 436 487 500 auctoritate
500 439 615 500 nostra
629 438 827 511 committas,
843 437 902 516 qui
956 434 1086 499 dilectIs
1101 435 1181 498 tiliis
1196 437 1309 499 Sancti
1330 437 1472 500 Victoris
1495 437 1696 500 Parisiensis
1716 436 1750 498 et

105 534 244 606 vocetis,
259 549 341 613 quos
360 534 505 596 viderint
517 534 715 603 evocandos,
730 536 902 612 inquirant
957 535 1217 606 Hermoniacum,
1251 535 1581 598 praemonstratensis
1608 534 1747 604 ordinis,

106 645 207 708 super
234 632 288 692 itis
318 631 481 703 omuibus,
511 633 734 709 appellatione
761 634 899 703 remota,
958 632 1157 693 parisiensis
1178 631 1341 703 dioecesis,
1361 632 1546 703 abbatibus,
1566 634 1599 694 et
1617 632 1751 694 cancei-

106 728 301 804 diligentius
325 730 510 800 veritatem,
538 731 571 791 et
599 746 672 807 quae
698 730 899 801 invenerint,
956 728 1042 791 lario
1053 729 1247 800 Parisiensi,
1262 731 1402 790 salutem
1417 731 1450 791 et
1463 729 1678 808 apostolicam
1690 728 1751 790 be-

107 824 251 888 ddeliter
268 825 362 888 nobis
386 826 581 898 rescribant,
599 830 635 888 ut
648 842 692 889 ex
709 842 823 889 eorum
846 841 903 888 re-
957 825 1191 887 nedIctionem.

107 921 233 985 latione
262 923 468 986 sufficienter
496 924 650 986 instructi
683 924 900 1001 procedamus
995 923 1110 1000 Nuper
1124 921 1218 984 vobis
1231 922 1365 984 dedisse
1379 923 1591 984 meminimus
1604 923 1639 984 in
1650 939 1750 984 man-

107 1019 240 1090 exinde,
260 1020 357 1096 prout
380 1020 561 1081 secundum
589 1023 693 1082 Deum
718 1019 900 1081 viderimus
956 1018 1041 1081 datis
1057 1020 1179 1081 uicum
1192 1036 1304 1092 causa,
1319 1035 1392 1097 qua
1420 1020 1508 1081 inter
1528 1020 1751 1082 venerabilem

108 1115 362 1190 procedendum.
376 1117 494 1178 Datum
505 1116 657 1188 viterbii,
670 1119 729 1178 Vll
749 1116 824 1178 idus
837 1117 900 1177 de-

107 1212 261 1287 cembris,
277 1213 490 1292 pontificatus
506 1214 612 1276 nostri
625 1229 715 1276 enno
730 1215 858 1292 quarto.

259 1508 309 1568 Ad
328 1382 749 1579 mpituiltIrIeII’crtsiensc.

131 1715 253 1779 [Item.
260 1713 306 1765 lib.
317 1715 359 1773 iv.
372 1618 637 1780 &jaff-h
648 1715 721 1766 Porio
732 1714 767 1764 du
775 1714 869 1775 risit]

97 1812 172 1871 [iam
188 1812 357 1870 Perisiensis
370 1811 491 1870 ecclesie
508 1819 621 1885 pastore
635 1819 762 1881 vacaret,
776 1811 902 1884 injungit

133 1901 179 1957 ele
202 1908 234 1957 ut
247 1899 320 1958 inire
343 1899 416 1957 duos
440 1899 604 1961 mensesed
617 1901 899 1972 eiectionernparso·

136 2002 183 2046 ne
193 1989 306 2046 idonee
317 1988 484 2060 procedant.

141 2096 322 2169 Honorius,
339 2097 415 2166 etc,
430 2097 560 2158 dilectis
574 2096 654 2157 liliis
669 2095 816 2174 capitulo
829 2099 899 2158 Pa·

103 2192 237 2264 rinieu„
254 2193 405 2265 salutem,
417 2196 480 2255 etc.

140 2291 308 2350 Honorem
323 2289 474 2352 ecciesiae
485 2290 616 2361 vestrae,
634 2305 733 2367 msam
757 2290 899 2352 aliarum

103 2385 323 2448 ecclesiarum
349 2387 520 2463 specuium
547 2387 740 2463 reputamus
768 2388 900 2450 sincero

106 2484 252 2545 zelantes
263 2485 394 2556 affectu,
412 2484 549 2562 nequod
564 2483 686 2546 absitei
699 2485 901 2562 praeilciatur

108 2581 267 2657 indignus
280 2581 498 2644 libentissime
510 2596 736 2659 praecavemue
750 2598 824 2644 cum
836 2599 901 2645 me

104 2677 169 2738 lius
198 2679 242 2739 sit
268 2679 470 2755 intempore
495 2694 685 2751 occurrere,
709 2695 807 2757 qnam
826 2683 901 2760 post

104 2776 230 2837 exitum
245 2775 428 2836 remedium
443 2775 642 2840 mendicare.
659 2776 801 2854 ideoque
822 2778 900 2838 uni-

102 2872 296 2933 versitatem
320 2874 465 2933 vestram
491 2872 673 2949 rogandam
689 2873 844 2934 duximus
867 2876 900 2936 et

103 2968 300 3030 monendam
313 2984 373 3045 per
386 2969 574 3046 Apostolica
590 2971 712 3046 scripta
732 2970 876 3032 munden
885 3002 899 3016 ·

102 3067 164 3137 tes,
182 3069 347 3142 quatenus
370 3065 456 3127 inira
478 3066 561 3127 duos
583 3081 715 3128 menses
731 3069 803 3144 post
824 3083 900 3128 sus-

103 3162 292 3239 ceptionem
308 3164 530 3239 praesentium,
542 3164 638 3241 juxta
652 3165 801 3224 tenorem
814 3165 901 3225 alia-

103 3272 176 3320 rum
192 3259 379 3322 litterarum
403 3261 604 3332 nostrarum,
622 3275 681 3336 per
703 3260 898 3323 eiectionem

101 3357 298 3419 canonicam
324 3357 357 3418 et
373 3356 568 3419 concordem
584 3357 786 3435 provideatis
803 3358 898 3420 vobis

101 3453 137 3517 et
157 3453 311 3515 ecclesiae
323 3453 363 3514 de
374 3469 514 3531 persona
531 3454 650 3516 idonea
665 3454 701 3516 in
720 3456 896 3531 pastorem.

100 3550 259 3629 Alioquin
288 3566 329 3612 ne
352 3567 412 3628 per
425 3550 584 3628 improbas
598 3551 790 3613 ambitionis
806 3553 900 3614 astu-

100 3646 184 3710 tiam
213 3647 334 3725 aliquis
357 3647 451 3710 vobis
466 3649 639 3724 ingeratur
653 3649 820 3726 indignus,
837 3665 897 3711 nos

100 3760 145 3807 ex
164 3745 245 3806 tunc
272 3744 494 3822 provisionem
516 3745 622 3821 ipsius
636 3746 787 3807 ecclesiae
801 3745 897 3807 nobls

100 3840 258 3903 duximus
272 3842 521 3913 reservandam,
535 3842 751 3904 decernentes
766 3842 897 3905 irritum

100 3940 263 4010 etimne,
274 3939 304 3999 si
319 3939 397 4016 quid
413 3941 528 4001 contra
543 3939 734 4001 mandatum
748 3940 896 4001 nostruin

99 4036 225 4099 exinde
251 4035 353 4098 luerit
374 4037 583 4098 attentatum.
611 4036 771 4098 volumus
797 4038 896 4098 etiam

98 4132 135 4194 et
147 4132 356 4202 mandemus,
372 4136 410 4195 ut
431 4148 474 4194 ex
488 4135 568 4195 tunc
588 4134 718 4210 aliquos
741 4149 784 4195 ex
801 4132 896 4195 vobis

98 4228 896 4306 aduosiramprreseniIamdestinetis.eumquem

97 4325 197 4388 vobis
224 4325 467 4404 providerimus
496 4326 667 4388 humiliter
699 4327 894 4403 suscepturi.

99 4423 222 4486 mrum
247 4423 399 4496 viterbii,
428 4424 568 4499 septimo
595 4424 671 4485 idus
699 4421 894 4496 decembris,

98 4519 314 4599 pontificatus
329 4521 434 4583 nostri
445 4537 535 4583 enno
549 4523 677 4599 quarto.

434 4679 565 4766 LXIII

98 4814 154 4875 Ad
174 4814 367 4875 Iohannem
389 4814 424 4874 S.
458 4812 604 4874 Victoris
627 4815 843 4874 Partrtensle
863 4812 896 4872 ct

140 4910 898 4973 amenumnermarartumeteanceuanwn

140 5010 394 5070 mammem.

400 5101 495 5160 tideo.
518 5102 595 5160 iiio.

257 5205 368 5272 ficulni,
380 5208 508 5271 Hyettos,
521 5209 540 5264 i,
551 5207 607 5263 ite.
622 5221 648 5257 n.
660 5205 743 5272 im]

100 5305 443 5374 EismeodatutiIeriaci
456 5304 589 5363 forteritie
598 5306 710 5378 integre
720 5311 895 5373 remanente,

136 5395 172 5453 ed
184 5393 417 5466 componendum
432 5394 507 5451 tuter
519 5400 615 5467 pertas
629 5393 674 5450 vel
689 5392 725 5450 ed
736 5393 896 5458 cavendum

136 5484 210 5541 siles
224 5481 404 5540 indemnitati
417 5483 547 5540 ecclesie
560 5480 726 5555 procedent.

956 1115 1091 1178 fratrem
1106 1118 1255 1179 nostrum
1278 1119 1475 1178 Trecensem
1489 1118 1693 1194 episcopum,
1709 1133 1753 1180 ex

955 1215 1134 1290 parteuna,
1148 1216 1182 1276 et
1192 1214 1525 1276 diiectamincbristo
1538 1214 1652 1288 tiliam,
1662 1213 1753 1275 nobi·

956 1309 1019 1372 lem
1034 1311 1206 1374 mullerem
1217 1314 1253 1373 B.
1263 1311 1752 1373 comitissamacTheobaldum

956 1408 1069 1468 natum
1085 1411 1169 1485 ejus,
1185 1409 1338 1470 comitem
1353 1408 1554 1484 campanie,
1571 1425 1615 1471 ex
1633 1409 1749 1480 altera,

956 1518 1056 1581 super
1079 1504 1242 1566 forteritia
1267 1505 1404 1566 Meriaci
1419 1505 1571 1577 vertitur,
1592 1504 1687 1567 vobis
1708 1506 1752 1566 sit

955 1600 998 1663 ab
1031 1602 1221 1679 apostolice
1251 1602 1336 1663 Sede
1363 1602 1551 1676 commIssa,
1577 1602 1665 1665 inter
1693 1617 1751 1666 eos

956 1697 1187 1770 amicabiliter,
1204 1698 1233 1758 si
1249 1698 1322 1759 deri
1337 1702 1457 1776 posset,
1479 1713 1677 1776 componere
1693 1703 1752 1761 aut

956 1810 1056 1872 super
1075 1795 1138 1857 boc
1152 1795 1327 1872 providere
1351 1795 1560 1857 indemnitati
1576 1797 1751 1858 'trecensis

956 1891 1105 1954 ecclesiae
1140 1892 1342 1954 curaretis...
1373 1894 1455 1954 Cum
1489 1893 1593 1968 igitur
1627 1896 1751 1957 nostre

955 1989 1151 2051 intentionis
1166 2004 1232 2051 non
1248 1989 1310 2051 iuit
1317 1990 1404 2067 quod
1415 1989 1577 2052 forteritia
1594 1988 1672 2070 (sic)
1687 1990 1749 2052 de-

955 2085 1031 2148 beat
1043 2086 1170 2148 destrui
1185 2089 1377 2158 memorata,
1390 2102 1449 2164 per
1459 2087 1647 2164 apostolica
1656 2087 1750 2153 vobis

956 2183 1079 2260 scripta
1101 2183 1295 2244 mandamus
1310 2184 1483 2260 quatenus,
1501 2183 1617 2245 eedem
1640 2183 1748 2246 iorte·

955 2279 1033 2341 ritia
1054 2281 1184 2355 integre
1204 2282 1407 2352 remanente,
1431 2281 1470 2340 ad
1488 2281 1750 2358 componendum

956 2377 1045 2439 inter
1059 2379 1180 2454 partes,
1194 2379 1248 2439 vei
1261 2378 1302 2438 ad
1318 2377 1500 2439 cavendum
1514 2378 1599 2440 elias
1613 2378 1747 2440 indem-

955 2474 1051 2536 nitati
1067 2474 1214 2551 ejusdem
1230 2475 1392 2545 ecclesiae,
1415 2474 1638 2551 appellatione
1652 2476 1747 2553 post-

955 2571 1077 2648 posita,
1116 2571 1338 2648 procedatis...
1368 2573 1460 2643 Quod
1488 2572 1517 2633 si
1539 2587 1607 2634 uon
1632 2586 1749 2634 omnes

955 2668 1007 2729 bis
1037 2669 1261 2745 exsequendis
1281 2668 1457 2746 potueritis
1480 2669 1653 2741 interesse,
1680 2668 1745 2732 duo

954 2766 1100 2826 vestrum
1116 2782 1155 2827 ea
1171 2766 1388 2827 nibilominus
1401 2770 1635 2845 exsequantur.

994 2864 1113 2924 Datum
1126 2862 1277 2934 viterbii,
1298 2865 1342 2925 VI
1357 2863 1432 2924 idus
1447 2862 1643 2935 decembris,
1659 2879 1746 2941 pon·

953 2958 1099 3020 tidcatus
1112 2959 1216 3022 nostri
1230 2974 1317 3021 anuo
1332 2962 1461 3038 quarto.

1288 3128 1411 3215 lxlv

992 3261 1044 3319 Ad
1060 3260 1266 3333 episcopum,
1289 3262 1457 3321 decanum
1479 3260 1512 3321 et
1527 3261 1706 3322 catttorem

1216 3357 1486 3419 Autissiodoren.

1222 3467 1478 3528 concubitis.

985 3572 1104 3637 moen..
1115 3572 1161 3624 iu.
1172 3574 1214 3632 iv,
1224 3574 1298 3640 epist.
1308 3573 1364 3625 oto.
1376 3573 1431 3625 uss.
1446 3574 1715 3642 moneodanum]

954 3671 988 3729 Ut
1011 3669 1127 3728 audiani
1141 3685 1269 3741 causam,
1285 3685 1348 3745 que
1367 3672 1441 3731 luter
1453 3674 1618 3746 episcopum
1633 3672 1744 3734 Cabilo-

987 3770 1105 3815 oensem
1124 3764 1155 3814 et
1174 3759 1347 3832 Burgundioe
1367 3759 1510 3819 ducissam
1534 3760 1704 3831 vertebatur,
1717 3767 1747 3820 ei

986 3845 1094 3902 interea
1105 3845 1285 3917 [mamutium
1301 3849 1614 3920 excommunicationis,
1630 3849 1659 3906 iu
1671 3864 1744 3923 pre·

986 3932 1300 3996 lutam-ducissembac
1317 3937 1468 3995 occasione
1482 3937 1580 4008 intem,
1594 3938 1649 3997 sub
1661 3939 1747 3997 certis

986 4020 1343 4083 conditionibusreiuxent.

990 4129 1169 4201 Honorius,
1187 4132 1263 4202 etc,
1287 4131 1471 4193 venerabili
1490 4131 1624 4195 tratri...
1649 4134 1745 4211 epis-

951 4241 1033 4303 copo
1048 4228 1081 4288 et
1105 4225 1234 4290 dilectis
1248 4228 1365 4289 liliis...
1379 4228 1505 4293 decano
1520 4231 1590 4293 et...
1614 4232 1744 4294 cantori

951 4323 1225 4396 antissiodoren,
1240 4327 1391 4399 salutem,
1413 4329 1476 4389 etc.

990 4422 1186 4483 constitutis
1202 4422 1238 4484 in
1266 4426 1444 4501 praeseutia
1473 4426 1587 4487 nostra
1615 4424 1674 4487 dil.
1697 4425 1745 4488 iii.

951 4518 1069 4579 Giione
1096 4534 1207 4580 vener.
1235 4519 1348 4583 fratris
1379 4523 1522 4585 nostri...
1552 4522 1743 4585 cabilonen.

951 4614 1108 4692 episcopi,
1125 4631 1164 4677 ac
1184 4618 1342 4692 magistro
1358 4619 1537 4697 Stephano,
1559 4620 1688 4683 dilectae
1710 4623 1746 4683 iu

951 4712 1081 4774 Christo
1112 4712 1190 4774 illies
1212 4714 1339 4775 Aiaidis
1368 4715 1509 4779 ducissae
1532 4716 1744 4792 burgundie,

952 4810 1231 4887 procuratoribus,
1257 4812 1483 4875 venerabilem
1510 4812 1646 4874 tratrem
1672 4829 1747 4876 nos·

949 4909 1078 4971 trum...
1098 4909 1253 4970 Portuen.
1269 4909 1458 4986 episcopum
1479 4909 1629 4972 dedimus
1644 4912 1745 4973 aridi-

840 5034 844 5042 ·
949 5005 1066 5076 torem,
1083 5019 1275 5082 coram-qno
1300 5005 1380 5070 dicti
1399 5007 1546 5086 episcopi
1574 5011 1748 5086 proposuit

951 5101 1156 5180 procurator,
1173 5102 1259 5179 quod
1283 5105 1464 5167 memorata
1487 5105 1620 5168 ducisse
1640 5123 1745 5184 quas·

950 5200 1025 5261 dam
1040 5199 1174 5261 catenus
1189 5200 1326 5272 terreas,
1354 5216 1437 5279 quas
1463 5203 1550 5263 idem
1572 5205 1746 5281 episcopus

951 5297 1134 5359 incivitate
1158 5297 1351 5358 cabilonen.
1368 5299 1530 5361 habuerat
1559 5317 1618 5377 per
1644 5302 1747 5362 muita

951 5397 1110 5470 tempora,
1127 5394 1162 5455 in
1186 5394 1296 5472 quiete
1318 5395 1396 5457 iecit
1423 5396 1587 5457 violenter
1613 5397 1745 5470 excidi,
1823 5438 1826 5443 -

951 5490 1035 5552 alias
1047 5491 1154 5551 eidem
1162 5492 1318 5569 episcopo
1332 5492 1495 5569 injuriosa
1506 5494 1653 5555 existens
1668 5495 1746 5571 piu-

142 5590 314 5657 Honorius
322 5590 507 5668 episcopus,
518 5604 635 5654 servus
645 5604 816 5652 servorum
826 5589 895 5661 bei,
943 5586 1071 5648 nimum
1086 5590 1119 5650 et
1134 5589 1290 5665 molesta3
1316 5604 1417 5666 super
1435 5605 1511 5667 quo,
1526 5591 1601 5668 quie
1623 5594 1748 5659 monite
