3774 6186
728 215 905 278 HONORII
926 216 972 275 111
993 217 1141 278 OPERA.
1170 262 1176 283 ι,
1699 215 1759 274 680

499 414 503 419 -
564 359 566 365 ’
963 373 1086 451 quibus
1095 377 1218 437 temere
1230 373 1412 436 molestari.
1423 372 1473 447 nt,
1482 386 1584 452 quum
1595 373 1705 451 ipsius
1716 373 1759 434 sit

447 429 577 517 CCXX
964 472 1180 549 interpretari
1185 476 1273 549 jura,
1287 472 1345 548 qui
1357 471 1498 535 condere
1513 472 1586 548 ipsa
1600 471 1758 547 potesta

401 574 454 633 Ad
468 574 614 634 eosdem.
964 570 1195 646 superstitiosa
1212 570 1485 647 interpretatione
1499 569 1642 631 concilii
1660 583 1759 629 cure-

377 702 413 760 20
420 702 544 776 januarii
562 703 640 761 Μ
964 667 1008 776 tis
1018 683 1077 729 vos
1087 668 1178 744 ipsos
1189 670 1224 729 et
1237 669 1322 728 alios
1335 667 1501 738 cohibere,
1516 682 1556 727 ac
1571 666 1758 774 confratres

964 780 1111 841 ipsorum
1136 768 1168 826 et
1193 766 1279 826 alios
1307 765 1469 841 eligentes
1497 780 1541 826 ex
1568 764 1696 840 pietate
1724 779 1759 824 ιιι

323 823 519 890 [⁵¹¹⁰h¹¹‘⁰·¹⁰⁰·
533 825 703 893 ut.,p.3ot.]
964 877 1079 924 eorum
1100 863 1251 924 ecclesiis
1273 863 1471 939 sepulturas,
1491 861 1671 922 dummodo
1693 876 1757 920 non

115 940 258 1001 Honorius
284 948 362 998 vetat
387 941 520 1014 prelatos
546 942 674 1001 ordinem
702 941 908 1000 l'heutouicum
964 960 1032 1021 sint
1055 961 1331 1021 excommunicati
1355 960 1407 1021 vel
1429 959 1627 1021 nominatim
1648 957 1757 1018 inter.

222 1030 333 1088 ratione
346 1030 490 1105 sepuls
507 1032 625 1091 Coreli
640 1033 802 1089 mousure.
964 1057 1044 1119 utcu
1064 1057 1123 1118 aut
1143 1057 1272 1135 paulice
1298 1057 1455 1126 usurarii,
1474 1056 1651 1118 dimittatis
1674 1054 1758 1131 apuu

155 1158 322 1219 Honorius
332 1158 517 1234 episcopus,
528 1174 644 1220 servus
656 1174 827 1219 servorum
837 1157 907 1230 Dei,
964 1171 1022 1217 eos
1042 1154 1146 1216 libere
1174 1156 1321 1231 sepeliri,
1346 1156 1440 1216 salva
1464 1154 1598 1231 justitia
1623 1152 1758 1213 illarum

80 1255 362 1317 ‚venerabilibus
396 1253 553 1316 fratribus
587 1255 847 1333 archiepiscopis
877 1256 911 1318 et
964 1253 1192 1324 ecclesiarum,
1212 1252 1366 1330 aquibus
1389 1252 1594 1312 mortuorum
1618 1266 1758 1326 corpora

116 1352 291 1429 episcopis,
309 1353 342 1412 et
362 1350 492 1433 dilectis
512 1351 590 1411 filiis
610 1351 797 1423 abbatibus,
813 1351 908 1428 prio·
965 1355 1189 1412 assumuntur.
1214 1353 1263 1422 Et,
1282 1351 1310 1410 si
1325 1350 1405 1411 dicti
1427 1348 1547 1411 fratres
1568 1348 1623 1410 vel
1644 1363 1758 1408 eorum

115 1448 220 1518 ribus,
248 1447 394 1518 decanis,
420 1447 677 1519 archidiaconis,
709 1449 908 1526 praepositis,
965 1448 1073 1509 nuntii
1089 1448 1191 1508 semel
1201 1448 1234 1507 in
1248 1463 1335 1509 auno
1350 1447 1393 1508 ad
1404 1462 1462 1507 vos
1472 1446 1525 1507 vel
1540 1445 1583 1507 ad
1596 1445 1759 1505 ecclesias

117 1544 415 1621 archipresbyteris
437 1546 470 1606 et
488 1545 564 1605 aliis
584 1546 800 1606 ecclesiarum
823 1561 911 1622 prae·
964 1545 1244 1607 venerintvestrae
1251 1544 1477 1621 jurisdictioni
1487 1542 1667 1620 subjectas,
1677 1543 1760 1602 elee-

116 1641 204 1711 latis,
221 1641 261 1700 ad
284 1656 366 1717 quos
385 1641 505 1702 litterae
526 1642 597 1703 istae
614 1641 837 1719 pervenerint,
855 1656 911 1701 sa·
964 1658 1120 1719 mosynas
1135 1642 1170 1702 in
1186 1658 1266 1719 pace
1282 1648 1432 1719 quaerere
1448 1657 1487 1702 ac
1507 1640 1682 1702 exhortari
1698 1655 1758 1715 po-

116 1737 218 1798 lutem
233 1737 495 1813 elapostolioam
515 1736 789 1799 benedictionem.
964 1739 1078 1817 pulum
1108 1740 1315 1816 permittatis,
1336 1719 1438 1800 nullis
1463 1736 1659 1798 confratriis
1686 1736 1759 1797 aliis

156 1836 231 1896 Non
246 1835 319 1894 sine
338 1834 434 1909 gravi
456 1835 653 1911 Apostolicae
677 1836 771 1896 Sedis
784 1835 909 1913 injuria
964 1837 1169 1914 interpositis
1191 1853 1231 1898 ea
1260 1837 1329 1912 die;
1354 1836 1511 1914 populum
1538 1834 1760 1895 nihilominus

117 1932 150 1994 et
165 1932 283 2008 grandi
298 1932 499 1992 contumelia
512 1933 678 1994 creatoris
694 1932 838 2009 quidam,
853 1932 909 2008 qui
964 1937 1112 1997 vestrum
1132 1935 1294 1996 moneatis
1321 1935 1355 1995 et
1376 1933 1557 1994 efficaciter
1581 1932 1759 2002 inducatis,

117 2030 243 2107 ponunt
257 2029 363 2090 lucem
387 2028 542 2090 tenebras
562 2032 595 2090 et
616 2030 769 2091 tenebras
790 2030 907 2097 lucem,
964 2036 1128 2095 uteorum
1150 2032 1376 2093 fraternitates
1397 2046 1582 2101 assumere,
1593 2045 1635 2091 ac
1653 2029 1760 2104 legata

116 2128 255 2197 dilectos
271 2127 357 2187 filios
372 2125 492 2188 fratres
505 2127 687 2203 Hospitalis
697 2129 827 2188 Sanctae
837 2128 910 2186 Ma-
964 2131 1061 2192 eisin
1078 2130 1194 2191 ultima
1215 2131 1384 2191 voluntate
1405 2129 1534 2200 relicta,
1549 2130 1582 2189 et
1607 2126 1676 2187 alia
1693 2127 1759 2186 illis

117 2225 177 2287 riae
192 2224 470 2285 Theutonicorum
483 2224 777 2301 hierosolymitani
790 2224 831 2285 ab
847 2227 911 2284 Ec·
964 2228 1124 2290 beneficia
1133 2229 1205 2289 sine
1213 2227 1409 2289 difficultate
1421 2227 1577 2288 studeant
1587 2224 1758 2286 exhibere

118 2322 221 2384 olesia
232 2323 380 2383 Romana
393 2321 547 2397 specialis
560 2321 727 2398 privilegii
741 2335 911 2397 praeroga·
964 2328 1033 2387 Nos
1055 2341 1136 2386 vero
1159 2327 1218 2396 eis,
1240 2326 1296 2403 qui
1320 2324 1417 2387 dictis
1441 2323 1602 2385 fratribus
1627 2338 1759 2383 manum

112 2420 186 2481 ,tiva
202 2418 351 2490 donatos,
366 2418 581 2494 etdeputatos
596 2418 786 2495 specialiter
801 2419 910 2478 servi-
965 2423 1176 2500 porrexerint
1199 2423 1343 2498 pietatis,
1357 2422 1387 2480 si
1407 2436 1485 2480 vere
1509 2419 1637 2480 fuerint
1656 2419 1760 2495 poeni·

118 2517 254 2578 tioJesu
264 2516 397 2584 Christi,
409 2517 584 2578 occasione
596 2516 734 2576 Concilii
744 2515 910 2591 generalis
965 2521 1186 2596 tentes,juxta
1202 2519 1388 2580 devotionis
1401 2518 1558 2579 affectum
1573 2517 1607 2578 et
1623 2515 1759 2576 subsidii

119 2614 193 2692 plus
208 2613 317 2675 debito
332 2615 366 2674 et
379 2613 521 2689 amplius
541 2613 637 2674 solito
657 2629 798 2689 gravare
820 2629 910 2688 prae·
966 2617 1180 2694 quantitatem
1212 2632 1346 2677 suorum
1374 2615 1605 2692 peccaminum
1630 2614 1761 2673 veniam

120 2714 263 2783 sumunt,
281 2710 374 2772 novis
390 2714 422 2771 et
437 2710 650 2786 inexquisitis
673 2726 730 2771 eos
751 2710 911 2771 molestiis
966 2714 1172 2792 pollicemur,
1200 2713 1414 2789 praesentium
1442 2711 1538 2772 vobis
1564 2710 1759 2771 auctoritate

119 2809 318 2884 affligentes,
340 2809 474 2883 propter
493 2808 578 2883 quod
599 2808 821 2884 eleemosyna,
838 2823 911 2883 quae
966 2812 1172 2881 mandantes,
1191 2814 1227 2872 ut
1246 2804 1428 2887 praesentes
1451 2809 1594 2881 litterae,
1611 2808 1759 2885 quotiens

120 2905 247 2966 solebat
261 2904 422 2982 proficere
435 2902 636 2979 pauperibus
647 2903 768 2965 Christi
781 2905 814 2965 et
826 2903 908 2964 sub·
967 2925 985 2970 a
999 2909 1096 2970 dictis
1112 2907 1270 2969 fratribus
1285 2906 1415 2968 fueritis
1430 2906 1595 2983 requisiti,
1612 2921 1673 2981 per
1687 2921 1759 2965 ves·

122 3002 207 3064 sidio
230 3004 342 3062 Terrae
367 3002 506 3072 Sanctae,
523 3001 572 3061 sic
589 3002 639 3062 est
653 3017 711 3077 per
725 3001 910 3078 iniquitatis
966 3009 1036 3069 tras
1049 3007 1177 3067 faciatis
1191 3006 1350 3066 dioeceses
1365 3006 1398 3066 et
1410 3004 1589 3081 parochias
1600 3002 1756 3080 publicari

121 3099 330 3176 dispendium
350 3099 538 3175 angustata,
559 3098 645 3175 quod
664 3097 779 3159 eadem
798 3100 850 3160 est
869 3114 912 3159 ex
967 3106 1000 3166 et
1014 3103 1160 3164 subditos
1175 3104 1314 3173 vestros,
1330 3102 1386 3179 qui
1400 3117 1501 3179 super
1515 3100 1698 3177 praemissis
1713 3099 1755 3160 eis

121 3200 215 3275 parte
225 3197 370 3258 maxima
380 3195 553 3257 diminuta.
567 3196 732 3257 Praeterea
743 3195 911 3258 libertates
967 3201 1236 3278 impedimentum
1260 3199 1480 3276 praestiterint
1493 3199 1546 3260 vel
1569 3212 1752 3273 gravamen,

120 3296 154 3356 et
168 3295 390 3371 indulgentias
404 3295 454 3356 eis
469 3293 510 3355 ab
523 3293 711 3370 apostolica
732 3294 816 3356 Sede
832 3310 913 3355 con·
968 3313 1107 3358 censura
1135 3297 1297 3357 canonica
1324 3295 1504 3355 secundum
1531 3293 1635 3356 officii
1661 3292 1752 3353 vestri

121 3408 235 3454 cessas
246 3408 305 3469 per
316 3392 488 3453 malitiosae
501 3393 782 3468 interpretationis
791 3393 912 3453 calum·
967 3395 1112 3457 debitum
1123 3393 1352 3470 compescatis.
1366 3393 1438 3454 Dat.
1447 3393 1606 3454 Laterani
1622 3392 1696 3451 Xlll
1706 3390 1753 3449 ka·

121 3491 211 3552 niam
237 3491 474 3567 pervertentes,
489 3490 571 3565 ipsis
598 3490 723 3551 temere
747 3506 783 3550 se
809 3506 913 3567 oppo-
967 3492 1082 3552 lendas
1111 3492 1282 3563 februarii,
1306 3490 1521 3567 pontificatus
1546 3490 1653 3552 nostri
1675 3500 1750 3550 anno

124 3590 207 3652 nunt
220 3604 282 3650 nec
297 3587 481 3648 confratres
505 3602 619 3647 eorum
641 3588 674 3649 et
696 3587 856 3663 eligentes
878 3587 911 3647 in
968 3591 1096 3667 quinto.

122 3700 237 3748 eorum
252 3685 402 3747 ecclesiis
417 3685 616 3762 sepulturas,
633 3685 689 3761 qui
704 3701 764 3746 nec
779 3700 915 3746 excom-

123 3785 282 3848 municati
301 3786 378 3845 sunt
398 3800 460 3846 nec
475 3783 575 3845 etiam
590 3783 784 3844 nominatim
804 3784 913 3844 inter·
1287 3739 1438 3827 CCXXI

122 3884 215 3957 dicti,
236 3884 432 3962 permittunt
461 3882 547 3961 apud
573 3898 608 3943 se
632 3881 735 3943 libere
766 3881 911 3958 sepeliri.
1253 3884 1305 3944 Au
1326 3884 1473 3944 eosdem

125 3983 394 4045 Exhortationem
411 3997 540 4059 quoque
557 3980 598 4041 ad
616 3980 769 4057 populum
786 3995 844 4056 pro
859 3995 915 4040 re-
1262 4013 1294 4071 „
1308 4012 1369 4086 jin.
1387 4013 1467 4071 ¹224·

123 4082 285 4159 cipiendis
298 4080 518 4159 eleemosynis
529 4079 706 4150 consuetis,
716 4078 914 4139 confratrias

123 4181 222 4243 etiam
241 4183 399 4258 ipsorum,
419 4196 492 4256 quae
518 4179 695 4254 praecipuae
713 4177 815 4237 nullis
839 4175 913 4237 aliis
1200 4145 1337 4210 [⁸‘¹⁰¹¹¹¹‘⁰¹
1352 4146 1370 4196 ¹·
1380 4159 1413 4203 ⁰·’
1425 4159 1451 4209 Ρ·
1464 4144 1534 4209 3οΜ

123 4279 330 4357 interpositis
344 4293 418 4338 0330
429 4276 559 4346 debent,
573 4275 757 4352 impediunt
771 4289 831 4350 pro
846 4289 914 4334 suae
969 4256 1053 4316 lubet
1068 4254 1220 4321 Honorius,
1236 4260 1352 4310 ornatos
1367 4253 1438 4309 false
1453 4253 1545 4326 nigris
1557 4250 1663 4310 ordinis
1672 4250 1747 4309 iheu·

124 4377 262 4438 arbitrio
273 4375 466 4444 voluntatis,
484 4375 617 4450 propter
631 4373 694 4434 hoc
711 4373 837 4433 tantum
854 4386 915 4431 eo·
1005 4345 1090 4446 ¹⁰¹¹&
1107 4342 1288 4444 ‘'ff‘ufflmd,
1301 4342 1500 4441 deemffll'lffi
1518 4339 1693 4413 “fugandas
1708 4352 1744 4396 ω

125 4490 198 4535 rum
213 4471 413 4550 profectibus
428 4471 626 4537 invidentes,
639 4469 716 4545 quia
731 4469 845 4529 vident
859 4484 916 4528 eos
1006 4435 1163 4492 ⁰¹⁶⁸¹⁸⁸¹¹⁰³
1177 4431 1329 4503 d¹⁸⁰¹p¹¹⁰³
1341 4444 1477 4488 wem·

126 4586 261 4633 causam
284 4583 477 4653 pauperum,
497 4568 666 4644 immejuS,
688 4567 744 4643 qui
768 4565 866 4626 simul
882 4566 916 4625 in
1012 4561 1178 4624 Honorius
1188 4559 1375 4635 episcopus,
1384 4572 1501 4617 servus
1512 4552 1746 4620 servornmbei.

126 4687 228 4732 unum
248 4668 353 4732 voluit
372 4683 445 4729 esse
466 4666 559 4727 dives
582 4667 615 4727 et
634 4680 769 4742 pauper,
790 4663 916 4724 relictis
970 4657 1216 4722 venerabilibus
1249 4654 1408 4716 fratribus
1440 4653 1697 4731 archiepiscopis
1723 4649 1748 4708 et

125 4769 239 4830 mundi
262 4765 466 4831 vanitatibus
493 4778 683 4842 procurare.
710 4765 789 4822 Cum
815 4760 919 4838 igitur
972 4757 1135 4836 episcopis
1150 4755 1183 4816 et
1197 4753 1328 4814 dilectis
1340 4751 1419 4812 filiis
1434 4750 1621 4821 abbatibus,
1639 4747 1747 4827 priori·

126 4867 252 4944 praefati
269 4866 390 4927 fratres
405 4865 478 4941 post
501 4864 604 4924 Deum
621 4861 749 4922 nullium
773 4859 918 4923 habeant
972 4856 1043 4926 bue,
1061 4850 1317 4918 archidiaconis,
1338 4847 1484 4918 decanis,
1503 4849 1536 4909 et
1556 4847 1634 4908 aliis
1653 4845 1747 4908 eccle·

126 4966 247 5039 praeter
267 4965 452 5024 Romanum
475 4959 662 5038 pontificem
686 4958 915 5019 defensorem:
973 4955 1098 5016 siarum
1114 4949 1271 5028 praelatis,
1288 4947 1330 5008 ad
1349 4961 1432 5023 quos
1454 4945 1575 5006 litterae
1596 4944 1667 5006 istae
1682 4957 1747 5020 per·

126 5060 335 5121 universitati
359 5060 477 5119 vestrae
500 5074 559 5135 per
581 5055 771 5133 apostolica
792 5054 917 5131 scripta
971 5050 1134 5121 venerint,
1151 5048 1292 5110 salutem
1314 5047 1347 5107 et
1372 5041 1590 5120 apostolicam
1611 5039 1751 5103 benedic·

126 5158 274 5220 districte
294 5156 516 5234 praecipiendo
530 5154 737 5226 mandamus,
755 5154 917 5231 quatenus
971 5149 1106 5211 tionem.

126 5268 195 5325 eoS,
208 5253 274 5312 imo
285 5250 450 5313 Christum
465 5249 572 5321 ineis,
587 5252 682 5326 cuy‘us
694 5250 772 5309 sunt
782 5247 918 5309 servitio
1012 5246 1112 5306 Decet
1122 5239 1299 5321 pastoralis
1309 5237 1568 5300 sollicitudinem
1581 5235 1750 5312 dignitatis,

126 5349 285 5426 deputati,
301 5348 498 5424 recipientes
520 5346 702 5407 honorifice
724 5348 757 5406 et
774 5345 918 5421 benigna
972 5358 1093 5421 pravas
1115 5343 1148 5403 et
1171 5353 1323 5401 enormes
1351 5335 1544 5412 iniquitates
1568 5333 1706 5395 evellere
1725 5331 1753 5391 et

128 5448 266 5508 caritate
280 5447 472 5516 tractantes,
486 5444 575 5520 ipsos
592 5444 767 5504 occasione
779 5442 917 5504 concilii
974 5442 1065 5510 vitia,
1091 5455 1164 5516 quae
1194 5435 1376 5514 periculum
1403 5432 1537 5509 pariunt
1564 5432 1751 5495 animarum,

14 5624 16 5629 .
129 5561 189 5606 uec
204 5545 349 5622 gravetis
363 5542 507 5605 indebite
528 5558 589 5603 nec
611 5540 784 5618 patiamini
799 5541 840 5601 ab
855 5540 920 5601 ali·
974 5538 1133 5600 radicitus
1148 5535 1330 5610 amputare.
1351 5528 1587 5592 Detestaudum
1603 5528 1753 5604 siquidem
