3774 6186
47 315 97 374 25
680 318 908 379 EPISTOLAE.
932 321 1010 381 bru.
1036 323 1091 382 111.
1675 335 1715 394 26

45 473 299 537 'l'olosanornm
323 479 356 536 et
380 490 515 536 suorum
540 475 736 553 complicum
762 477 862 552 mali·
916 477 1114 556 quibusdam
1129 481 1295 560 episcopis
1308 486 1341 548 et
1355 484 1538 550 baronibus
1550 491 1719 570 crucesig-

46 570 135 633 tiam
158 573 454 650 comprimendam,
479 572 538 636 tibi
567 572 691 636 fuerint
713 592 861 653 praesen·
916 577 1015 650 natis,
1032 579 1103 640 sive
1128 580 1331 659 quibuslibet
1344 583 1435 657 aliis,
1451 584 1589 648 fecimus
1602 588 1642 651 de
1662 590 1716 652 vl·

50 672 145 742 tatae,
161 672 198 732 tu
213 669 328 733 divino
350 671 468 748 spiritu
491 671 647 733 incitatus
666 671 700 732 id
716 672 858 737 faciendi
915 675 1039 736 cesima
1060 677 1159 739 terrae
1178 694 1237 739 seu
1260 681 1477 743 ecclesiarum
1499 700 1646 758 suarum,
1675 702 1715 749 ac

54 768 261 846 propositum
288 768 509 846 assumpsisti,
536 769 623 831 sicut
650 770 769 833 litterae
793 775 859 834 tune
914 772 1072 834 vicesima
1093 776 1335 853 crucesignatis
1352 781 1423 857 jam
1442 781 1577 855 tradita,
1600 784 1636 846 ut
1655 799 1717 861 per

54 864 151 927 nobis
168 864 329 930 exhibitae
349 865 563 930 declararunt
582 867 642 948 (1).
666 871 753 931 Sane
773 870 858 948 quod
914 885 971 931 eos
984 870 1072 933 ultra
1087 888 1180 934 mare
1194 873 1321 937 feratur
1333 877 1440 954 ipsius
1455 881 1567 941 Terras
1582 883 1715 945 Sanctae

52 978 114 1040 per
123 964 260 1026 easdem
270 964 400 1027 litteras
411 965 585 1043 postulasti
602 968 638 1028 ut
648 967 688 1028 de
699 968 859 1029 vicesima

49 1060 151 1137 regni
162 1061 315 1124 Francia
328 1063 362 1125 et
371 1063 446 1125 aliis
457 1062 605 1125 collectis
618 1065 651 1126 et
662 1065 858 1142 colligendis

49 1158 178 1221 ibidem
201 1159 281 1221 buic
305 1159 482 1223 subvenire
501 1162 634 1240 negotio
652 1179 856 1226 curaremus,

49 1256 204 1319 animum
226 1242 376 1319 nostrum
399 1259 494 1336 quasi
519 1260 668 1337 quaedam
691 1261 859 1339 perplexi-

49 1356 121 1416 tate
137 1355 344 1432 perstrinxit.
358 1360 386 1418 Α
399 1357 564 1434 principio
580 1359 668 1420 enim
684 1359 860 1436 pontifica-

52 1455 107 1513 tus
120 1452 230 1515 nostri
245 1451 431 1525 statuimus,
445 1454 491 1524 ut,
506 1456 573 1516 tam
587 1455 736 1531 praedicti
750 1456 856 1533 regni,

50 1566 153 1626 quam
169 1549 324 1622 aliorum,
336 1550 495 1612 vicesima
510 1549 725 1631 colligeretur
738 1553 773 1616 in
788 1553 860 1615 sin-

50 1646 140 1723 gulis
156 1646 368 1719 dioecesibus
389 1649 422 1710 et
443 1665 502 1726 per
516 1649 707 1728 episcopum
729 1650 806 1724 loci,
829 1649 858 1712 si

52 1746 143 1806 esset
157 1745 420 1822 crucesignatus,
435 1747 584 1825 alioquin
607 1764 667 1826 per
680 1749 766 1811 alios
781 1766 859 1812 cru-

52 1842 244 1919 cesignatos
252 1842 358 1923 ipsius
369 1843 524 1906 dioecesis
536 1845 651 1908 fideles
664 1847 697 1908 et
708 1846 856 1920 idoneos,

51 1941 143 2001 ultra
176 1955 271 2002 mare
303 1940 447 2003 ferretur
475 1942 558 2004 uiris
586 1943 718 2021 negotio
746 1947 858 2008 Terrae

51 2039 185 2100 Sanctae
196 2036 334 2100 utilibus
347 2039 532 2116 eroganda;
548 2056 600 2113 ne,
615 2041 753 2104 sialiter
765 2041 860 2104 fecis-

52 2151 180 2208 semus,
191 2135 298 2197 videri
310 2136 474 2214 potuisset
486 2138 664 2217 aliquibus
683 2139 769 2217 quod
783 2156 857 2202 eam

53 2232 109 2294 vel
137 2232 280 2312 aliqrmm
304 2235 432 2311 partem
456 2238 528 2312 ejus
550 2237 673 2298 nostris
694 2236 858 2299 vellemus

53 2329 172 2391 usibus
193 2331 372 2408 applicare,
395 2333 452 2410 qui
476 2349 541 2394 non
565 2333 671 2395 solum
692 2334 724 2396 id
747 2334 858 2396 facere

52 2427 246 2490 nullatenus
263 2429 493 2506 cogitavimus,
508 2447 623 2493 verum
639 2432 740 2494 etiam
753 2448 859 2494 came

49 2542 126 2587 ram
141 2526 291 2588 nostram
309 2527 561 2590 exhaurivimus
584 2545 643 2606 pro
663 2529 769 2607 ipsius
793 2546 857 2592 ne-

56 2624 146 2698 gotio
158 2625 274 2686 Terrae
292 2627 421 2687 Sanctae
438 2625 524 2688 ultra
538 2626 655 2704 viginti
671 2643 857 2690 marcarum

57 2720 163 2783 millia
186 2723 395 2800 exponendo.
421 2722 525 2785 Nobis
549 2724 652 2802 igitur
677 2742 777 2803 super
801 2728 857 2789 tna

53 2817 216 2896 petitione
230 2835 270 2881 ac
283 2820 440 2897 predicto
456 2822 579 2884 statuto
595 2823 738 2885 sollicite
753 2823 859 2885 medi-

52 2914 215 2990 tantibus,
242 2916 340 2980 valde
365 2919 587 2996 periculosum
611 2919 719 2981 visum
746 2922 796 2983 est
825 2923 860 2983 et

53 3014 254 3077 detractioni
277 3014 468 3089 obnoxium,
495 3017 670 3094 pecuniam
689 3019 858 3095 jamdictis

56 3114 167 3174 'rerrae
194 3114 326 3175 Sancta
349 3114 483 3190 negotio
507 3113 696 3190 deputatam
721 3115 756 3175 in
774 3116 859 3177 alios

55 3225 135 3270 usus
146 3212 354 3283 convertere,
369 3212 541 3289 ipsamque
553 3214 690 3273 Terram
704 3214 859 3274 Sanctam

914 969 1098 1043 succursui,
1125 974 1331 1047 remanente,
1355 976 1424 1038 tota
1455 976 1523 1039 alia
1551 978 1714 1042 vicesima

914 1065 993 1128 dicti
1008 1068 1114 1145 regni,
1130 1069 1341 1133 Narbonensi
1359 1074 1392 1134 et
1406 1074 1626 1137 dumtanensi
1642 1093 1716 1153 pru·

914 1163 1034 1226 vinciis
1071 1166 1233 1230 duntaxat
1270 1172 1436 1248 exceptis,
1477 1174 1546 1234 tam
1577 1174 1716 1238 collecta

914 1278 1012 1338 quam
1044 1263 1145 1325 etiam
1177 1266 1378 1343 colligenda,
1412 1284 1543 1331 necnon
1574 1273 1715 1349 pecunia

913 1365 1106 1423 truncorum
1119 1363 1152 1425 et
1165 1379 1226 1439 pro
1242 1367 1394 1427 votorum
1409 1367 1636 1445 redemptione
1650 1371 1715 1433 do-

914 1460 992 1518 nata
1009 1458 1042 1519 et
1062 1459 1227 1533 donanda,
1245 1462 1422 1525 decaetero
1440 1465 1614 1542 aequaliter
1628 1466 1719 1529 divi·

914 1553 1022 1625 datur,
1038 1556 1072 1618 et
1082 1558 1224 1621 mediate
1237 1560 1278 1621 ad
1292 1560 1397 1637 ipsius
1407 1563 1518 1624 Terrae
1531 1562 1715 1626 subsidium

913 1643 1091 1725 destinata,
1109 1655 1250 1733 reliqua,
1270 1659 1366 1734 juxta
1391 1658 1584 1735 petitionem
1609 1663 1713 1734 tuam,

913 1746 947 1806 in
973 1748 1131 1824 praedicto
1154 1751 1289 1828 negotio
1316 1753 1533 1830 expendatur.
1567 1754 1616 1817 Ad
1641 1771 1714 1818 eam

913 1844 1023 1904 autern
1042 1843 1261 1920 colligendam
1277 1846 1320 1915 et,
1335 1848 1371 1907 ut
1381 1847 1608 1924 praediximus,
1622 1848 1714 1912 divi·

913 1935 1065 2010 dendam,
1082 1939 1292 2001 venerabiles
1307 1940 1428 2002 fratres
1444 1942 1575 2003 nostros
1588 1944 1717 2006 Novio-

912 2048 1059 2096 mensem
1076 2034 1126 2115 (o)
1147 2038 1179 2098 et
1194 2037 1395 2100 Meldensem
1412 2037 1459 2117 (b)
1475 2039 1658 2117 episcopos,
1681 2043 1717 2104 et

913 2131 1068 2195 dilectum
1090 2134 1195 2195 fllium
1216 2135 1367 2198 abbatem
1382 2136 1635 2200 cisterciensem
1649 2137 1715 2198 du·

913 2230 1023 2291 ximus
1038 2231 1254 2310 deputandos,
1272 2233 1339 2312 qui,
1356 2250 1422 2296 una
1446 2233 1622 2297 medietate
1642 2238 1714 2314 jam

913 2326 1010 2389 dictae
1036 2330 1147 2391 Terrae
1170 2330 1318 2393 subsidio
1339 2333 1521 2405 reseruata,
1550 2333 1713 2412 reliquam

912 2423 972 2486 tibi
996 2426 1179 2504 assignent,
1205 2431 1303 2505 prout
1328 2428 1487 2507 expedire
1512 2429 1660 2513 videris,
1676 2431 1713 2493 in

913 2523 1147 2601 stipendiarios
1165 2528 1198 2587 et
1212 2526 1296 2588 alias
1317 2526 1476 2590 utilitates
1498 2528 1624 2606 negotii
1638 2529 1711 2592 lar-

913 2621 1078 2696 giendam.
1187 2610 1190 2615 ’

953 2718 1120 2780 Decimam
1147 2735 1277 2798 quoque
1304 2706 1493 2782 reddituum
1519 2719 1632 2784 dilecti
1648 2722 1709 2784 dlii

914 2814 1035 2877 nobilis
1048 2816 1113 2878 viri
1129 2820 1165 2878 L.
1178 2815 1224 2897 (c)
1238 2817 1450 2894 primogeniti
1462 2817 1522 2891 tui,
1538 2835 1577 2880 ac
1588 2819 1713 2882 vicesi-

914 2929 1001 2974 mam
1024 2914 1158 2976 illorum
1180 2914 1236 2993 qui
1257 2932 1331 2977 cum
1355 2931 1395 2977 eo
1423 2915 1578 2993 angliam
1602 2917 1712 2979 intra-

913 3012 1042 3084 verunt,
1059 3029 1156 3090 quarn
1176 3013 1387 3075 demandato
1412 3013 1512 3091 legati
1533 3015 1638 3078 nostri
1661 3013 1711 3096 (d)

912 3111 1069 3171 tenentur
1084 3125 1143 3186 per
1156 3108 1327 3170 biennium
1345 3110 1476 3172 mittere
1497 3111 1584 3173 ultra
1608 3128 1711 3184 mare,

914 3207 992 3267 huic
1012 3207 1145 3282 negotio
1160 3206 1307 3269 totaliter
1329 3206 1536 3284 deputamus,
1554 3209 1602 3270 ita
1627 3210 1713 3286 quod

50 3307 170 3368 eadem
186 3307 327 3384 pecunia
343 3309 585 3386 quodammodo
600 3309 810 3372 defraudare.
915 3304 964 3365 illi
999 3319 1073 3364 earn
1106 3302 1169 3364 sibi
1195 3304 1378 3377 retineant,
1407 3305 1464 3382 qui
1491 3305 1714 3382 personaliter

93 3403 160 3466 Sed
183 3419 303 3466 rursus
318 3406 540 3483 cogitantibus
555 3406 590 3468 in
606 3409 764 3484 quantam
779 3424 862 3469 con·
915 3400 1079 3463 subierint
1092 3400 1182 3462 buno
1208 3400 1367 3474 laborem,
1385 3401 1444 3463 alii
1472 3419 1552 3465 vero
1567 3419 1640 3466 earn
1653 3402 1714 3466 tibi

51 3501 219 3563 fusionem
239 3503 407 3578 negotium
432 3504 525 3581 pacis
544 3504 578 3566 et
599 3504 676 3566 ildei
698 3504 861 3567 relabitur
915 3498 1087 3575 assignent
1099 3499 1133 3560 in
1147 3497 1397 3561 subventionem
1413 3500 1562 3578 praedicti
1587 3501 1713 3579 negotii

51 3599 88 3660 in
118 3599 270 3677 partibus
303 3602 478 3663 Tolosanis
506 3603 540 3664 et
569 3603 764 3675 convicinis,
794 3602 859 3663 nisi
915 3597 1186 3672 convertendam3
1203 3597 1415 3673 concedimus
1430 3598 1530 3661 etiam
1547 3598 1632 3660 utlri
1654 3599 1712 3678 qui

52 3697 161 3758 eidem
177 3698 330 3775 potenter
346 3699 381 3759 in
402 3699 541 3761 instanti
556 3700 698 3762 articulo
718 3716 858 3762 succur-
915 3696 1022 3757 eidem
1043 3695 1262 3773 primogenito
1280 3697 1348 3769 too,
1367 3713 1432 3757 non
1454 3697 1610 3760 intrando
1636 3702 1711 3760 an-

53 3796 160 3866 ratur,
194 3795 430 3870 gravissimum
469 3798 578 3858 uisum
608 3799 661 3860 est
691 3799 860 3876 negotium
914 3794 1026 3870 gnam,
1056 3793 1112 3854 sed
1141 3792 1227 3854 alias
1258 3793 1290 3854 θὶ
1329 3795 1519 3871 lllaesfassdO
1552 3794 1712 3869 f³V0r0m2

56 3892 141 3951 illud
157 3892 256 3954 tantis
269 3908 380 3954 rerum
394 3895 427 3956 et
443 3909 660 3970 personarum
678 3895 860 3972 dispendiis
916 3894 1049 3969 propter
1074 3891 1137 3952 lroc
1161 3892 1515 3953 excommunicationis
1541 3892 1712 3956 vinculum

56 3989 217 4051 hactenus
228 3992 440 4068 procuratum
454 3992 643 4069 Apostolico
656 3993 785 4054 auxilio
802 3994 861 4055 de-
916 3989 1138 4057 incurrernnt‚
1156 3987 1185 4047 si
1205 3988 1244 4048 ad
1261 4003 1455 4048 succursum
1476 3988 1627 4065 predicti
1649 4005 1713 4050 ne-

55 4087 207 4160 stltuere‚
229 4091 415 4166 praesertim
449 4107 523 4152 curn
556 4091 681 4167 negotii
708 4090 861 4168 jamdicti
915 4085 996 4160 gotii
1007 4083 1228 4161 personaliter
1240 4084 1289 4146 ire
1300 4085 1477 4159 voluerint,
1487 4086 1522 4147 ut
1537 4083 1584 4165 (2)
1596 4085 1714 4149 saltem

54 4185 221 4262 promotio
246 4186 286 4247 ad
309 4188 469 4249 bonorem
495 4188 660 4265 pertineat
678 4189 774 4265 regni
798 4189 859 4262 tui,
915 4182 1114 4244 bellatorum
1143 4183 1202 4245 aut
1229 4183 1391 4261 pecuniae,
1413 4184 1511 4261 Juxta
1540 4182 1715 4247 facultates

54 4282 231 4359 quod,l)eo
242 4284 861 4363 teste,diligimuspraecaeterisregnis
916 4297 1005 4353 suas,
1033 4281 1224 4358 competens
1252 4280 1436 4342 subsidium
1467 4281 1646 4356 destinare,
1672 4281 1714 4344 ab

54 4381 184 4450 mundi,
200 4384 234 4443 et
246 4381 317 4454 ille,
335 4383 391 4460 qui
407 4383 447 4443 ad
461 4400 534 4460 quas
547 4384 618 4445 uult
629 4383 730 4446 corda
744 4399 860 4461 regum
916 4379 1080 4457 episcopis
1095 4379 1175 4452 suis,
1193 4381 1226 4441 θῐ
1240 4379 1340 4441 eliam
1352 4379 1393 4442 ab
1409 4380 1476 4441 illis
1487 4379 1606 4457 fluibus
1623 4398 1716 4444 0011]-

54 4477 208 4549 inclinat,
223 4480 427 4556 propositum
444 4482 660 4543 succurrendi
675 4482 781 4544 eidem
796 4498 860 4543 ue·
916 4478 1054 4539 missum
1071 4477 1170 4539 fuerit
1184 4478 1328 4539 officium
1348 4477 1563 4555 praedicandi,
1586 4479 1716 4556 possint

52 4575 146 4649 gotio
167 4575 228 4638 tibi
250 4576 405 4654 dignatus
424 4578 526 4640 fuerit
542 4579 720 4656 inspirare.
743 4582 779 4640 ln
798 4579 862 4642 lrac
916 4575 1114 4638 beneficium
1130 4573 1348 4638 absolutionis
1364 4576 1622 4655 reciperejuxta
1641 4576 1715 4639 for·

53 4689 137 4748 ergo
179 4675 275 4750 qnasi
311 4675 452 4752 quadam
491 4677 737 4739 concertatione
772 4677 861 4738 viam
917 4690 1004 4735 marn
1034 4673 1185 4735 ecclesiae
1211 4674 1406 4735 consuetam
1430 4672 1489 4753 (3).
1520 4677 1625 4736 Porro
1655 4690 1716 4751 per

54 4771 200 4831 mediam
225 4773 396 4848 eligentes,
421 4774 469 4834 sic
493 4774 648 4835 duximus
677 4773 860 4851 provideo·
918 4771 1295 4834 venerabilemfratrem
1315 4772 1464 4833 nostrum
1489 4772 1714 4847 agathensem

53 4869 146 4940 dum,
162 4871 198 4930 ut
212 4869 377 4943 videlicet,
395 4873 533 4948 excepta
548 4872 707 4933 vicesima
727 4872 860 4934 illarum
916 4869 1107 4948 episcopum
1144 4867 1192 4949 (4)
1232 4869 1433 4947 apostolicas
1474 4868 1714 4932 destinavimus

54 4966 238 5027 dioecesum
254 4983 393 5044 quarum
409 4970 557 5047 episcopi
572 4969 696 5032 suntin
712 4971 861 5047 partibus
916 4968 1139 5045 indulgentias
1161 4967 1314 5029 omnibus
1339 4966 1395 5043 qui
1419 4967 1454 5028 in
1479 4969 1630 5045 personis
1657 4969 1715 5031 aut

53 5065 304 5137 transmarinis,
318 5067 371 5126 vel
385 5067 485 5129 eundi
501 5067 581 5127 illuc
592 5067 657 5128 iter
667 5071 745 5129 sunt
757 5084 861 5146 usque
915 5066 1015 5128 rebus
1024 5082 1217 5127 succursum
1228 5063 1444 5142 praestiterint
1461 5067 1714 5144 negotiosaepe·

54 5163 97 5223 ad
114 5162 236 5223 festum
257 5166 290 5224 S.
311 5163 475 5225 Jolranuis
493 5165 651 5241 Baptista
672 5166 861 5243 proximum
916 5165 1015 5237 dicte,
1030 5180 1112 5241 quas
1127 5164 1164 5224 in
1178 5179 1239 5225 soo
1254 5163 1374 5225 robore
1400 5164 1552 5226 volumus
1577 5181 1714 5242 perma-

53 5259 260 5335 aggressuri,
271 5260 373 5322 salvis
383 5261 483 5322 etiarn
492 5262 766 5324 concessionibus
779 5279 861 5341 quas
916 5278 1006 5325 nere.
1015 5262 1062 5324 Ad
1078 5261 1247 5339 baec,quia
1258 5261 1293 5322 in
1306 5260 1506 5333 Arelatensi,
1517 5262 1712 5336 Viennensi,

93 5389 135 5462 (l)
150 5391 268 5448 lionorii
282 5391 391 5449 litteras
403 5392 468 5449 vide
485 5407 581 5465 supra,
597 5401 616 5450 t.
633 5396 685 5460 lll,
702 5394 756 5452 col.
774 5395 817 5453 lt.
916 5403 1029 5469 gestum
1050 5394 1078 5451 in
1098 5393 1201 5467 Anglia
1225 5392 1341 5461 bellum,
1367 5399 1397 5449 et
1422 5391 1580 5450 fautoribus
1595 5393 1658 5466 ejus
1677 5394 1713 5453 ab

93 5465 136 5546 (c)
150 5464 328 5545 Stepbanum
344 5462 380 5519 de
399 5465 544 5546 ltemosio.
601 5465 639 5537 (b)
668 5465 861 5548 Guilllelmum
916 5467 1157 5549 tinalonotlegato
1176 5465 1328 5536 troposiuo.
1352 5479 1428 5521 euno
1445 5466 1523 5547 ¹.²¹⁷⁹
1537 5467 1646 5523 mentio
1656 5480 1712 5524 non

54 5533 92 5590 de
108 5536 257 5592 nemesio.
302 5533 339 5606 (c)
357 5535 501 5592 ludovici.
540 5534 583 5608 (d)
603 5538 749 5596 Gualours.
917 5538 1037 5595 babetur
1053 5554 1080 5594 m
1096 5544 1217 5594 tractatu
1241 5551 1256 5592 a
1279 5537 1401 5608 lipmero
1415 5535 1503 5603 edito,
1529 5550 1614 5608 quern
1635 5546 1712 5596 tomo

96 5606 126 5674 (2
154 5605 314 5676 tegendum
334 5611 391 5662 aut.
917 5616 1014 5668 nostro
1036 5609 1126 5676 xvii,
1143 5624 1171 5680 p.
1189 5608 1251 5676 lll,
1266 5607 1424 5665 retulimus.
1439 5607 1605 5683 (bouquet.)

95 5680 125 5751 (a
154 5676 279 5745 llulctm,
305 5675 448 5734 budovioo
470 5676 592 5752 Philippi
618 5679 695 5754 regis
726 5679 793 5749 lilio,
824 5678 861 5736 ob
953 5680 994 5754 (t)
1010 5679 1164 5737 Toulisinm.
