3824 6180
168 222 208 280 15
774 218 959 280 uoxonn
979 218 1026 278 111
1046 217 1196 279 OPERA.
1776 216 1819 275 lo

165 377 209 440 ad
233 378 368 438 illorum
394 375 591 448 subsidium,
611 378 713 438 immo
735 377 778 438 ad
788 377 960 440 detensio-
1012 378 1114 448 tates,
1136 378 1172 438 et
1197 375 1283 437 alias
1310 376 1543 439 baereticorum
1568 378 1702 445 terras,
1728 389 1817 452 quas

163 491 241 537 nem
256 475 548 546 tideicbristianae,
558 491 595 536 se
605 476 758 551 accingat
770 476 914 537 viriliter
926 477 961 537 et
1012 475 1173 535 Dominus
1186 473 1323 536 tradidit
1336 475 1372 534 in
1386 474 1540 535 manibus
1551 473 1687 549 inclptae
1697 488 1818 532 recor·

163 576 328 651 potenter,
344 573 408 634 sibi
429 577 463 634 et
483 574 527 632 iis
540 574 598 650 qui
618 589 731 634 secum
752 572 847 634 ibunt
864 573 958 633 illam
1012 570 1157 632 dationis
1175 571 1279 646 patris
1304 572 1353 633 tui
1371 587 1413 632 ac
1433 572 1601 633 exercitus
1621 570 1815 639 christiani,

163 671 404 747 indulgentiam
424 669 636 731 concedendo
650 687 725 747 quae
739 686 897 731 concessa
907 672 959 731 est
1011 668 1119 729 eidem
1130 670 1218 746 patri
1230 671 1300 740 tuo,
1312 670 1368 729 cui
1378 669 1545 746 principes
1554 668 1702 745 ejusdem
1712 683 1819 729 exer-

161 767 686 846 proticiscentibusinsubsidium
694 770 805 829 Terre
814 769 955 838 Sanctae,
1011 765 1108 836 citus,
1134 781 1210 826 cum
1234 765 1375 826 consilio
1402 767 1588 842 legatorum
1611 765 1816 842 apostolicae

161 867 296 944 plenam
331 864 487 927 videlicet
511 867 645 927 veniam
674 868 887 943 peccatorum
916 865 957 926 de
1012 862 1119 934 Sedis,
1140 863 1218 925 illas
1249 863 1414 940 regendas
1448 864 1695 933 commiserant,
1732 878 1817 922 nec-

161 962 283 1042 quibus
309 963 547 1025 rere‘contriti
575 964 699 1025 luerint
729 965 764 1026 et
799 962 955 1024 confessi.
1010 959 1088 1020 dum
1104 959 1152 1039 (0)
1167 961 1357 1023 baeredibus
1379 960 1500 1037 eiusin
1513 959 1578 1020 tide
1593 959 1760 1020 catholica
1779 961 1816 1019 01

161 1062 298 1133 Verum,
324 1062 403 1139 quia
429 1061 502 1122 baec
525 1061 718 1138 specialiter
742 1077 787 1122 ex
797 1062 855 1122 tuo
872 1062 956 1121 nutu
1009 1056 1186 1119 devotione
1207 1058 1302 1120 Sedis
1325 1057 1524 1135 apostolice
1538 1055 1815 1134 permanentibus

160 1157 359 1236 dependent,
397 1160 617 1220 serenitatem
653 1163 745 1220 tuam
778 1173 955 1234 00000000,
1010 1155 1238 1228 confirmarit,
1279 1155 1513 1234 principalium
1534 1155 1744 1215 dominorum
1779 1157 1817 1216 et

159 1271 333 1318 monemus
357 1258 393 1318 et
404 1257 623 1318 exhortamur
644 1257 680 1317 in
700 1257 854 1328 Domino,
866 1271 954 1333 qua-
1009 1252 1165 1325 aliorum,
1184 1253 1349 1331 siquibus
1370 1252 1455 1314 torte
1469 1253 1636 1329 competit,
1645 1255 1723 1329 iure
1736 1251 1814 1312 sal·

157 1356 255 1416 tenus
278 1370 340 1432 pro
356 1355 406 1417 tui
432 1355 526 1430 regni
547 1353 655 1430 gloria
674 1356 710 1416 et
736 1353 875 1426 bonore,
893 1368 955 1431 pro
1008 1351 1220 1428 ro,exceptis
1232 1349 1442 1412 baereticiset
1450 1349 1649 1421 fautoribus,
1667 1348 1815 1410 creden-

158 1451 265 1529 ipsius
276 1452 465 1513 reverentia
478 1454 498 1514 J
500 1467 559 1512 esu
573 1451 709 1522 Christi,
721 1466 782 1528 pro
795 1451 867 1513 zelo
876 1450 955 1512 tldei
1008 1445 1110 1518 tibus,
1122 1446 1354 1508 defensoribus
1363 1450 1397 1508 et
1406 1445 1670 1523 receptatoribus
1680 1462 1815 1507 eorum·

158 1548 952 1626 0000110000001000000000101100000010000,
1007 1542 1098 1617 dem;
1128 1543 1244 1606 eodem
1274 1547 1368 1621 patre
1391 1546 1449 1606 tuo
1476 1548 1544 1606 tres
1570 1543 1725 1605 denarios
1750 1560 1813 1620 per

157 1661 233 1706 cum
260 1661 435 1721 peccemus
453 1661 568 1707 omnes
593 1654 625 1706 et
644 1646 704 1706 Dei
723 1645 952 1707 misericordia
1007 1640 1158 1718 singulas
1180 1641 1296 1702 domos
1326 1641 1474 1719 ejusdem
1498 1645 1596 1704 terrae
1618 1641 1814 1703 annualiter

156 1758 324 1819 egeamus,
338 1742 489 1804 eumdem
498 1743 755 1819 primogenitum
766 1746 858 1805 tuum
873 1742 953 1804 illuc
1007 1739 1165 1803 Romane
1178 1738 1334 1801 Ecclesiae
1349 1739 1570 1816 promittente,
1587 1740 1628 1800 ad
1644 1739 1807 1799 indicium

155 1855 229 1901 curn
242 1840 342 1916 digno
353 1842 387 1902 te
400 1856 440 1901 ac
454 1840 514 1901 illo
528 1840 664 1903 studeas
676 1841 711 1902 et
722 1839 859 1902 lestines
868 1840 953 1901 diri-
1007 1835 1091 1913 quod
1107 1838 1215 1897 terras
1229 1837 1305 1897 illas
1322 1837 1414 1914 ipsas
1426 1837 1462 1898 in
1476 1837 1650 1898 devotione
1663 1840 1809 1913 Aposto-

154 1953 233 2013 gere
256 1940 431 2015 apparatu,
453 1938 632 2010 00101100,
655 1938 836 1999 secundum
864 1938 952 2016 quod
1006 1933 1081 1995 licae
1108 1934 1203 1995 Sedis
1226 1936 1260 1996 et
1287 1937 1402 1997 sancta
1425 1934 1589 2010 religione
1604 1951 1807 1996 conservare

154 2034 368 2097 celsitudinis
382 2038 447 2097 tuae
469 2035 644 2112 prudentia
659 2035 818 2113 expedire
827 2051 953 2112 cogno-
1005 2031 1046 2091 de
1065 2034 1186 2093 caetero
1210 2031 1416 2109 disponebat.
1444 2033 1534 2093 Idem
1549 2034 1650 2095 etiam
1674 2033 1809 2110 praede·

155 2132 254 2204 verit,
276 2148 352 2194 cum
376 2133 497 2194 ellectu
522 2149 700 2194 succurras
723 2134 856 2209 negotio
878 2149 952 2194 me-
1005 2144 1119 2191 sessor
1128 2131 1241 2192 000101·
1250 2131 1366 2192 0101011
1375 2130 1410 2191 10
1420 2130 1569 2192 Concilio
1580 2131 1730 2206 generali
1741 2130 1804 2210 (c),

156 2233 297 2301 morato,
326 2228 411 2307 quod
439 2230 475 2291 in
495 2230 668 2308 antiquum
691 2230 794 2293 chaos
826 2230 952 2308 absque
1003 2229 1042 2289 ut
1054 2228 1145 2288 terra
1157 2243 1257 2305 quam
1270 2229 1493 2304 crucesignati
1507 2226 1722 2290 obtinuerunt
1737 2228 1805 2289 ad-

153 2324 370 2403 ambiguitate
393 2326 565 2400 relabitur,
589 2328 655 2388 nisi
680 2327 872 2405 specialiter
890 2344 951 2405 per
1004 2337 1120 2384 versus
1148 2321 1338 2396 haereticos,
1367 2323 1550 2397 credentes,
1576 2324 1739 2396 raumras,
1769 2328 1805 2385 et

152 2423 444 2487 divinamettuam
461 2427 642 2502 potentiam
652 2427 867 2488 sustentetur.
879 2427 950 2487 Nos
1004 2421 1227 2497 receptatores
1246 2437 1373 2494 eorum,
1394 2438 1469 2483 cum
1491 2421 1723 2484 montealbano
1749 2423 1807 2483 at-

152 2521 279 2597 autem,
306 2520 347 2581 de
381 2520 442 2582 Dei
464 2519 694 2581 misericordia
715 2522 750 2583 et
775 2519 948 2582 beatorum
1003 2534 1068 2595 que
1078 2518 1197 2579 Tolosa
1210 2518 1431 2581 dimitteretur
1440 2521 1539 2598 atque
1550 2520 1803 2592 concederetur,

152 2618 244 2678 Petri
259 2620 293 2679 et
313 2618 409 2679 Pauli
425 2619 552 2679 meritis
569 2618 785 2690 0001000100,
798 2619 949 2684 eamdem
1003 2615 1096 2679 salvo
1108 2615 1347 2678 catholicorum
1361 2632 1420 2693 per
1430 2618 1543 2680 omnia
1551 2620 1628 2695 jure
1638 2617 1804 2690 virorum,

152 2714 215 2776 tibi
238 2715 452 2778 concedimus
475 2715 728 2793 indulgentiam,
741 2717 772 2778 si
790 2719 863 2794 jam
876 2717 950 2778 dic-
1003 2712 1180 2778 mulierum
1194 2714 1465 2787 etecclesiarum,
1480 2715 1593 2776 comiti
1604 2718 1804 2787 memorato,

153 2813 223 2874 tum
249 2812 504 2890 primogenitum
530 2816 623 2875 tuum
649 2813 729 2876 illuc
750 2830 825 2877 cum
847 2814 949 2890 digno
1003 2809 1040 2870 ut
1059 2824 1133 2871 eam
1148 2812 1277 2872 teneret
1289 2810 1332 2871 ab
1353 2811 1456 2872 illisa
1472 2810 1591 2890 quibus
1605 2813 1657 2873 est
1673 2810 1715 2872 de
1725 2813 1806 2889 Jure

151 2909 373 2972 destinaveris
385 2911 556 2984 comitatu,
570 2913 628 2973 aut
639 2913 759 2973 saltem
772 2912 870 2984 01100,
887 2928 946 2974 se-
1002 2906 1156 2967 tanenna.

149 3009 294 3071 cundum
320 3008 406 3085 quod
428 3009 690 3085 magnitudinem
721 3012 813 3071 tuam
840 3009 946 3082 decet,
1041 3004 1245 3081 1108111111,
1270 3004 1804 3082 111811818119011111811101111111,

152 3106 360 3169 succurreris
376 3107 509 3183 negotio
530 3107 720 3184 saepedicto.
736 3109 855 3170 Datum
880 3110 948 3169 La-
1002 3102 1109 3163 terras
1123 3118 1206 3179 quas
1221 3103 1286 3180 ipsi
1306 3103 1393 3181 patri
1407 3106 1464 3164 tuo
1479 3106 1512 3164 et
1524 3102 1713 3164 heredibus
1728 3106 1805 3180 ejus

149 3204 269 3276 terant,
286 3204 394 3280 pridie
405 3204 481 3265 idun
492 3204 639 3281 augusti,
652 3220 740 3267 anno
754 3205 865 3267 tertio,
1002 3198 1109 3260 dictus
1124 3199 1352 3276 praedecessor
1366 3203 1480 3261 noster
1502 3199 1651 3260 noscitur
1677 3200 1804 3261 contir-

189 3302 353 3378 scriptum
375 3304 427 3363 est
449 3306 487 3365 10
500 3307 660 3364 cumdem
679 3306 820 3366 modum
842 3303 947 3368 nobili
1002 3311 1122 3368 masse,
1138 3297 1179 3359 ad
1195 3299 1268 3374 ejus
1292 3296 1463 3374 exemplar
1476 3296 1537 3358 tibi
1556 3312 1596 3358 ac
1610 3296 1802 3359 haeredibus

152 3398 226 3461 riro
252 3398 421 3461 Ludovico
435 3399 525 3475 regis
539 3398 686 3477 Philippi
712 3400 947 3477 primogenito,
1002 3393 1068 3454 tuis
1088 3395 1285 3456 auctoritate
1304 3394 1496 3471 apostolica
1517 3395 1752 3456 confirmamus
1768 3396 1804 3456 01

151 3496 441 3577 paucisduntaxat
455 3496 568 3563 verbis
577 3496 772 3564 immutatis,
1002 3491 1177 3567 presentis
1197 3491 1311 3569 scripti
1336 3492 1522 3568 patrocinio
1546 3492 1802 3554 commuuimus.

1002 3587 1095 3663 Quod
1109 3604 1190 3650 vero
1207 3588 1248 3650 de
1258 3588 1337 3650 aliis
1351 3588 1572 3650 concedendis
1586 3591 1620 3652 et
1631 3589 1806 3651 dimitten-

528 3656 565 3749 X
1002 3684 1053 3747 dis
1077 3685 1183 3748 eidem
1207 3687 1295 3763 patri
1320 3690 1378 3748 tuo
1399 3686 1566 3748 ordinavit
1588 3687 1623 3748 iu
1651 3686 1805 3750 Concilio

181 3782 467 3847 aremarensem
486 3784 637 3844 Statoris
656 3783 698 3844 dc
710 3783 915 3857 Montctortt
1001 3783 1163 3860 generali,
1184 3784 1274 3845 circa
1298 3786 1332 3847 10
1352 3800 1392 3846 00
1413 3784 1564 3846 haeredes
1585 3787 1659 3855 tuos
1674 3784 1804 3848 babere

404 3880 687 3956 primogentium.
1002 3880 1210 3943 decernimus
1225 3880 1327 3943 robur
1335 3884 1502 3959 perpetuae
1513 3882 1690 3945 firmitatis.
1706 3883 1804 3944 Nulli

420 3994 453 4051 ti
469 3993 584 4067 augusti
596 3994 675 4051 1118.
1001 3994 1081 4056 ergo
1094 3980 1230 4043 omniuo
1245 3979 1416 4041 bominum
1431 3979 1532 4043 liceat
1547 3981 1633 4041 banc
1644 3981 1802 4058 pagiuam

149 4099 287 4166 [bouquet
308 4100 368 4151 see.
391 4100 436 4151 des
459 4099 564 4159 Histoe,
584 4105 604 4150 t.
623 4101 692 4159 m,
711 4116 737 4167 ρ,
759 4100 817 4154 ((7,
836 4102 946 4165 pm,
1001 4079 1125 4141 nostre
1142 4077 1405 4139 confirmationis
1431 4077 1632 4154 intringere,
1652 4079 1803 4139 010110-

427 4180 472 4230 un.
493 4179 536 4236 01,
555 4180 667 4245 0001.)
1000 4176 1070 4235 tum
1097 4175 1273 4248 Laterani,
1293 4177 1368 4240 XVI
1383 4175 1451 4237 kal.
1477 4174 1686 4256 septembris,
1709 4192 1802 4238 anno

146 4267 301 4337 10001000,
316 4268 441 4326 Simonis
464 4268 499 4325 de
519 4267 681 4329 1100101001
708 4268 778 4340 illio,
797 4269 946 4330 confirmat
1000 4271 1110 4337 tertio,
1205 4303 1207 4306 >

183 4357 325 4414 Honorius
338 4356 549 4430 possessionem
562 4365 700 4415 terrarum
715 4373 787 4431 quas
797 4359 869 4431 patri
884 4359 946 4431 ejus
1372 4381 1428 4469 XI

183 4452 344 4503 essenrerat
359 4447 543 4505 innocentius
554 4461 628 4520 papa
643 4446 758 4506 decreto
768 4449 943 4508 buterense-

180 4534 222 4592 0.
236 4533 352 4592 Consilii
365 4533 519 4607 generalis.
1000 4516 1052 4575 Ad
1064 4513 1314 4575 monasterium
1330 4518 1365 4576 S.
1380 4516 1507 4575 Mariae
1518 4517 1559 4576 00
1574 4517 1802 4577 carnoteno.

186 4644 354 4708 Honorius
362 4643 548 4725 episcopus,
563 4660 680 4708 servus
690 4659 863 4707 serrorum
870 4645 942 4717 Dei,
1266 4626 1299 4685 17
1315 4627 1429 4701 augusti
1453 4627 1532 4684 ¹²¹⁸·

145 4742 265 4805 dilecto
294 4741 363 4803 tilio
394 4742 561 4804 Amalrico
597 4742 815 4820 primogenito
845 4743 945 4807 clarae
1077 4732 1205 4799 [bistone
1219 4740 1286 4799 0111·
1298 4747 1412 4784 monam.
1426 4734 1524 4794 chart,
1537 4734 1557 4793 1,
1571 4733 1620 4784 0⁰¹·
1633 4733 1717 4800 ¹¹²⁶]

145 4841 314 4902 memoriae
339 4842 372 4901 S.
390 4839 440 4920 (0)
457 4841 587 4903 comitis
602 4841 833 4914 Montisfortis,
852 4841 945 4906 salu.
999 4832 1163 4893 nonasterii
1183 4833 1212 4890 S.
1237 4832 1334 4890 liaris
1348 4831 1385 4889 de
1399 4833 1568 4892 ceremonia
1589 4833 1800 4905 protectionem

59 4988 63 4996 ,
145 4940 222 5010 tem,
243 4939 306 4999 010.
1051 4919 1170 4993 suscipit
1181 4919 1314 4995 bonaqm
1328 4928 1356 4977 et
1366 4921 1565 4994 possessiones
1581 4921 1743 4979 couilrmot.

184 5035 289 5098 iustis
315 5035 497 5111 petentium
520 5034 713 5108 desideriis,
741 5037 816 5108 etc„
837 5051 944 5112 usque
1037 5031 1216 5103 Honorius,
1235 5034 1310 5102 etc„
1326 5030 1458 5093 dilectis
1472 5030 1650 5093 inchristo
1664 5031 1803 5094 filiabus

145 5132 324 5210 complere.
346 5134 433 5193 Sane
448 5131 482 5194 10
501 5132 761 5211 regestisielicis
774 5135 943 5196 memorias
998 5129 1148 5192 isabellae
1162 5129 1338 5191 abbatisse
1359 5129 1556 5192 monasterii
1572 5130 1703 5192 Sanctae
1720 5132 1798 5191 bla-

143 5229 328 5293 Innocentii
369 5245 484 5307 pape,
521 5230 776 5306 praedecessoris
815 5230 942 5304 nostri,
997 5228 1058 5290 riae
1082 5227 1122 5288 de
1149 5228 1356 5298 Garamania,
1374 5229 1511 5305 eiusque
1535 5225 1707 5288 sororibus
1730 5231 1802 5290 tam

61 5314 65 5321 ’
145 5327 375 5405 perspeximus
390 5327 565 5398 contineri,
581 5327 667 5404 quod
682 5327 754 5403 ipse
768 5326 943 5390 Biterren-
999 5324 1217 5403 presentibus
1230 5343 1327 5403 quam
1349 5324 1470 5388 tuturis
1489 5326 1677 5403 regularem
1693 5326 1800 5391 vitam

145 5442 225 5498 sem,
252 5427 552 5487 carcassonensem
577 5426 610 5486 01
632 5424 843 5502 albigensem
860 5425 945 5488 civi·
998 5424 1156 5503 professis
1171 5424 1206 5486 iu
1221 5424 1427 5502 perpetuum.

179 5555 222 5631 (0)
238 5556 371 5616 simonis.
410 5555 450 5631 (1)
463 5555 643 5615 scribendum
655 5570 778 5614 necnon.
816 5554 856 5631 (c)
868 5557 924 5619 itu.
937 5556 1015 5616 iris.

125 5784 169 5807 h.
