<?xml version="1.0" encoding="UTF-8"?>
<!DOCTYPE html PUBLIC "-//W3C//DTD XHTML 1.0 Transitional//EN"
    "http://www.w3.org/TR/xhtml1/DTD/xhtml1-transitional.dtd">
<html xmlns="http://www.w3.org/1999/xhtml" xml:lang="en" lang="en">
 <head>
  <title>
</title>
<meta http-equiv="Content-Type" content="text/html;charset=utf-8" />
  <meta name='ocr-system' content='tesseract 3.04.00' />
  <meta name='ocr-capabilities' content='ocr_page ocr_carea ocr_par ocr_line ocrx_word'/>
</head>
<body>
  <div class='ocr_page' id='page_1' title='image "./mediiaevibiblio00horogoog_0169.png"; bbox 0 0 3774 6186; ppageno 0'>
   <div class='ocr_carea' id='block_1_1' title="bbox 120 266 1751 360">
    <p class='ocr_par' dir='ltr' id='par_1_1' title="bbox 120 266 1751 360">
     <span class='ocr_line' id='line_1_1' title="bbox 120 266 1751 360; baseline 0.01 -17"><span class='ocrx_word' id='word_1_1' title='bbox 120 284 182 343; x_wconf 85' lang='lat' dir='ltr'>sos</span> <span class='ocrx_word' id='word_1_2' title='bbox 470 354 476 359; x_wconf 57' lang='grc'><em>,</em></span> <span class='ocrx_word' id='word_1_3' title='bbox 710 266 714 271; x_wconf 80' lang='grc'><strong>’</strong></span> <span class='ocrx_word' id='word_1_4' title='bbox 743 291 915 350; x_wconf 79' lang='lat' dir='ltr'>nouonu</span> <span class='ocrx_word' id='word_1_5' title='bbox 939 291 984 349; x_wconf 88' lang='lat'>111</span> <span class='ocrx_word' id='word_1_6' title='bbox 1006 292 1153 351; x_wconf 71' lang='lat' dir='ltr'>ornus.</span> <span class='ocrx_word' id='word_1_7' title='bbox 1265 312 1268 317; x_wconf 95' lang='lat'>·</span> <span class='ocrx_word' id='word_1_8' title='bbox 1482 294 1487 305; x_wconf 91' lang='lat'>·</span> <span class='ocrx_word' id='word_1_9' title='bbox 1707 298 1751 360; x_wconf 77' lang='lat' dir='ltr'>eor</span> 
     </span>
    </p>
   </div>
   <div class='ocr_carea' id='block_1_2' title="bbox 117 445 1798 2280">
    <p class='ocr_par' dir='ltr' id='par_1_2' title="bbox 117 445 1798 2280">
     <span class='ocr_line' id='line_1_2' title="bbox 122 445 1750 527; baseline 0.009 -22"><span class='ocrx_word' id='word_1_10' title='bbox 122 445 210 506; x_wconf 91' lang='lat' dir='ltr'>rium</span> <span class='ocrx_word' id='word_1_11' title='bbox 224 463 299 509; x_wconf 82' lang='lat' dir='ltr'>ren.</span> <span class='ocrx_word' id='word_1_12' title='bbox 318 448 430 511; x_wconf 87' lang='lat' dir='ltr'>fratris</span> <span class='ocrx_word' id='word_1_13' title='bbox 445 452 550 513; x_wconf 80' lang='lat' dir='ltr'>nostri</span> <span class='ocrx_word' id='word_1_14' title='bbox 568 454 607 512; x_wconf 88' lang='grc' dir='ltr'>Η.</span> <span class='ocrx_word' id='word_1_15' title='bbox 625 451 812 512; x_wconf 81' lang='lat' dir='ltr'>llostiensis</span> <span class='ocrx_word' id='word_1_16' title='bbox 826 451 916 527; x_wconf 90' lang='lat' dir='ltr'>epis·</span> <span class='ocrx_word' id='word_1_17' title='bbox 970 453 1121 525; x_wconf 90' lang='lat' dir='ltr'>patenter</span> <span class='ocrx_word' id='word_1_18' title='bbox 1135 454 1173 521; x_wconf 86' lang='lat' dir='ltr'>et¹</span> <span class='ocrx_word' id='word_1_19' title='bbox 1182 453 1333 526; x_wconf 87' lang='lat' dir='ltr'>potenter</span> <span class='ocrx_word' id='word_1_20' title='bbox 1347 453 1382 512; x_wconf 93' lang='lat' dir='ltr'>in</span> <span class='ocrx_word' id='word_1_21' title='bbox 1396 454 1536 514; x_wconf 83' lang='lat' dir='ltr'>Domino</span> <span class='ocrx_word' id='word_1_22' title='bbox 1546 453 1588 514; x_wconf 84' lang='lat' dir='ltr'>ad</span> <span class='ocrx_word' id='word_1_23' title='bbox 1604 453 1750 519; x_wconf 83' lang='lat' dir='ltr'>auxilium</span> 
     </span>
     <span class='ocr_line' id='line_1_3' title="bbox 122 543 1749 623; baseline 0.008 -21"><span class='ocrx_word' id='word_1_24' title='bbox 122 543 217 619; x_wconf 90' lang='lat' dir='ltr'>copi,</span> <span class='ocrx_word' id='word_1_25' title='bbox 258 546 315 621; x_wconf 92' lang='lat' dir='ltr'>qui</span> <span class='ocrx_word' id='word_1_26' title='bbox 345 547 385 607; x_wconf 90' lang='lat' dir='ltr'>ad</span> <span class='ocrx_word' id='word_1_27' title='bbox 408 548 713 610; x_wconf 83' lang='lat' dir='ltr'>reconciliationem</span> <span class='ocrx_word' id='word_1_28' title='bbox 736 563 852 609; x_wconf 87' lang='lat' dir='ltr'>eorum</span> <span class='ocrx_word' id='word_1_29' title='bbox 875 548 915 608; x_wconf 91' lang='lat' dir='ltr'>de</span> <span class='ocrx_word' id='word_1_30' title='bbox 969 550 1035 608; x_wconf 88' lang='lat' dir='ltr'>tuae</span> <span class='ocrx_word' id='word_1_31' title='bbox 1073 549 1291 623; x_wconf 83' lang='lat' dir='ltr'>promotionis</span> <span class='ocrx_word' id='word_1_32' title='bbox 1326 551 1484 612; x_wconf 84' lang='lat' dir='ltr'>extendit.</span> <span class='ocrx_word' id='word_1_33' title='bbox 1530 552 1749 616; x_wconf 87' lang='lat' dir='ltr'>Verumtamen</span> 
     </span>
     <span class='ocr_line' id='line_1_4' title="bbox 122 640 1750 723; baseline 0.009 -24"><span class='ocrx_word' id='word_1_34' title='bbox 122 640 279 703; x_wconf 89' lang='lat' dir='ltr'>mandato</span> <span class='ocrx_word' id='word_1_35' title='bbox 295 647 408 706; x_wconf 90' lang='lat' dir='ltr'>nostro</span> <span class='ocrx_word' id='word_1_36' title='bbox 423 646 621 722; x_wconf 82' lang='lat' dir='ltr'>interposuit</span> <span class='ocrx_word' id='word_1_37' title='bbox 636 649 746 723; x_wconf 89' lang='lat' dir='ltr'>partes</span> <span class='ocrx_word' id='word_1_38' title='bbox 768 661 856 717; x_wconf 91' lang='lat' dir='ltr'>suas,</span> <span class='ocrx_word' id='word_1_39' title='bbox 874 645 913 706; x_wconf 90' lang='lat' dir='ltr'>ad</span> <span class='ocrx_word' id='word_1_40' title='bbox 970 645 1125 720; x_wconf 87' lang='lat' dir='ltr'>quiddam</span> <span class='ocrx_word' id='word_1_41' title='bbox 1138 646 1288 722; x_wconf 91' lang='lat' dir='ltr'>estquod</span> <span class='ocrx_word' id='word_1_42' title='bbox 1304 648 1482 708; x_wconf 89' lang='lat' dir='ltr'>multorum</span> <span class='ocrx_word' id='word_1_43' title='bbox 1504 648 1750 713; x_wconf 77' lang='lat' dir='ltr'>detractionibus</span> 
     </span>
     <span class='ocr_line' id='line_1_5' title="bbox 123 739 1749 823; baseline 0.008 -26"><span class='ocrx_word' id='word_1_44' title='bbox 123 739 393 814; x_wconf 86' lang='lat' dir='ltr'>compositionem</span> <span class='ocrx_word' id='word_1_45' title='bbox 407 743 615 804; x_wconf 86' lang='lat' dir='ltr'>amicabilem</span> <span class='ocrx_word' id='word_1_46' title='bbox 637 744 852 813; x_wconf 87' lang='lat' dir='ltr'>devenerunt,</span> <span class='ocrx_word' id='word_1_47' title='bbox 879 742 915 802; x_wconf 91' lang='lat' dir='ltr'>in</span> <span class='ocrx_word' id='word_1_48' title='bbox 969 741 1100 803; x_wconf 84' lang='lat' dir='ltr'>videtur</span> <span class='ocrx_word' id='word_1_49' title='bbox 1118 743 1305 819; x_wconf 85' lang='lat' dir='ltr'>expositum</span> <span class='ocrx_word' id='word_1_50' title='bbox 1330 746 1362 804; x_wconf 91' lang='lat' dir='ltr'>et</span> <span class='ocrx_word' id='word_1_51' title='bbox 1383 745 1469 821; x_wconf 93' lang='lat' dir='ltr'>quod</span> <span class='ocrx_word' id='word_1_52' title='bbox 1492 745 1533 806; x_wconf 88' lang='lat' dir='ltr'>ad</span> <span class='ocrx_word' id='word_1_53' title='bbox 1552 746 1749 823; x_wconf 86' lang='lat' dir='ltr'>aliquosum</span> 
     </span>
     <span class='ocr_line' id='line_1_6' title="bbox 122 835 1749 920; baseline 0.007 -27"><span class='ocrx_word' id='word_1_54' title='bbox 122 850 187 911; x_wconf 87' lang='lat' dir='ltr'>qua</span> <span class='ocrx_word' id='word_1_55' title='bbox 201 835 289 898; x_wconf 90' lang='lat' dir='ltr'>inter</span> <span class='ocrx_word' id='word_1_56' title='bbox 303 837 369 898; x_wconf 91' lang='lat' dir='ltr'>alia</span> <span class='ocrx_word' id='word_1_57' title='bbox 385 842 517 901; x_wconf 88' lang='lat' dir='ltr'>cautum</span> <span class='ocrx_word' id='word_1_58' title='bbox 537 842 587 903; x_wconf 89' lang='lat' dir='ltr'>est</span> <span class='ocrx_word' id='word_1_59' title='bbox 602 841 800 917; x_wconf 85' lang='lat' dir='ltr'>specialiter,</span> <span class='ocrx_word' id='word_1_60' title='bbox 829 839 913 915; x_wconf 91' lang='lat' dir='ltr'>quod</span> <span class='ocrx_word' id='word_1_61' title='bbox 969 838 1010 900; x_wconf 91' lang='lat' dir='ltr'>de</span> <span class='ocrx_word' id='word_1_62' title='bbox 1026 840 1116 899; x_wconf 88' lang='lat' dir='ltr'>facili</span> <span class='ocrx_word' id='word_1_63' title='bbox 1136 855 1172 901; x_wconf 91' lang='lat' dir='ltr'>se</span> <span class='ocrx_word' id='word_1_64' title='bbox 1194 840 1471 916; x_wconf 83' lang='lat' dir='ltr'>explicationibus</span> <span class='ocrx_word' id='word_1_65' title='bbox 1491 844 1650 920; x_wconf 88' lang='lat' dir='ltr'>applicat,</span> <span class='ocrx_word' id='word_1_66' title='bbox 1669 844 1749 905; x_wconf 86' lang='lat' dir='ltr'>vide·</span> 
     </span>
     <span class='ocr_line' id='line_1_7' title="bbox 117 920 1750 1014; baseline 0.008 -24"><span class='ocrx_word' id='word_1_67' title='bbox 117 920 150 993; x_wconf 89' lang='lat' dir='ltr'>&#39;si</span> <span class='ocrx_word' id='word_1_68' title='bbox 186 949 250 1009; x_wconf 92' lang='lat' dir='ltr'>qua</span> <span class='ocrx_word' id='word_1_69' title='bbox 285 936 427 1010; x_wconf 90' lang='lat' dir='ltr'>partium</span> <span class='ocrx_word' id='word_1_70' title='bbox 470 954 489 998; x_wconf 90' lang='lat' dir='ltr'>a</span> <span class='ocrx_word' id='word_1_71' title='bbox 516 938 753 1014; x_wconf 88' lang='lat' dir='ltr'>compositione</span> <span class='ocrx_word' id='word_1_72' title='bbox 783 937 915 998; x_wconf 90' lang='lat' dir='ltr'>resilire</span> <span class='ocrx_word' id='word_1_73' title='bbox 969 937 1057 1007; x_wconf 90' lang='lat' dir='ltr'>licet,</span> <span class='ocrx_word' id='word_1_74' title='bbox 1081 938 1167 1012; x_wconf 93' lang='lat' dir='ltr'>quod</span> <span class='ocrx_word' id='word_1_75' title='bbox 1201 937 1243 997; x_wconf 90' lang='lat' dir='ltr'>ad</span> <span class='ocrx_word' id='word_1_76' title='bbox 1275 941 1387 1000; x_wconf 86' lang='lat' dir='ltr'>Terrae</span> <span class='ocrx_word' id='word_1_77' title='bbox 1415 943 1545 1001; x_wconf 87' lang='lat' dir='ltr'>Sanctae</span> <span class='ocrx_word' id='word_1_78' title='bbox 1582 940 1750 1003; x_wconf 85' lang='lat' dir='ltr'>subsidium</span> 
     </span>
     <span class='ocr_line' id='line_1_8' title="bbox 122 1035 1753 1114; baseline 0.006 -25"><span class='ocrx_word' id='word_1_79' title='bbox 122 1035 389 1108; x_wconf 82' lang='lat' dir='ltr'>praesumpserit,</span> <span class='ocrx_word' id='word_1_80' title='bbox 419 1050 478 1095; x_wconf 89' lang='lat' dir='ltr'>vos</span> <span class='ocrx_word' id='word_1_81' title='bbox 516 1036 601 1111; x_wconf 91' lang='lat' dir='ltr'>parti</span> <span class='ocrx_word' id='word_1_82' title='bbox 642 1035 913 1110; x_wconf 86' lang='lat' dir='ltr'>compositionem</span> <span class='ocrx_word' id='word_1_83' title='bbox 970 1035 1203 1110; x_wconf 87' lang='lat' dir='ltr'>promptiorem</span> <span class='ocrx_word' id='word_1_84' title='bbox 1219 1036 1252 1096; x_wconf 93' lang='lat' dir='ltr'>et</span> <span class='ocrx_word' id='word_1_85' title='bbox 1264 1038 1424 1111; x_wconf 90' lang='lat' dir='ltr'>majorem</span> <span class='ocrx_word' id='word_1_86' title='bbox 1435 1053 1501 1098; x_wconf 92' lang='lat' dir='ltr'>non</span> <span class='ocrx_word' id='word_1_87' title='bbox 1513 1037 1654 1098; x_wconf 89' lang='lat' dir='ltr'>exhibes</span> <span class='ocrx_word' id='word_1_88' title='bbox 1665 1053 1753 1114; x_wconf 87' lang='lat' dir='ltr'>appa-</span> 
     </span>
     <span class='ocr_line' id='line_1_9' title="bbox 122 1130 1754 1210; baseline 0.006 -23"><span class='ocrx_word' id='word_1_89' title='bbox 122 1130 269 1190; x_wconf 86' lang='lat' dir='ltr'>servanti</span> <span class='ocrx_word' id='word_1_90' title='bbox 284 1130 465 1192; x_wconf 89' lang='lat' dir='ltr'>efficaciter</span> <span class='ocrx_word' id='word_1_91' title='bbox 478 1133 654 1204; x_wconf 87' lang='lat' dir='ltr'>assistetis,</span> <span class='ocrx_word' id='word_1_92' title='bbox 670 1133 777 1193; x_wconf 92' lang='lat' dir='ltr'>eidem</span> <span class='ocrx_word' id='word_1_93' title='bbox 791 1133 832 1193; x_wconf 90' lang='lat' dir='ltr'>de</span> <span class='ocrx_word' id='word_1_94' title='bbox 840 1134 915 1208; x_wconf 77' lang='lat' dir='ltr'>Jus-</span> <span class='ocrx_word' id='word_1_95' title='bbox 968 1133 1088 1191; x_wconf 89' lang='lat' dir='ltr'>ratum.</span> <span class='ocrx_word' id='word_1_96' title='bbox 1099 1134 1192 1198; x_wconf 82' lang='lat' dir='ltr'>Ecce,</span> <span class='ocrx_word' id='word_1_97' title='bbox 1204 1133 1250 1192; x_wconf 91' lang='lat' dir='ltr'>tili</span> <span class='ocrx_word' id='word_1_98' title='bbox 1265 1133 1450 1206; x_wconf 87' lang='lat' dir='ltr'>carissime,</span> <span class='ocrx_word' id='word_1_99' title='bbox 1465 1135 1552 1210; x_wconf 93' lang='lat' dir='ltr'>quod</span> <span class='ocrx_word' id='word_1_100' title='bbox 1569 1135 1610 1194; x_wconf 88' lang='lat' dir='ltr'>ad</span> <span class='ocrx_word' id='word_1_101' title='bbox 1625 1135 1687 1196; x_wconf 92' lang='lat' dir='ltr'>hoc</span> <span class='ocrx_word' id='word_1_102' title='bbox 1700 1136 1754 1196; x_wconf 91' lang='lat' dir='ltr'>duc</span> 
     </span>
     <span class='ocr_line' id='line_1_10' title="bbox 122 1223 1756 1309; baseline 0.004 -24"><span class='ocrx_word' id='word_1_103' title='bbox 122 1223 219 1292; x_wconf 91' lang='lat' dir='ltr'>titiis,</span> <span class='ocrx_word' id='word_1_104' title='bbox 245 1229 277 1287; x_wconf 91' lang='lat' dir='ltr'>et</span> <span class='ocrx_word' id='word_1_105' title='bbox 296 1227 480 1289; x_wconf 89' lang='lat' dir='ltr'>rationibus</span> <span class='ocrx_word' id='word_1_106' title='bbox 496 1230 599 1305; x_wconf 88' lang='lat' dir='ltr'>partis</span> <span class='ocrx_word' id='word_1_107' title='bbox 612 1230 750 1289; x_wconf 89' lang='lat' dir='ltr'>alterius</span> <span class='ocrx_word' id='word_1_108' title='bbox 776 1244 915 1305; x_wconf 91' lang='lat' dir='ltr'>respon·</span> <span class='ocrx_word' id='word_1_109' title='bbox 969 1229 1027 1289; x_wconf 91' lang='lat' dir='ltr'>tibi</span> <span class='ocrx_word' id='word_1_110' title='bbox 1043 1229 1171 1305; x_wconf 78' lang='lat' dir='ltr'>praefixi</span> <span class='ocrx_word' id='word_1_111' title='bbox 1190 1232 1434 1304; x_wconf 80' lang='lat' dir='ltr'>sunttermini3</span> <span class='ocrx_word' id='word_1_112' title='bbox 1459 1231 1514 1291; x_wconf 90' lang='lat' dir='ltr'>sed</span> <span class='ocrx_word' id='word_1_113' title='bbox 1539 1232 1660 1308; x_wconf 90' lang='lat' dir='ltr'>elapsi,</span> <span class='ocrx_word' id='word_1_114' title='bbox 1681 1234 1756 1309; x_wconf 92' lang='lat' dir='ltr'>quod</span> 
     </span>
     <span class='ocr_line' id='line_1_11' title="bbox 123 1321 1758 1404; baseline 0.007 -26"><span class='ocrx_word' id='word_1_115' title='bbox 123 1321 203 1381; x_wconf 90' lang='lat' dir='ltr'>suri.</span> <span class='ocrx_word' id='word_1_116' title='bbox 229 1324 298 1383; x_wconf 92' lang='lat' dir='ltr'>Nos</span> <span class='ocrx_word' id='word_1_117' title='bbox 317 1325 428 1401; x_wconf 86' lang='lat' dir='ltr'>itaque</span> <span class='ocrx_word' id='word_1_118' title='bbox 442 1325 482 1385; x_wconf 91' lang='lat' dir='ltr'>de</span> <span class='ocrx_word' id='word_1_119' title='bbox 498 1327 730 1401; x_wconf 87' lang='lat' dir='ltr'>praedictorum</span> <span class='ocrx_word' id='word_1_120' title='bbox 755 1325 914 1387; x_wconf 90' lang='lat' dir='ltr'>nobilium</span> <span class='ocrx_word' id='word_1_121' title='bbox 969 1325 1077 1386; x_wconf 89' lang='lat' dir='ltr'>adbuc</span> <span class='ocrx_word' id='word_1_122' title='bbox 1091 1327 1297 1388; x_wconf 89' lang='lat' dir='ltr'>commodum</span> <span class='ocrx_word' id='word_1_123' title='bbox 1317 1330 1546 1404; x_wconf 86' lang='lat' dir='ltr'>reportarunti</span> <span class='ocrx_word' id='word_1_124' title='bbox 1565 1331 1654 1400; x_wconf 84' lang='lat' dir='ltr'>Quas</span> <span class='ocrx_word' id='word_1_125' title='bbox 1678 1331 1758 1390; x_wconf 91' lang='lat' dir='ltr'>enim</span> 
     </span>
     <span class='ocr_line' id='line_1_12' title="bbox 121 1421 1761 1502; baseline 0.005 -24"><span class='ocrx_word' id='word_1_126' title='bbox 121 1421 393 1482; x_wconf 88' lang='lat' dir='ltr'>reconciliatione</span> <span class='ocrx_word' id='word_1_127' title='bbox 408 1423 600 1497; x_wconf 82' lang='lat' dir='ltr'>gaudentes,</span> <span class='ocrx_word' id='word_1_128' title='bbox 615 1424 655 1484; x_wconf 90' lang='lat' dir='ltr'>de</span> <span class='ocrx_word' id='word_1_129' title='bbox 678 1439 818 1500; x_wconf 89' lang='lat' dir='ltr'>quorum</span> <span class='ocrx_word' id='word_1_130' title='bbox 840 1423 913 1482; x_wconf 91' lang='lat' dir='ltr'>dis·</span> <span class='ocrx_word' id='word_1_131' title='bbox 968 1438 1081 1494; x_wconf 87' lang='lat' dir='ltr'>naves,</span> <span class='ocrx_word' id='word_1_132' title='bbox 1099 1439 1181 1499; x_wconf 90' lang='lat' dir='ltr'>quas</span> <span class='ocrx_word' id='word_1_133' title='bbox 1193 1424 1307 1498; x_wconf 82' lang='lat' dir='ltr'>galeas</span> <span class='ocrx_word' id='word_1_134' title='bbox 1320 1427 1412 1500; x_wconf 90' lang='lat' dir='ltr'>regia</span> <span class='ocrx_word' id='word_1_135' title='bbox 1431 1426 1509 1487; x_wconf 88' lang='lat' dir='ltr'>fecit</span> <span class='ocrx_word' id='word_1_136' title='bbox 1528 1426 1691 1487; x_wconf 89' lang='lat' dir='ltr'>celsitudo</span> <span class='ocrx_word' id='word_1_137' title='bbox 1706 1443 1761 1502; x_wconf 88' lang='lat' dir='ltr'>pa-</span> 
     </span>
     <span class='ocr_line' id='line_1_13' title="bbox 122 1516 1798 1595; baseline 0.005 -19"><span class='ocrx_word' id='word_1_138' title='bbox 122 1516 208 1578; x_wconf 91' lang='lat' dir='ltr'>sidio</span> <span class='ocrx_word' id='word_1_139' title='bbox 219 1518 336 1580; x_wconf 88' lang='lat' dir='ltr'>merito</span> <span class='ocrx_word' id='word_1_140' title='bbox 348 1519 550 1591; x_wconf 71' lang='lat' dir='ltr'>dolebamus</span> <span class='ocrx_word' id='word_1_141' title='bbox 568 1520 782 1583; x_wconf 84' lang='lat' dir='ltr'>Universitati</span> <span class='ocrx_word' id='word_1_142' title='bbox 794 1522 914 1581; x_wconf 82' lang='lat' dir='ltr'>restrae</span> <span class='ocrx_word' id='word_1_143' title='bbox 970 1521 1051 1587; x_wconf 89' lang='lat' dir='ltr'>rari,</span> <span class='ocrx_word' id='word_1_144' title='bbox 1070 1536 1143 1595; x_wconf 87' lang='lat' dir='ltr'>quae</span> <span class='ocrx_word' id='word_1_145' title='bbox 1156 1536 1236 1581; x_wconf 88' lang='lat' dir='ltr'>vasa</span> <span class='ocrx_word' id='word_1_146' title='bbox 1248 1521 1322 1580; x_wconf 90' lang='lat' dir='ltr'>usui</span> <span class='ocrx_word' id='word_1_147' title='bbox 1335 1521 1619 1583; x_wconf 84' lang='lat' dir='ltr'>transfretationis</span> <span class='ocrx_word' id='word_1_148' title='bbox 1635 1538 1762 1583; x_wconf 90' lang='lat' dir='ltr'>accom-</span> <span class='ocrx_word' id='word_1_149' title='bbox 1793 1562 1798 1572; x_wconf 83' lang='lat'>·</span> 
     </span>
     <span class='ocr_line' id='line_1_14' title="bbox 121 1616 1798 1693; baseline 0.004 -19"><span class='ocrx_word' id='word_1_150' title='bbox 121 1628 180 1690; x_wconf 93' lang='lat' dir='ltr'>per</span> <span class='ocrx_word' id='word_1_151' title='bbox 203 1616 390 1691; x_wconf 80' lang='lat' dir='ltr'>Apostolica</span> <span class='ocrx_word' id='word_1_152' title='bbox 419 1618 541 1693; x_wconf 88' lang='lat' dir='ltr'>scripta</span> <span class='ocrx_word' id='word_1_153' title='bbox 565 1618 769 1688; x_wconf 87' lang='lat' dir='ltr'>mandamus,</span> <span class='ocrx_word' id='word_1_154' title='bbox 791 1619 824 1679; x_wconf 90' lang='lat' dir='ltr'>et</span> <span class='ocrx_word' id='word_1_155' title='bbox 844 1617 915 1676; x_wconf 89' lang='lat' dir='ltr'>dis-</span> <span class='ocrx_word' id='word_1_156' title='bbox 969 1617 1064 1676; x_wconf 92' lang='lat' dir='ltr'>moda</span> <span class='ocrx_word' id='word_1_157' title='bbox 1087 1617 1127 1676; x_wconf 93' lang='lat' dir='ltr'>de</span> <span class='ocrx_word' id='word_1_158' title='bbox 1149 1617 1333 1693; x_wconf 87' lang='lat' dir='ltr'>sumptibus</span> <span class='ocrx_word' id='word_1_159' title='bbox 1354 1619 1442 1679; x_wconf 85' lang='lat' dir='ltr'>tuisf</span> <span class='ocrx_word' id='word_1_160' title='bbox 1464 1622 1553 1690; x_wconf 79' lang='lat' dir='ltr'>Esto,</span> <span class='ocrx_word' id='word_1_161' title='bbox 1579 1621 1762 1691; x_wconf 88' lang='lat' dir='ltr'>carissime,</span> <span class='ocrx_word' id='word_1_162' title='bbox 1779 1672 1798 1693; x_wconf 71' lang='lat'>,</span> 
     </span>
     <span class='ocr_line' id='line_1_15' title="bbox 122 1709 1798 1793; baseline 0.005 -23"><span class='ocrx_word' id='word_1_163' title='bbox 122 1709 217 1771; x_wconf 89' lang='lat' dir='ltr'>tricte</span> <span class='ocrx_word' id='word_1_164' title='bbox 229 1712 449 1789; x_wconf 90' lang='lat' dir='ltr'>praecipimus,</span> <span class='ocrx_word' id='word_1_165' title='bbox 466 1716 627 1790; x_wconf 92' lang='lat' dir='ltr'>quatenus</span> <span class='ocrx_word' id='word_1_166' title='bbox 639 1715 684 1786; x_wconf 93' lang='lat' dir='ltr'>id,</span> <span class='ocrx_word' id='word_1_167' title='bbox 706 1714 798 1775; x_wconf 82' lang='lat' dir='ltr'>salvo</span> <span class='ocrx_word' id='word_1_168' title='bbox 814 1729 912 1773; x_wconf 91' lang='lat' dir='ltr'>man·</span> <span class='ocrx_word' id='word_1_169' title='bbox 969 1714 1053 1789; x_wconf 92' lang='lat' dir='ltr'>quod</span> <span class='ocrx_word' id='word_1_170' title='bbox 1072 1714 1232 1775; x_wconf 87' lang='lat' dir='ltr'>transitus</span> <span class='ocrx_word' id='word_1_171' title='bbox 1247 1716 1323 1775; x_wconf 90' lang='lat' dir='ltr'>tuus</span> <span class='ocrx_word' id='word_1_172' title='bbox 1343 1715 1504 1776; x_wconf 86' lang='lat' dir='ltr'>hacteuus</span> <span class='ocrx_word' id='word_1_173' title='bbox 1518 1717 1798 1793; x_wconf 62' lang='lat' dir='ltr'>impedimentisq</span> 
     </span>
     <span class='ocr_line' id='line_1_16' title="bbox 122 1806 1798 1885; baseline 0.005 -18"><span class='ocrx_word' id='word_1_174' title='bbox 122 1806 198 1867; x_wconf 87' lang='lat' dir='ltr'>dato</span> <span class='ocrx_word' id='word_1_175' title='bbox 212 1810 336 1875; x_wconf 88' lang='lat' dir='ltr'>nostro,</span> <span class='ocrx_word' id='word_1_176' title='bbox 351 1810 510 1871; x_wconf 87' lang='lat' dir='ltr'>studeatis</span> <span class='ocrx_word' id='word_1_177' title='bbox 530 1812 671 1872; x_wconf 86' lang='lat' dir='ltr'>fideliter</span> <span class='ocrx_word' id='word_1_178' title='bbox 682 1811 868 1872; x_wconf 86' lang='lat' dir='ltr'>observare.</span> <span class='ocrx_word' id='word_1_179' title='bbox 968 1810 1133 1885; x_wconf 88' lang='lat' dir='ltr'>aliquibus</span> <span class='ocrx_word' id='word_1_180' title='bbox 1155 1810 1254 1872; x_wconf 92' lang='lat' dir='ltr'>fuerit</span> <span class='ocrx_word' id='word_1_181' title='bbox 1275 1812 1461 1874; x_wconf 91' lang='lat' dir='ltr'>retardatus</span> <span class='ocrx_word' id='word_1_182' title='bbox 1478 1834 1486 1872; x_wconf 76' lang='lat' dir='ltr'><strong><em>z</em></strong></span> <span class='ocrx_word' id='word_1_183' title='bbox 1503 1814 1634 1875; x_wconf 89' lang='lat' dir='ltr'>clarere</span> <span class='ocrx_word' id='word_1_184' title='bbox 1654 1819 1798 1884; x_wconf 73' lang='lat' dir='ltr'>tamer-</span> 
     </span>
     <span class='ocr_line' id='line_1_17' title="bbox 162 1906 1798 1987; baseline 0.005 -23"><span class='ocrx_word' id='word_1_185' title='bbox 162 1906 281 1966; x_wconf 84' lang='lat' dir='ltr'>natum</span> <span class='ocrx_word' id='word_1_186' title='bbox 294 1909 407 1978; x_wconf 85' lang='lat' dir='ltr'>Reate,</span> <span class='ocrx_word' id='word_1_187' title='bbox 421 1910 465 1968; x_wconf 87' lang='lat' dir='ltr'>Vl</span> <span class='ocrx_word' id='word_1_188' title='bbox 482 1908 642 1968; x_wconf 87' lang='lat' dir='ltr'>kalendas</span> <span class='ocrx_word' id='word_1_189' title='bbox 652 1907 806 1978; x_wconf 88' lang='lat' dir='ltr'>octobris,</span> <span class='ocrx_word' id='word_1_190' title='bbox 827 1923 913 1987; x_wconf 93' lang='lat' dir='ltr'>pon·</span> <span class='ocrx_word' id='word_1_191' title='bbox 968 1906 1063 1967; x_wconf 91' lang='lat' dir='ltr'>debet</span> <span class='ocrx_word' id='word_1_192' title='bbox 1077 1908 1205 1982; x_wconf 89' lang='lat' dir='ltr'>magnis</span> <span class='ocrx_word' id='word_1_193' title='bbox 1219 1909 1254 1968; x_wconf 92' lang='lat' dir='ltr'>in</span> <span class='ocrx_word' id='word_1_194' title='bbox 1267 1909 1482 1985; x_wconf 88' lang='lat' dir='ltr'>apparatibus</span> <span class='ocrx_word' id='word_1_195' title='bbox 1503 1912 1643 1986; x_wconf 89' lang='lat' dir='ltr'>grandis</span> <span class='ocrx_word' id='word_1_196' title='bbox 1664 1912 1798 1973; x_wconf 59' lang='lat' dir='ltr'>affec·-</span> 
     </span>
     <span class='ocr_line' id='line_1_18' title="bbox 121 2000 1798 2083; baseline 0.004 -20"><span class='ocrx_word' id='word_1_197' title='bbox 121 2000 266 2063; x_wconf 86' lang='lat' dir='ltr'>tilicatus</span> <span class='ocrx_word' id='word_1_198' title='bbox 280 2004 384 2069; x_wconf 89' lang='lat' dir='ltr'>nostri</span> <span class='ocrx_word' id='word_1_199' title='bbox 395 2020 482 2065; x_wconf 88' lang='lat' dir='ltr'>anuo</span> <span class='ocrx_word' id='word_1_200' title='bbox 496 2006 623 2083; x_wconf 87' lang='lat' dir='ltr'>quarto.</span> <span class='ocrx_word' id='word_1_201' title='bbox 966 2006 1030 2073; x_wconf 88' lang='lat' dir='ltr'>tus,</span> <span class='ocrx_word' id='word_1_202' title='bbox 1047 2004 1076 2064; x_wconf 92' lang='lat' dir='ltr'>si</span> <span class='ocrx_word' id='word_1_203' title='bbox 1087 2004 1128 2064; x_wconf 90' lang='lat' dir='ltr'>ad</span> <span class='ocrx_word' id='word_1_204' title='bbox 1139 2020 1221 2080; x_wconf 91' lang='lat' dir='ltr'>opus</span> <span class='ocrx_word' id='word_1_205' title='bbox 1232 2005 1313 2065; x_wconf 92' lang='lat' dir='ltr'>illud</span> <span class='ocrx_word' id='word_1_206' title='bbox 1329 2009 1487 2082; x_wconf 89' lang='lat' dir='ltr'>quantum</span> <span class='ocrx_word' id='word_1_207' title='bbox 1500 2009 1591 2083; x_wconf 89' lang='lat' dir='ltr'>geris</span> <span class='ocrx_word' id='word_1_208' title='bbox 1604 2008 1640 2069; x_wconf 93' lang='lat' dir='ltr'>in</span> <span class='ocrx_word' id='word_1_209' title='bbox 1655 2010 1798 2082; x_wconf 66' lang='lat' dir='ltr'>animQ</span> 
     </span>
     <span class='ocr_line' id='line_1_19' title="bbox 969 2100 1798 2182; baseline 0.008 -22"><span class='ocrx_word' id='word_1_210' title='bbox 969 2100 1198 2176; x_wconf 89' lang='lat' dir='ltr'>possibilitatis</span> <span class='ocrx_word' id='word_1_211' title='bbox 1234 2102 1432 2175; x_wconf 88' lang='lat' dir='ltr'>ostenderet,</span> <span class='ocrx_word' id='word_1_212' title='bbox 1456 2106 1489 2166; x_wconf 91' lang='lat' dir='ltr'>et</span> <span class='ocrx_word' id='word_1_213' title='bbox 1522 2109 1613 2166; x_wconf 90' lang='lat' dir='ltr'>esset</span> <span class='ocrx_word' id='word_1_214' title='bbox 1647 2106 1798 2182; x_wconf 58' lang='lat' dir='ltr'>etlicaq</span> 
     </span>
     <span class='ocr_line' id='line_1_20' title="bbox 450 2184 1798 2280; baseline 0.006 -25"><span class='ocrx_word' id='word_1_215' title='bbox 450 2184 541 2269; x_wconf 83' lang='lat' dir='ltr'>XXI</span> <span class='ocrx_word' id='word_1_216' title='bbox 548 2185 582 2269; x_wconf 88' lang='grc' dir='ltr'>ΙΙ</span> <span class='ocrx_word' id='word_1_217' title='bbox 968 2200 1125 2274; x_wconf 88' lang='lat' dir='ltr'>promptae</span> <span class='ocrx_word' id='word_1_218' title='bbox 1141 2199 1322 2260; x_wconf 83' lang='lat' dir='ltr'>voluntatis</span> <span class='ocrx_word' id='word_1_219' title='bbox 1336 2200 1513 2276; x_wconf 85' lang='lat' dir='ltr'>interpres.</span> <span class='ocrx_word' id='word_1_220' title='bbox 1529 2204 1568 2263; x_wconf 81' lang='lat' dir='ltr'>Et</span> <span class='ocrx_word' id='word_1_221' title='bbox 1583 2204 1718 2278; x_wconf 90' lang='lat' dir='ltr'>quidem</span> <span class='ocrx_word' id='word_1_222' title='bbox 1732 2204 1798 2280; x_wconf 57' lang='lat' dir='ltr'>inq</span> 
     </span>
    </p>
   </div>
   <div class='ocr_carea' id='block_1_3' title="bbox 122 2294 1786 2487">
    <p class='ocr_par' dir='ltr' id='par_1_3' title="bbox 122 2294 1786 2487">
     <span class='ocr_line' id='line_1_21' title="bbox 122 2294 1786 2394; baseline 0.001 -20"><span class='ocrx_word' id='word_1_223' title='bbox 122 2315 174 2374; x_wconf 74' lang='lat' dir='ltr'>aa</span> <span class='ocrx_word' id='word_1_224' title='bbox 193 2318 409 2377; x_wconf 66' lang='lat' dir='ltr'>arscensem</span> <span class='ocrx_word' id='word_1_225' title='bbox 425 2331 543 2394; x_wconf 69' lang='lat' dir='ltr'>repam</span> <span class='ocrx_word' id='word_1_226' title='bbox 557 2317 726 2378; x_wconf 74' lang='lat' dir='ltr'>srctuaeer</span> <span class='ocrx_word' id='word_1_227' title='bbox 743 2319 914 2377; x_wconf 69' lang='lat' dir='ltr'>ronaco-</span> <span class='ocrx_word' id='word_1_228' title='bbox 967 2294 1088 2355; x_wconf 79' lang='lat' dir='ltr'>rannus</span> <span class='ocrx_word' id='word_1_229' title='bbox 1106 2295 1266 2356; x_wconf 73' lang='lat' dir='ltr'>variemus</span> <span class='ocrx_word' id='word_1_230' title='bbox 1286 2298 1319 2357; x_wconf 72' lang='lat'>10</span> <span class='ocrx_word' id='word_1_231' title='bbox 1338 2297 1536 2374; x_wconf 72' lang='lat' dir='ltr'>praeducem,</span> <span class='ocrx_word' id='word_1_232' title='bbox 1555 2301 1786 2376; x_wconf 68' lang='lat' dir='ltr'>potiusquam</span> 
     </span>
     <span class='ocr_line' id='line_1_22' title="bbox 259 2394 1774 2487; baseline -0.005 -27"><span class='ocrx_word' id='word_1_233' title='bbox 259 2415 602 2487; x_wconf 59' lang='lat' dir='ltr'>rumrmppragorm</span> <span class='ocrx_word' id='word_1_234' title='bbox 618 2414 771 2477; x_wconf 44' lang='lat' dir='ltr'>erectum·</span> <span class='ocrx_word' id='word_1_235' title='bbox 967 2407 1152 2468; x_wconf 89' lang='lat' dir='ltr'>sequacem,</span> <span class='ocrx_word' id='word_1_236' title='bbox 1177 2395 1213 2453; x_wconf 92' lang='lat' dir='ltr'>ut</span> <span class='ocrx_word' id='word_1_237' title='bbox 1237 2409 1303 2454; x_wconf 92' lang='lat' dir='ltr'>non</span> <span class='ocrx_word' id='word_1_238' title='bbox 1325 2394 1433 2454; x_wconf 87' lang='lat' dir='ltr'>solum</span> <span class='ocrx_word' id='word_1_239' title='bbox 1456 2397 1651 2472; x_wconf 89' lang='lat' dir='ltr'>repetitioni</span> <span class='ocrx_word' id='word_1_240' title='bbox 1679 2397 1774 2460; x_wconf 85' lang='lat' dir='ltr'>dila.</span> 
     </span>
    </p>
   </div>
   <div class='ocr_carea' id='block_1_4' title="bbox 229 2490 1761 2697">
    <p class='ocr_par' dir='ltr' id='par_1_4' title="bbox 229 2490 1761 2697">
     <span class='ocr_line' id='line_1_23' title="bbox 428 2490 1761 2585; baseline -0.014 -22"><span class='ocrx_word' id='word_1_241' title='bbox 428 2529 512 2585; x_wconf 41' lang='lat'><strong>1001·</strong></span> <span class='ocrx_word' id='word_1_242' title='bbox 529 2528 607 2584; x_wconf 39' lang='lat'><strong>1219·</strong></span> <span class='ocrx_word' id='word_1_243' title='bbox 966 2490 1065 2549; x_wconf 89' lang='lat' dir='ltr'>tionis</span> <span class='ocrx_word' id='word_1_244' title='bbox 1080 2490 1189 2549; x_wconf 90' lang='lat' dir='ltr'>minus</span> <span class='ocrx_word' id='word_1_245' title='bbox 1203 2490 1387 2562; x_wconf 89' lang='lat' dir='ltr'>insisteres,</span> <span class='ocrx_word' id='word_1_246' title='bbox 1406 2492 1463 2552; x_wconf 88' lang='lat' dir='ltr'>sed</span> <span class='ocrx_word' id='word_1_247' title='bbox 1483 2493 1676 2569; x_wconf 79' lang='lat' dir='ltr'>petentibus</span> <span class='ocrx_word' id='word_1_248' title='bbox 1696 2495 1761 2555; x_wconf 68' lang='lat' dir='ltr'>sor.</span> 
     </span>
     <span class='ocr_line' id='line_1_24' title="bbox 229 2586 1755 2697; baseline -0.009 -32"><span class='ocrx_word' id='word_1_249' title='bbox 229 2630 504 2694; x_wconf 47' lang='lat' dir='ltr'>[puq1„d,3„h0„,s‚</span> <span class='ocrx_word' id='word_1_250' title='bbox 516 2634 578 2682; x_wconf 47' lang='lat' dir='ltr'>His,</span> <span class='ocrx_word' id='word_1_251' title='bbox 591 2633 663 2696; x_wconf 42' lang='grc' dir='ltr'>ὥρι’</span> <span class='ocrx_word' id='word_1_252' title='bbox 674 2635 693 2689; x_wconf 42' lang='grc' dir='ltr'>Ι,</span> <span class='ocrx_word' id='word_1_253' title='bbox 707 2648 725 2690; x_wconf 47' lang='lat'>¹,</span> <span class='ocrx_word' id='word_1_254' title='bbox 736 2633 804 2697; x_wconf 54' lang='grc' dir='ltr'>Μ]</span> <span class='ocrx_word' id='word_1_255' title='bbox 967 2586 1044 2647; x_wconf 91' lang='lat' dir='ltr'>titer</span> <span class='ocrx_word' id='word_1_256' title='bbox 1058 2586 1221 2647; x_wconf 89' lang='lat' dir='ltr'>obviares.</span> <span class='ocrx_word' id='word_1_257' title='bbox 1238 2591 1360 2648; x_wconf 90' lang='lat' dir='ltr'>Verum</span> <span class='ocrx_word' id='word_1_258' title='bbox 1374 2592 1508 2665; x_wconf 89' lang='lat' dir='ltr'>propter</span> <span class='ocrx_word' id='word_1_259' title='bbox 1527 2591 1755 2667; x_wconf 77' lang='lat' dir='ltr'>impedimenta</span> 
     </span>
    </p>
   </div>
   <div class='ocr_carea' id='block_1_5' title="bbox 122 2684 1756 2803">
    <p class='ocr_par' dir='ltr' id='par_1_5' title="bbox 122 2684 1756 2803">
     <span class='ocr_line' id='line_1_25' title="bbox 122 2684 1756 2803; baseline -0.009 -20"><span class='ocrx_word' id='word_1_260' title='bbox 122 2728 262 2784; x_wconf 83' lang='lat' dir='ltr'>Honorius</span> <span class='ocrx_word' id='word_1_261' title='bbox 279 2731 354 2802; x_wconf 88' lang='lat' dir='ltr'>Papa</span> <span class='ocrx_word' id='word_1_262' title='bbox 371 2731 523 2799; x_wconf 86' lang='lat' dir='ltr'>Friderico,</span> <span class='ocrx_word' id='word_1_263' title='bbox 541 2732 733 2788; x_wconf 88' lang='lat' dir='ltr'>Romanorum</span> <span class='ocrx_word' id='word_1_264' title='bbox 754 2731 826 2803; x_wconf 88' lang='lat' dir='ltr'>regi,</span> <span class='ocrx_word' id='word_1_265' title='bbox 840 2732 909 2788; x_wconf 91' lang='lat' dir='ltr'>scri·</span> <span class='ocrx_word' id='word_1_266' title='bbox 967 2700 1039 2759; x_wconf 57' lang='lat' dir='ltr'>‘¹¹¹ae</span> <span class='ocrx_word' id='word_1_267' title='bbox 1056 2684 1096 2743; x_wconf 66' lang='lat' dir='ltr'>ad</span> <span class='ocrx_word' id='word_1_268' title='bbox 1120 2687 1369 2746; x_wconf 64' lang='lat' dir='ltr'>⁰¹⁰¹¹⁸⁸t¹⁰¹¹⁰¹¹¹</span> <span class='ocrx_word' id='word_1_269' title='bbox 1393 2690 1449 2747; x_wconf 68' lang='lat' dir='ltr'>tua</span> <span class='ocrx_word' id='word_1_270' title='bbox 1472 2703 1596 2763; x_wconf 61' lang='lat' dir='ltr'>pagma</span> <span class='ocrx_word' id='word_1_271' title='bbox 1616 2692 1756 2752; x_wconf 64' lang='lat' dir='ltr'><strong>⁰⁰nun0·</strong></span> 
     </span>
    </p>
   </div>
   <div class='ocr_carea' id='block_1_6' title="bbox 154 2780 1756 2981">
    <p class='ocr_par' dir='ltr' id='par_1_6' title="bbox 154 2780 1756 2981">
     <span class='ocr_line' id='line_1_26' title="bbox 154 2780 1753 2896; baseline 0.003 -22"><span class='ocrx_word' id='word_1_272' title='bbox 154 2815 227 2874; x_wconf 85' lang='lat' dir='ltr'>bens</span> <span class='ocrx_word' id='word_1_273' title='bbox 240 2819 420 2889; x_wconf 84' lang='lat' dir='ltr'>conqueritur</span> <span class='ocrx_word' id='word_1_274' title='bbox 433 2819 507 2891; x_wconf 87' lang='lat' dir='ltr'>quod</span> <span class='ocrx_word' id='word_1_275' title='bbox 523 2820 552 2875; x_wconf 91' lang='lat' dir='ltr'>iu</span> <span class='ocrx_word' id='word_1_276' title='bbox 565 2820 681 2892; x_wconf 87' lang='lat' dir='ltr'>negotio</span> <span class='ocrx_word' id='word_1_277' title='bbox 693 2821 786 2877; x_wconf 84' lang='lat' dir='ltr'>Terroe</span> <span class='ocrx_word' id='word_1_278' title='bbox 801 2821 912 2879; x_wconf 80' lang='lat' dir='ltr'>sancte</span> <span class='ocrx_word' id='word_1_279' title='bbox 966 2780 1160 2889; x_wconf 58' lang='lat' dir='ltr'>bat’lf‘mm&#39;i</span> <span class='ocrx_word' id='word_1_280' title='bbox 1174 2783 1242 2854; x_wconf 50' lang='grc' dir='ltr'>Μ’</span> <span class='ocrx_word' id='word_1_281' title='bbox 1251 2782 1496 2892; x_wconf 53' lang='grc' dir='ltr'>(ῙΜΠΨΨΠῙ</span> <span class='ocrx_word' id='word_1_282' title='bbox 1508 2787 1575 2894; x_wconf 52' lang='grc' dir='ltr'>ΒΨ</span> <span class='ocrx_word' id='word_1_283' title='bbox 1587 2787 1753 2896; x_wconf 57' lang='lat' dir='ltr'>P⁰⁸⁵im¹¹152</span> 
     </span>
     <span class='ocr_line' id='line_1_27' title="bbox 155 2878 1756 2981; baseline 0.005 -45"><span class='ocrx_word' id='word_1_284' title='bbox 155 2919 189 2962; x_wconf 60' lang='grc' dir='ltr'>,θ</span> <span class='ocrx_word' id='word_1_285' title='bbox 199 2906 285 2964; x_wconf 85' lang='lat' dir='ltr'>nimis</span> <span class='ocrx_word' id='word_1_286' title='bbox 299 2906 423 2978; x_wconf 80' lang='lat' dir='ltr'>tepidum</span> <span class='ocrx_word' id='word_1_287' title='bbox 440 2907 573 2979; x_wconf 79' lang='lat' dir='ltr'>prebeat,</span> <span class='ocrx_word' id='word_1_288' title='bbox 589 2922 654 2964; x_wconf 59' lang='lat' dir='ltr'>cum</span> <span class='ocrx_word' id='word_1_289' title='bbox 666 2908 726 2981; x_wconf 83' lang='lat' dir='ltr'>jem</span> <span class='ocrx_word' id='word_1_290' title='bbox 741 2907 785 2964; x_wconf 85' lang='lat' dir='ltr'>bis</span> <span class='ocrx_word' id='word_1_291' title='bbox 799 2908 908 2966; x_wconf 54' lang='lat' dir='ltr'>dnm</span> <span class='ocrx_word' id='word_1_292' title='bbox 968 2878 1141 2954; x_wconf 81' lang='lat' dir='ltr'>providere</span> <span class='ocrx_word' id='word_1_293' title='bbox 1155 2879 1313 2949; x_wconf 86' lang='lat' dir='ltr'>volentes,</span> <span class='ocrx_word' id='word_1_294' title='bbox 1328 2879 1521 2941; x_wconf 82' lang='lat' dir='ltr'>dilationem</span> <span class='ocrx_word' id='word_1_295' title='bbox 1534 2881 1596 2942; x_wconf 88' lang='lat' dir='ltr'>trbr</span> <span class='ocrx_word' id='word_1_296' title='bbox 1610 2884 1756 2944; x_wconf 83' lang='lat' dir='ltr'>concedi·</span> 
     </span>
    </p>
   </div>
   <div class='ocr_carea' id='block_1_7' title="bbox 155 2975 1755 3068">
    <p class='ocr_par' dir='ltr' id='par_1_7' title="bbox 155 2975 1755 3068">
     <span class='ocr_line' id='line_1_28' title="bbox 155 2975 1755 3068; baseline -0.001 -17"><span class='ocrx_word' id='word_1_297' title='bbox 155 3008 221 3051; x_wconf 89' lang='lat' dir='ltr'>nem</span> <span class='ocrx_word' id='word_1_298' title='bbox 241 2994 268 3051; x_wconf 91' lang='lat' dir='ltr'>in</span> <span class='ocrx_word' id='word_1_299' title='bbox 289 2995 449 3067; x_wconf 84' lang='lat' dir='ltr'>arripiendo</span> <span class='ocrx_word' id='word_1_300' title='bbox 464 2996 563 3053; x_wconf 87' lang='lat' dir='ltr'>itinere</span> <span class='ocrx_word' id='word_1_301' title='bbox 579 2997 762 3068; x_wconf 85' lang='lat' dir='ltr'>postulaverit</span> <span class='ocrx_word' id='word_1_302' title='bbox 770 3012 778 3067; x_wconf 84' lang='lat'>3</span> <span class='ocrx_word' id='word_1_303' title='bbox 798 2998 911 3054; x_wconf 91' lang='lat' dir='ltr'>tertium</span> <span class='ocrx_word' id='word_1_304' title='bbox 968 2991 1041 3034; x_wconf 72' lang='lat'>“¹¹1³</span> <span class='ocrx_word' id='word_1_305' title='bbox 1070 2977 1286 3050; x_wconf 80' lang='lat' dir='ltr'>postulatam3</span> <span class='ocrx_word' id='word_1_306' title='bbox 1320 2975 1439 3037; x_wconf 63' lang='lat' dir='ltr'>festum</span> <span class='ocrx_word' id='word_1_307' title='bbox 1471 2977 1560 3040; x_wconf 66' lang='lat' dir='ltr'>beati</span> <span class='ocrx_word' id='word_1_308' title='bbox 1594 2980 1755 3042; x_wconf 66' lang='lat' dir='ltr'>Benedicti</span> 
     </span>
    </p>
   </div>
   <div class='ocr_carea' id='block_1_8' title="bbox 154 3071 1759 3250">
    <p class='ocr_par' dir='ltr' id='par_1_8' title="bbox 154 3071 1759 3250">
     <span class='ocr_line' id='line_1_29' title="bbox 155 3071 1759 3153; baseline 0.01 -15"><span class='ocrx_word' id='word_1_309' title='bbox 155 3097 224 3140; x_wconf 85' lang='lat' dir='ltr'>vero</span> <span class='ocrx_word' id='word_1_310' title='bbox 243 3085 406 3153; x_wconf 89' lang='lat' dir='ltr'>terminum,</span> <span class='ocrx_word' id='word_1_311' title='bbox 426 3085 534 3141; x_wconf 88' lang='lat' dir='ltr'>scilicet</span> <span class='ocrx_word' id='word_1_312' title='bbox 549 3087 577 3141; x_wconf 94' lang='lat' dir='ltr'>in</span> <span class='ocrx_word' id='word_1_313' title='bbox 594 3084 694 3142; x_wconf 86' lang='lat' dir='ltr'>festum</span> <span class='ocrx_word' id='word_1_314' title='bbox 711 3086 806 3144; x_wconf 85' lang='lat' dir='ltr'>Sancti</span> <span class='ocrx_word' id='word_1_315' title='bbox 819 3088 909 3143; x_wconf 90' lang='lat' dir='ltr'>Beue·</span> <span class='ocrx_word' id='word_1_316' title='bbox 967 3073 1117 3148; x_wconf 64' lang='lat' dir='ltr'>PPOXifflO</span> <span class='ocrx_word' id='word_1_317' title='bbox 1130 3071 1274 3133; x_wconf 85' lang='lat' dir='ltr'>futurum</span> <span class='ocrx_word' id='word_1_318' title='bbox 1281 3074 1690 3150; x_wconf 56' lang='lat' dir='ltr'>termillumlll&#39;aeflssesstess</span> <span class='ocrx_word' id='word_1_319' title='bbox 1702 3094 1759 3153; x_wconf 74' lang='lat'>(1¹¹0</span> 
     </span>
     <span class='ocr_line' id='line_1_30' title="bbox 154 3168 1759 3250; baseline 0.004 -22"><span class='ocrx_word' id='word_1_320' title='bbox 154 3171 220 3228; x_wconf 86' lang='lat' dir='ltr'>dicti</span> <span class='ocrx_word' id='word_1_321' title='bbox 248 3171 300 3231; x_wconf 92' lang='lat' dir='ltr'>sub</span> <span class='ocrx_word' id='word_1_322' title='bbox 329 3188 412 3245; x_wconf 86' lang='lat' dir='ltr'>poena</span> <span class='ocrx_word' id='word_1_323' title='bbox 442 3174 744 3231; x_wconf 85' lang='lat' dir='ltr'>excommunicationis</span> <span class='ocrx_word' id='word_1_324' title='bbox 774 3174 909 3247; x_wconf 71' lang='lat' dir='ltr'>praefigit,</span> <span class='ocrx_word' id='word_1_325' title='bbox 967 3168 1006 3228; x_wconf 84' lang='lat' dir='ltr'>ad</span> <span class='ocrx_word' id='word_1_326' title='bbox 1023 3172 1133 3229; x_wconf 77' lang='lat' dir='ltr'>Terre</span> <span class='ocrx_word' id='word_1_327' title='bbox 1156 3172 1284 3230; x_wconf 85' lang='lat' dir='ltr'>Sanctae</span> <span class='ocrx_word' id='word_1_328' title='bbox 1306 3186 1500 3231; x_wconf 86' lang='lat' dir='ltr'>succursum</span> <span class='ocrx_word' id='word_1_329' title='bbox 1525 3172 1590 3233; x_wconf 87' lang='lat' dir='ltr'>iter</span> <span class='ocrx_word' id='word_1_330' title='bbox 1609 3175 1759 3250; x_wconf 88' lang='lat' dir='ltr'>arripias,</span> 
     </span>
    </p>
   </div>
   <div class='ocr_carea' id='block_1_9' title="bbox 11 3260 1767 5679">
    <p class='ocr_par' dir='ltr' id='par_1_9' title="bbox 11 3260 1767 5679">
     <span class='ocr_line' id='line_1_31' title="bbox 154 3260 1762 3347; baseline 0.009 -30"><span class='ocrx_word' id='word_1_331' title='bbox 154 3260 337 3333; x_wconf 84' lang='lat' dir='ltr'>hortaturque</span> <span class='ocrx_word' id='word_1_332' title='bbox 359 3261 543 3320; x_wconf 81' lang='lat' dir='ltr'>vehementer</span> <span class='ocrx_word' id='word_1_333' title='bbox 564 3262 599 3319; x_wconf 88' lang='lat' dir='ltr'>ad</span> <span class='ocrx_word' id='word_1_334' title='bbox 621 3263 755 3320; x_wconf 86' lang='lat' dir='ltr'>auxilium</span> <span class='ocrx_word' id='word_1_335' title='bbox 775 3265 911 3320; x_wconf 86' lang='lat' dir='ltr'>exercitui</span> <span class='ocrx_word' id='word_1_336' title='bbox 967 3267 1212 3342; x_wconf 83' lang='lat' dir='ltr'>prosecuturus,</span> <span class='ocrx_word' id='word_1_337' title='bbox 1231 3269 1389 3344; x_wconf 86' lang='lat' dir='ltr'>quantum</span> <span class='ocrx_word' id='word_1_338' title='bbox 1406 3269 1607 3331; x_wconf 85' lang='lat' dir='ltr'>sufficientia</span> <span class='ocrx_word' id='word_1_339' title='bbox 1623 3272 1762 3347; x_wconf 89' lang='lat' dir='ltr'>possibi-</span> 
     </span>
     <span class='ocr_line' id='line_1_32' title="bbox 153 3349 1762 3435; baseline 0.005 -14"><span class='ocrx_word' id='word_1_340' title='bbox 153 3349 313 3408; x_wconf 80' lang='lat' dir='ltr'>cnrisrmuc</span> <span class='ocrx_word' id='word_1_341' title='bbox 327 3350 486 3408; x_wconf 64' lang='lat' dir='ltr'>ferendum·</span> <span class='ocrx_word' id='word_1_342' title='bbox 967 3363 1071 3425; x_wconf 89' lang='lat' dir='ltr'>litatis</span> <span class='ocrx_word' id='word_1_343' title='bbox 1095 3365 1239 3435; x_wconf 87' lang='lat' dir='ltr'>affuerit,</span> <span class='ocrx_word' id='word_1_344' title='bbox 1265 3367 1376 3426; x_wconf 89' lang='lat' dir='ltr'>votum</span> <span class='ocrx_word' id='word_1_345' title='bbox 1401 3369 1505 3428; x_wconf 88' lang='lat' dir='ltr'>tuum.</span> <span class='ocrx_word' id='word_1_346' title='bbox 1535 3368 1673 3428; x_wconf 89' lang='lat' dir='ltr'>iuterim</span> <span class='ocrx_word' id='word_1_347' title='bbox 1688 3385 1762 3430; x_wconf 78' lang='lat' dir='ltr'>vero</span> 
     </span>
     <span class='ocr_line' id='line_1_33' title="bbox 157 3459 1763 3540; baseline 0.004 -20"><span class='ocrx_word' id='word_1_348' title='bbox 157 3459 324 3521; x_wconf 88' lang='lat' dir='ltr'>Honorius</span> <span class='ocrx_word' id='word_1_349' title='bbox 335 3460 646 3539; x_wconf 76' lang='lat' dir='ltr'>episcopusservus</span> <span class='ocrx_word' id='word_1_350' title='bbox 661 3461 910 3532; x_wconf 86' lang='lat' dir='ltr'>servorumDei,</span> <span class='ocrx_word' id='word_1_351' title='bbox 968 3478 1033 3522; x_wconf 90' lang='lat' dir='ltr'>non</span> <span class='ocrx_word' id='word_1_352' title='bbox 1048 3462 1204 3533; x_wconf 88' lang='lat' dir='ltr'>dormias,</span> <span class='ocrx_word' id='word_1_353' title='bbox 1224 3477 1266 3523; x_wconf 93' lang='lat' dir='ltr'>ne</span> <span class='ocrx_word' id='word_1_354' title='bbox 1286 3462 1321 3522; x_wconf 92' lang='lat' dir='ltr'>iu</span> <span class='ocrx_word' id='word_1_355' title='bbox 1341 3463 1483 3523; x_wconf 90' lang='lat' dir='ltr'>termino</span> <span class='ocrx_word' id='word_1_356' title='bbox 1503 3466 1575 3540; x_wconf 89' lang='lat' dir='ltr'>jam</span> <span class='ocrx_word' id='word_1_357' title='bbox 1588 3466 1690 3526; x_wconf 92' lang='lat' dir='ltr'>tertio</span> <span class='ocrx_word' id='word_1_358' title='bbox 1713 3466 1763 3527; x_wconf 89' lang='lat' dir='ltr'>la·</span> 
     </span>
     <span class='ocr_line' id='line_1_34' title="bbox 117 3556 1764 3636; baseline 0.003 -18"><span class='ocrx_word' id='word_1_359' title='bbox 117 3556 287 3618; x_wconf 85' lang='lat' dir='ltr'>Friderlco</span> <span class='ocrx_word' id='word_1_360' title='bbox 302 3558 437 3629; x_wconf 88' lang='lat' dir='ltr'>illustri,</span> <span class='ocrx_word' id='word_1_361' title='bbox 453 3561 514 3620; x_wconf 91' lang='lat' dir='ltr'>etc.</span> <span class='ocrx_word' id='word_1_362' title='bbox 967 3575 1099 3636; x_wconf 93' lang='lat' dir='ltr'>queum,</span> <span class='ocrx_word' id='word_1_363' title='bbox 1116 3559 1200 3635; x_wconf 91' lang='lat' dir='ltr'>quod</span> <span class='ocrx_word' id='word_1_364' title='bbox 1223 3559 1320 3631; x_wconf 87' lang='lat' dir='ltr'>absit,</span> <span class='ocrx_word' id='word_1_365' title='bbox 1336 3562 1695 3623; x_wconf 86' lang='lat' dir='ltr'>excommunicationis</span> <span class='ocrx_word' id='word_1_366' title='bbox 1711 3565 1764 3623; x_wconf 91' lang='lat' dir='ltr'>in-</span> 
     </span>
     <span class='ocr_line' id='line_1_35' title="bbox 156 3655 1767 3735; baseline 0.004 -19"><span class='ocrx_word' id='word_1_367' title='bbox 156 3655 288 3717; x_wconf 83' lang='lat' dir='ltr'>Litteris</span> <span class='ocrx_word' id='word_1_368' title='bbox 304 3657 509 3719; x_wconf 87' lang='lat' dir='ltr'>excellentiae</span> <span class='ocrx_word' id='word_1_369' title='bbox 520 3657 620 3732; x_wconf 87' lang='lat' dir='ltr'>regiae</span> <span class='ocrx_word' id='word_1_370' title='bbox 631 3659 788 3719; x_wconf 88' lang='lat' dir='ltr'>consueta</span> <span class='ocrx_word' id='word_1_371' title='bbox 796 3656 913 3732; x_wconf 84' lang='lat' dir='ltr'>benig·</span> <span class='ocrx_word' id='word_1_372' title='bbox 968 3672 1102 3729; x_wconf 88' lang='lat' dir='ltr'>curras;</span> <span class='ocrx_word' id='word_1_373' title='bbox 1129 3658 1276 3718; x_wconf 87' lang='lat' dir='ltr'>excitare</span> <span class='ocrx_word' id='word_1_374' title='bbox 1290 3660 1322 3719; x_wconf 88' lang='lat' dir='ltr'>te</span> <span class='ocrx_word' id='word_1_375' title='bbox 1337 3659 1444 3733; x_wconf 92' lang='lat' dir='ltr'>ipsum</span> <span class='ocrx_word' id='word_1_376' title='bbox 1463 3661 1497 3719; x_wconf 92' lang='lat' dir='ltr'>et</span> <span class='ocrx_word' id='word_1_377' title='bbox 1516 3660 1603 3721; x_wconf 87' lang='lat' dir='ltr'>alios</span> <span class='ocrx_word' id='word_1_378' title='bbox 1627 3661 1767 3735; x_wconf 88' lang='lat' dir='ltr'>vigilare</span> 
     </span>
     <span class='ocr_line' id='line_1_36' title="bbox 117 3752 1766 3833; baseline 0.004 -20"><span class='ocrx_word' id='word_1_379' title='bbox 117 3752 221 3813; x_wconf 91' lang='lat' dir='ltr'>nitate</span> <span class='ocrx_word' id='word_1_380' title='bbox 244 3754 397 3831; x_wconf 89' lang='lat' dir='ltr'>receptis,</span> <span class='ocrx_word' id='word_1_381' title='bbox 419 3755 581 3816; x_wconf 82' lang='lat' dir='ltr'>exultavit</span> <span class='ocrx_word' id='word_1_382' title='bbox 597 3754 727 3814; x_wconf 88' lang='lat' dir='ltr'>animus</span> <span class='ocrx_word' id='word_1_383' title='bbox 752 3756 864 3816; x_wconf 90' lang='lat' dir='ltr'>noster</span> <span class='ocrx_word' id='word_1_384' title='bbox 879 3754 911 3813; x_wconf 93' lang='lat' dir='ltr'>in</span> <span class='ocrx_word' id='word_1_385' title='bbox 967 3754 1137 3830; x_wconf 90' lang='lat' dir='ltr'>compelle,</span> <span class='ocrx_word' id='word_1_386' title='bbox 1173 3756 1207 3815; x_wconf 92' lang='lat' dir='ltr'>ut</span> <span class='ocrx_word' id='word_1_387' title='bbox 1241 3755 1353 3814; x_wconf 89' lang='lat' dir='ltr'>medio</span> <span class='ocrx_word' id='word_1_388' title='bbox 1381 3758 1531 3830; x_wconf 91' lang='lat' dir='ltr'>tempore</span> <span class='ocrx_word' id='word_1_389' title='bbox 1559 3759 1689 3833; x_wconf 90' lang='lat' dir='ltr'>paratis</span> <span class='ocrx_word' id='word_1_390' title='bbox 1716 3759 1766 3819; x_wconf 90' lang='lat' dir='ltr'>his</span> 
     </span>
     <span class='ocr_line' id='line_1_37' title="bbox 116 3851 1764 3929; baseline 0.004 -18"><span class='ocrx_word' id='word_1_391' title='bbox 116 3851 254 3912; x_wconf 81' lang='lat' dir='ltr'>Domino</span> <span class='ocrx_word' id='word_1_392' title='bbox 268 3851 355 3928; x_wconf 90' lang='lat' dir='ltr'>quod</span> <span class='ocrx_word' id='word_1_393' title='bbox 370 3852 510 3913; x_wconf 85' lang='lat' dir='ltr'>accessit</span> <span class='ocrx_word' id='word_1_394' title='bbox 529 3851 570 3912; x_wconf 87' lang='lat' dir='ltr'>ed</span> <span class='ocrx_word' id='word_1_395' title='bbox 591 3851 694 3927; x_wconf 91' lang='lat' dir='ltr'>patris</span> <span class='ocrx_word' id='word_1_396' title='bbox 710 3851 911 3912; x_wconf 87' lang='lat' dir='ltr'>desiderium</span> <span class='ocrx_word' id='word_1_397' title='bbox 967 3868 1040 3928; x_wconf 89' lang='lat' dir='ltr'>quae</span> <span class='ocrx_word' id='word_1_398' title='bbox 1056 3852 1297 3923; x_wconf 89' lang='lat' dir='ltr'>desiderantur,</span> <span class='ocrx_word' id='word_1_399' title='bbox 1318 3855 1409 3913; x_wconf 90' lang='lat' dir='ltr'>terra</span> <span class='ocrx_word' id='word_1_400' title='bbox 1425 3868 1498 3929; x_wconf 78' lang='lat' dir='ltr'>quae</span> <span class='ocrx_word' id='word_1_401' title='bbox 1521 3852 1692 3915; x_wconf 89' lang='lat' dir='ltr'>funiculus</span> <span class='ocrx_word' id='word_1_402' title='bbox 1706 3859 1764 3927; x_wconf 91' lang='lat' dir='ltr'>est,</span> 
     </span>
     <span class='ocr_line' id='line_1_38' title="bbox 117 3948 1766 4029; baseline 0.003 -21"><span class='ocrx_word' id='word_1_403' title='bbox 117 3948 215 4019; x_wconf 83' lang='lat' dir='ltr'>illius,</span> <span class='ocrx_word' id='word_1_404' title='bbox 233 3949 307 4009; x_wconf 92' lang='lat' dir='ltr'>dum</span> <span class='ocrx_word' id='word_1_405' title='bbox 324 3950 358 4011; x_wconf 93' lang='lat' dir='ltr'>et</span> <span class='ocrx_word' id='word_1_406' title='bbox 372 3951 503 4026; x_wconf 88' lang='lat' dir='ltr'>recepta</span> <span class='ocrx_word' id='word_1_407' title='bbox 521 3948 681 4010; x_wconf 87' lang='lat' dir='ltr'>beneficia</span> <span class='ocrx_word' id='word_1_408' title='bbox 700 3949 912 4025; x_wconf 78' lang='lat' dir='ltr'>recognoscis</span> <span class='ocrx_word' id='word_1_409' title='bbox 967 3950 1169 4012; x_wconf 88' lang='lat' dir='ltr'>baereditatis</span> <span class='ocrx_word' id='word_1_410' title='bbox 1180 3948 1302 4010; x_wconf 88' lang='lat' dir='ltr'>divinae</span> <span class='ocrx_word' id='word_1_411' title='bbox 1314 3949 1653 4013; x_wconf 84' lang='lat' dir='ltr'>fructuosumsentiat</span> <span class='ocrx_word' id='word_1_412' title='bbox 1667 3970 1766 4029; x_wconf 90' lang='lat' dir='ltr'>quem</span> 
     </span>
     <span class='ocr_line' id='line_1_39' title="bbox 116 4046 1767 4126; baseline 0.003 -19"><span class='ocrx_word' id='word_1_413' title='bbox 116 4048 148 4108; x_wconf 92' lang='lat' dir='ltr'>et</span> <span class='ocrx_word' id='word_1_414' title='bbox 166 4046 393 4109; x_wconf 90' lang='lat' dir='ltr'>retributionis</span> <span class='ocrx_word' id='word_1_415' title='bbox 411 4050 444 4108; x_wconf 94' lang='lat' dir='ltr'>te</span> <span class='ocrx_word' id='word_1_416' title='bbox 464 4063 530 4108; x_wconf 92' lang='lat' dir='ltr'>non</span> <span class='ocrx_word' id='word_1_417' title='bbox 549 4047 694 4120; x_wconf 86' lang='lat' dir='ltr'>denegas</span> <span class='ocrx_word' id='word_1_418' title='bbox 716 4046 907 4107; x_wconf 89' lang='lat' dir='ltr'>debitorem.</span> <span class='ocrx_word' id='word_1_419' title='bbox 966 4048 1023 4106; x_wconf 95' lang='lat' dir='ltr'>diu</span> <span class='ocrx_word' id='word_1_420' title='bbox 1045 4047 1191 4123; x_wconf 88' lang='lat' dir='ltr'>speravit</span> <span class='ocrx_word' id='word_1_421' title='bbox 1209 4050 1275 4108; x_wconf 89' lang='lat' dir='ltr'>tuae</span> <span class='ocrx_word' id='word_1_422' title='bbox 1295 4047 1534 4123; x_wconf 78' lang='lat' dir='ltr'>magnitudinis</span> <span class='ocrx_word' id='word_1_423' title='bbox 1557 4051 1590 4111; x_wconf 91' lang='lat' dir='ltr'>et</span> <span class='ocrx_word' id='word_1_424' title='bbox 1614 4052 1767 4126; x_wconf 86' lang='lat' dir='ltr'>expectat</span> 
     </span>
     <span class='ocr_line' id='line_1_40' title="bbox 116 4144 1767 4222; baseline 0.002 -17"><span class='ocrx_word' id='word_1_425' title='bbox 116 4148 219 4206; x_wconf 91' lang='lat' dir='ltr'>Porro</span> <span class='ocrx_word' id='word_1_426' title='bbox 233 4146 313 4206; x_wconf 89' lang='lat' dir='ltr'>satis</span> <span class='ocrx_word' id='word_1_427' title='bbox 330 4146 508 4222; x_wconf 90' lang='lat' dir='ltr'>prudenter</span> <span class='ocrx_word' id='word_1_428' title='bbox 524 4144 661 4206; x_wconf 91' lang='lat' dir='ltr'>deberes</span> <span class='ocrx_word' id='word_1_429' title='bbox 681 4144 855 4204; x_wconf 88' lang='lat' dir='ltr'>advertere</span> <span class='ocrx_word' id='word_1_430' title='bbox 870 4145 911 4204; x_wconf 92' lang='lat' dir='ltr'>de</span> <span class='ocrx_word' id='word_1_431' title='bbox 966 4145 1153 4206; x_wconf 88' lang='lat' dir='ltr'>adventum.</span> <span class='ocrx_word' id='word_1_432' title='bbox 1170 4145 1315 4215; x_wconf 84' lang='lat' dir='ltr'>Festina,</span> <span class='ocrx_word' id='word_1_433' title='bbox 1332 4144 1465 4216; x_wconf 87' lang='lat' dir='ltr'>festina,</span> <span class='ocrx_word' id='word_1_434' title='bbox 1482 4146 1551 4207; x_wconf 90' lang='lat' dir='ltr'>noli</span> <span class='ocrx_word' id='word_1_435' title='bbox 1566 4146 1694 4209; x_wconf 89' lang='lat' dir='ltr'>diutius</span> <span class='ocrx_word' id='word_1_436' title='bbox 1709 4164 1767 4209; x_wconf 85' lang='lat' dir='ltr'>ex-</span> 
     </span>
     <span class='ocr_line' id='line_1_41' title="bbox 116 4241 1767 4319; baseline 0.004 -18"><span class='ocrx_word' id='word_1_437' title='bbox 116 4258 179 4318; x_wconf 92' lang='lat' dir='ltr'>quo</span> <span class='ocrx_word' id='word_1_438' title='bbox 195 4244 227 4303; x_wconf 90' lang='lat' dir='ltr'>et</span> <span class='ocrx_word' id='word_1_439' title='bbox 242 4242 331 4319; x_wconf 87' lang='lat' dir='ltr'>quali</span> <span class='ocrx_word' id='word_1_440' title='bbox 346 4243 468 4303; x_wconf 85' lang='lat' dir='ltr'>affectu</span> <span class='ocrx_word' id='word_1_441' title='bbox 479 4242 687 4318; x_wconf 88' lang='lat' dir='ltr'>processerit,</span> <span class='ocrx_word' id='word_1_442' title='bbox 697 4241 781 4317; x_wconf 92' lang='lat' dir='ltr'>quod</span> <span class='ocrx_word' id='word_1_443' title='bbox 795 4257 912 4317; x_wconf 86' lang='lat' dir='ltr'>expec-</span> <span class='ocrx_word' id='word_1_444' title='bbox 966 4242 1109 4319; x_wconf 85' lang='lat' dir='ltr'>pectere,</span> <span class='ocrx_word' id='word_1_445' title='bbox 1127 4257 1238 4318; x_wconf 92' lang='lat' dir='ltr'>quum,</span> <span class='ocrx_word' id='word_1_446' title='bbox 1251 4242 1327 4302; x_wconf 91' lang='lat' dir='ltr'>dum</span> <span class='ocrx_word' id='word_1_447' title='bbox 1350 4246 1401 4303; x_wconf 92' lang='lat' dir='ltr'>est</span> <span class='ocrx_word' id='word_1_448' title='bbox 1422 4242 1457 4302; x_wconf 93' lang='lat' dir='ltr'>in</span> <span class='ocrx_word' id='word_1_449' title='bbox 1478 4245 1689 4318; x_wconf 89' lang='lat' dir='ltr'>promotione</span> <span class='ocrx_word' id='word_1_450' title='bbox 1710 4262 1767 4306; x_wconf 91' lang='lat' dir='ltr'>ne-</span> 
     </span>
     <span class='ocr_line' id='line_1_42' title="bbox 113 4335 1766 4416; baseline 0.001 -15"><span class='ocrx_word' id='word_1_451' title='bbox 113 4341 222 4401; x_wconf 89' lang='lat' dir='ltr'>tamus</span> <span class='ocrx_word' id='word_1_452' title='bbox 237 4340 396 4400; x_wconf 89' lang='lat' dir='ltr'>haolenus</span> <span class='ocrx_word' id='word_1_453' title='bbox 411 4340 444 4400; x_wconf 93' lang='lat' dir='ltr'>et</span> <span class='ocrx_word' id='word_1_454' title='bbox 458 4339 714 4415; x_wconf 85' lang='lat' dir='ltr'>expectabamus</span> <span class='ocrx_word' id='word_1_455' title='bbox 732 4335 791 4416; x_wconf 82' lang='lat' dir='ltr'>[ut]</span> <span class='ocrx_word' id='word_1_456' title='bbox 814 4353 912 4399; x_wconf 90' lang='lat' dir='ltr'>excu·</span> <span class='ocrx_word' id='word_1_457' title='bbox 965 4339 1104 4413; x_wconf 89' lang='lat' dir='ltr'>gotium,</span> <span class='ocrx_word' id='word_1_458' title='bbox 1122 4338 1242 4397; x_wconf 92' lang='lat' dir='ltr'>minori</span> <span class='ocrx_word' id='word_1_459' title='bbox 1256 4342 1505 4400; x_wconf 89' lang='lat' dir='ltr'>consummatur</span> <span class='ocrx_word' id='word_1_460' title='bbox 1519 4341 1651 4401; x_wconf 82' lang='lat' dir='ltr'>auxilio</span> <span class='ocrx_word' id='word_1_461' title='bbox 1666 4346 1701 4403; x_wconf 91' lang='lat' dir='ltr'>et</span> <span class='ocrx_word' id='word_1_462' title='bbox 1716 4343 1766 4403; x_wconf 87' lang='lat' dir='ltr'>la·</span> 
     </span>
     <span class='ocr_line' id='line_1_43' title="bbox 116 4434 1765 4512; baseline 0.002 -15"><span class='ocrx_word' id='word_1_463' title='bbox 116 4438 261 4498; x_wconf 90' lang='lat' dir='ltr'>sationes</span> <span class='ocrx_word' id='word_1_464' title='bbox 285 4435 482 4512; x_wconf 89' lang='lat' dir='ltr'>probabiles,</span> <span class='ocrx_word' id='word_1_465' title='bbox 508 4451 648 4512; x_wconf 92' lang='lat' dir='ltr'>quarum</span> <span class='ocrx_word' id='word_1_466' title='bbox 668 4434 817 4511; x_wconf 87' lang='lat' dir='ltr'>quaedam</span> <span class='ocrx_word' id='word_1_467' title='bbox 842 4435 909 4495; x_wconf 89' lang='lat' dir='ltr'>ali·</span> <span class='ocrx_word' id='word_1_468' title='bbox 966 4436 1062 4496; x_wconf 91' lang='lat' dir='ltr'>cilius</span> <span class='ocrx_word' id='word_1_469' title='bbox 1087 4435 1279 4511; x_wconf 81' lang='lat' dir='ltr'>perficietur</span> <span class='ocrx_word' id='word_1_470' title='bbox 1299 4435 1334 4495; x_wconf 94' lang='lat' dir='ltr'>in</span> <span class='ocrx_word' id='word_1_471' title='bbox 1356 4436 1517 4512; x_wconf 90' lang='lat' dir='ltr'>profectu.</span> <span class='ocrx_word' id='word_1_472' title='bbox 1541 4438 1691 4510; x_wconf 84' lang='lat' dir='ltr'>Festina,</span> <span class='ocrx_word' id='word_1_473' title='bbox 1709 4455 1765 4500; x_wconf 89' lang='lat' dir='ltr'>rex</span> 
     </span>
     <span class='ocr_line' id='line_1_44' title="bbox 116 4531 1764 4610; baseline 0.002 -18"><span class='ocrx_word' id='word_1_474' title='bbox 116 4533 193 4610; x_wconf 92' lang='lat' dir='ltr'>quid</span> <span class='ocrx_word' id='word_1_475' title='bbox 222 4536 309 4594; x_wconf 78' lang='lat' dir='ltr'>uotae</span> <span class='ocrx_word' id='word_1_476' title='bbox 337 4532 535 4593; x_wconf 87' lang='lat' dir='ltr'>ridebantur</span> <span class='ocrx_word' id='word_1_477' title='bbox 561 4531 685 4593; x_wconf 91' lang='lat' dir='ltr'>babere</span> <span class='ocrx_word' id='word_1_478' title='bbox 715 4531 909 4607; x_wconf 88' lang='lat' dir='ltr'>quibusdam</span> <span class='ocrx_word' id='word_1_479' title='bbox 966 4534 1110 4607; x_wconf 86' lang='lat' dir='ltr'>egregie,</span> <span class='ocrx_word' id='word_1_480' title='bbox 1125 4533 1166 4592; x_wconf 92' lang='lat' dir='ltr'>ad</span> <span class='ocrx_word' id='word_1_481' title='bbox 1180 4534 1301 4594; x_wconf 90' lang='lat' dir='ltr'>summi</span> <span class='ocrx_word' id='word_1_482' title='bbox 1316 4533 1405 4609; x_wconf 88' lang='lat' dir='ltr'>regis</span> <span class='ocrx_word' id='word_1_483' title='bbox 1420 4532 1628 4609; x_wconf 91' lang='lat' dir='ltr'>obsequium,</span> <span class='ocrx_word' id='word_1_484' title='bbox 1650 4538 1764 4599; x_wconf 89' lang='lat' dir='ltr'>utnon</span> 
     </span>
     <span class='ocr_line' id='line_1_45' title="bbox 116 4629 1762 4708; baseline 0.001 -17"><span class='ocrx_word' id='word_1_485' title='bbox 116 4630 328 4708; x_wconf 90' lang='lat' dir='ltr'>opinionibus</span> <span class='ocrx_word' id='word_1_486' title='bbox 342 4646 377 4691; x_wconf 89' lang='lat' dir='ltr'>se</span> <span class='ocrx_word' id='word_1_487' title='bbox 392 4629 588 4706; x_wconf 90' lang='lat' dir='ltr'>ingerebant</span> <span class='ocrx_word' id='word_1_488' title='bbox 600 4629 770 4689; x_wconf 86' lang='lat' dir='ltr'>bominum</span> <span class='ocrx_word' id='word_1_489' title='bbox 785 4631 819 4689; x_wconf 92' lang='lat' dir='ltr'>et</span> <span class='ocrx_word' id='word_1_490' title='bbox 830 4645 911 4690; x_wconf 89' lang='lat' dir='ltr'>con·</span> <span class='ocrx_word' id='word_1_491' title='bbox 965 4630 1111 4690; x_wconf 87' lang='lat' dir='ltr'>videaris</span> <span class='ocrx_word' id='word_1_492' title='bbox 1138 4630 1273 4691; x_wconf 91' lang='lat' dir='ltr'>omnino</span> <span class='ocrx_word' id='word_1_493' title='bbox 1301 4630 1437 4691; x_wconf 90' lang='lat' dir='ltr'>relictus</span> <span class='ocrx_word' id='word_1_494' title='bbox 1459 4633 1534 4706; x_wconf 90' lang='lat' dir='ltr'>post</span> <span class='ocrx_word' id='word_1_495' title='bbox 1555 4633 1669 4708; x_wconf 90' lang='lat' dir='ltr'>terga,</span> <span class='ocrx_word' id='word_1_496' title='bbox 1709 4633 1762 4693; x_wconf 87' lang='lat' dir='ltr'>sed</span> 
     </span>
     <span class='ocr_line' id='line_1_46' title="bbox 111 4725 1763 4806; baseline 0.001 -17"><span class='ocrx_word' id='word_1_497' title='bbox 111 4728 262 4806; x_wconf 86' lang='lat' dir='ltr'>jacturis,</span> <span class='ocrx_word' id='word_1_498' title='bbox 273 4730 331 4790; x_wconf 89' lang='lat' dir='ltr'>aut</span> <span class='ocrx_word' id='word_1_499' title='bbox 345 4744 404 4805; x_wconf 89' lang='lat' dir='ltr'>per</span> <span class='ocrx_word' id='word_1_500' title='bbox 416 4727 618 4788; x_wconf 90' lang='lat' dir='ltr'>contrarium</span> <span class='ocrx_word' id='word_1_501' title='bbox 632 4727 728 4787; x_wconf 88' lang='lat' dir='ltr'>caute</span> <span class='ocrx_word' id='word_1_502' title='bbox 740 4725 911 4787; x_wconf 81' lang='lat' dir='ltr'>refelleres</span> <span class='ocrx_word' id='word_1_503' title='bbox 956 4728 1057 4788; x_wconf 82' lang='lat' dir='ltr'>tanto</span> <span class='ocrx_word' id='word_1_504' title='bbox 1077 4726 1269 4787; x_wconf 77' lang='lat' dir='ltr'>ferventiori</span> <span class='ocrx_word' id='word_1_505' title='bbox 1296 4727 1483 4797; x_wconf 86' lang='lat' dir='ltr'>affectione,</span> <span class='ocrx_word' id='word_1_506' title='bbox 1498 4743 1538 4788; x_wconf 90' lang='lat' dir='ltr'>ac</span> <span class='ocrx_word' id='word_1_507' title='bbox 1564 4730 1763 4791; x_wconf 83' lang='lat' dir='ltr'>evidentiori</span> 
     </span>
     <span class='ocr_line' id='line_1_47' title="bbox 116 4823 1763 4903; baseline 0.001 -17"><span class='ocrx_word' id='word_1_508' title='bbox 116 4827 174 4888; x_wconf 90' lang='lat' dir='ltr'>aut</span> <span class='ocrx_word' id='word_1_509' title='bbox 195 4843 254 4903; x_wconf 95' lang='lat' dir='ltr'>per</span> <span class='ocrx_word' id='word_1_510' title='bbox 274 4830 367 4903; x_wconf 71' lang='lat' dir='ltr'>erutas</span> <span class='ocrx_word' id='word_1_511' title='bbox 388 4827 420 4886; x_wconf 90' lang='lat' dir='ltr'>et</span> <span class='ocrx_word' id='word_1_512' title='bbox 439 4824 649 4885; x_wconf 87' lang='lat' dir='ltr'>authenticas</span> <span class='ocrx_word' id='word_1_513' title='bbox 664 4823 793 4884; x_wconf 88' lang='lat' dir='ltr'>litteras</span> <span class='ocrx_word' id='word_1_514' title='bbox 807 4823 911 4883; x_wconf 90' lang='lat' dir='ltr'>dedu·</span> <span class='ocrx_word' id='word_1_515' title='bbox 966 4823 1108 4886; x_wconf 90' lang='lat' dir='ltr'>utilitate</span> <span class='ocrx_word' id='word_1_516' title='bbox 1119 4823 1291 4899; x_wconf 90' lang='lat' dir='ltr'>procedas,</span> <span class='ocrx_word' id='word_1_517' title='bbox 1306 4827 1428 4901; x_wconf 87' lang='lat' dir='ltr'>quanto</span> <span class='ocrx_word' id='word_1_518' title='bbox 1443 4824 1484 4886; x_wconf 91' lang='lat' dir='ltr'>de</span> <span class='ocrx_word' id='word_1_519' title='bbox 1496 4827 1618 4902; x_wconf 89' lang='lat' dir='ltr'>majori</span> <span class='ocrx_word' id='word_1_520' title='bbox 1630 4830 1763 4888; x_wconf 84' lang='lat' dir='ltr'>morast</span> 
     </span>
     <span class='ocr_line' id='line_1_48' title="bbox 55 4920 1763 4998; baseline -0.003 -9"><span class='ocrx_word' id='word_1_521' title='bbox 55 4982 58 4989; x_wconf 89' lang='lat'><em>.</em></span> <span class='ocrx_word' id='word_1_522' title='bbox 116 4940 209 4985; x_wconf 88' lang='lat' dir='ltr'>ceres</span> <span class='ocrx_word' id='word_1_523' title='bbox 228 4925 262 4984; x_wconf 92' lang='lat' dir='ltr'>in</span> <span class='ocrx_word' id='word_1_524' title='bbox 278 4923 429 4984; x_wconf 86' lang='lat' dir='ltr'>notitiam</span> <span class='ocrx_word' id='word_1_525' title='bbox 449 4922 678 4998; x_wconf 89' lang='lat' dir='ltr'>plurimorum.</span> <span class='ocrx_word' id='word_1_526' title='bbox 696 4921 787 4981; x_wconf 85' lang='lat' dir='ltr'>Licet</span> <span class='ocrx_word' id='word_1_527' title='bbox 800 4923 909 4982; x_wconf 88' lang='lat' dir='ltr'>autem</span> <span class='ocrx_word' id='word_1_528' title='bbox 965 4920 1087 4981; x_wconf 91' lang='lat' dir='ltr'>minori</span> <span class='ocrx_word' id='word_1_529' title='bbox 1102 4920 1325 4981; x_wconf 91' lang='lat' dir='ltr'>sollicitudine</span> <span class='ocrx_word' id='word_1_530' title='bbox 1337 4922 1553 4996; x_wconf 87' lang='lat' dir='ltr'>quorumdam</span> <span class='ocrx_word' id='word_1_531' title='bbox 1563 4923 1696 4998; x_wconf 89' lang='lat' dir='ltr'>judicio</span> <span class='ocrx_word' id='word_1_532' title='bbox 1711 4939 1763 4984; x_wconf 80' lang='lat' dir='ltr'>no</span> 
     </span>
     <span class='ocr_line' id='line_1_49' title="bbox 11 5017 1761 5097; baseline 0.002 -18"><span class='ocrx_word' id='word_1_533' title='bbox 11 5074 15 5079; x_wconf 91' lang='lat'>.</span> <span class='ocrx_word' id='word_1_534' title='bbox 115 5022 201 5097; x_wconf 92' lang='lat' dir='ltr'>apud</span> <span class='ocrx_word' id='word_1_535' title='bbox 219 5036 278 5080; x_wconf 92' lang='lat' dir='ltr'>nos</span> <span class='ocrx_word' id='word_1_536' title='bbox 293 5035 352 5096; x_wconf 90' lang='lat' dir='ltr'>pro</span> <span class='ocrx_word' id='word_1_537' title='bbox 367 5019 614 5095; x_wconf 86' lang='lat' dir='ltr'>magnificentia</span> <span class='ocrx_word' id='word_1_538' title='bbox 632 5021 689 5079; x_wconf 88' lang='lat' dir='ltr'>tua</span> <span class='ocrx_word' id='word_1_539' title='bbox 705 5017 835 5077; x_wconf 89' lang='lat' dir='ltr'>sincere</span> <span class='ocrx_word' id='word_1_540' title='bbox 850 5033 911 5092; x_wconf 91' lang='lat' dir='ltr'>pe·</span> <span class='ocrx_word' id='word_1_541' title='bbox 965 5017 1029 5079; x_wconf 87' lang='lat' dir='ltr'>tari</span> <span class='ocrx_word' id='word_1_542' title='bbox 1044 5018 1180 5079; x_wconf 86' lang='lat' dir='ltr'>rideris.</span> <span class='ocrx_word' id='word_1_543' title='bbox 1197 5018 1341 5090; x_wconf 81' lang='lat' dir='ltr'>Festina,</span> <span class='ocrx_word' id='word_1_544' title='bbox 1361 5018 1390 5078; x_wconf 86' lang='lat' dir='ltr'>si</span> <span class='ocrx_word' id='word_1_545' title='bbox 1405 5018 1490 5080; x_wconf 88' lang='lat' dir='ltr'>forte</span> <span class='ocrx_word' id='word_1_546' title='bbox 1504 5020 1667 5081; x_wconf 88' lang='lat' dir='ltr'>Dominus</span> <span class='ocrx_word' id='word_1_547' title='bbox 1681 5021 1761 5082; x_wconf 84' lang='lat' dir='ltr'>tanti</span> 
     </span>
     <span class='ocr_line' id='line_1_50' title="bbox 115 5112 1762 5192; baseline -0.001 -13"><span class='ocrx_word' id='word_1_548' title='bbox 115 5123 206 5180; x_wconf 87' lang='lat' dir='ltr'>roret</span> <span class='ocrx_word' id='word_1_549' title='bbox 218 5117 351 5177; x_wconf 88' lang='lat' dir='ltr'>dilectio</span> <span class='ocrx_word' id='word_1_550' title='bbox 365 5118 397 5176; x_wconf 91' lang='lat' dir='ltr'>et</span> <span class='ocrx_word' id='word_1_551' title='bbox 412 5115 570 5191; x_wconf 88' lang='lat' dir='ltr'>promptis</span> <span class='ocrx_word' id='word_1_552' title='bbox 583 5112 755 5175; x_wconf 84' lang='lat' dir='ltr'>effectibus</span> <span class='ocrx_word' id='word_1_553' title='bbox 768 5114 912 5174; x_wconf 88' lang='lat' dir='ltr'>instruat</span> <span class='ocrx_word' id='word_1_554' title='bbox 966 5116 1281 5175; x_wconf 89' lang='lat' dir='ltr'>consummationem</span> <span class='ocrx_word' id='word_1_555' title='bbox 1299 5116 1423 5190; x_wconf 91' lang='lat' dir='ltr'>negotii</span> <span class='ocrx_word' id='word_1_556' title='bbox 1438 5117 1503 5177; x_wconf 90' lang='lat' dir='ltr'>tuae</span> <span class='ocrx_word' id='word_1_557' title='bbox 1520 5116 1639 5192; x_wconf 85' lang='lat' dir='ltr'>gloriae</span> <span class='ocrx_word' id='word_1_558' title='bbox 1653 5134 1762 5179; x_wconf 89' lang='lat' dir='ltr'>reser-</span> 
     </span>
     <span class='ocr_line' id='line_1_51' title="bbox 117 5210 1760 5289; baseline -0.001 -11"><span class='ocrx_word' id='word_1_559' title='bbox 117 5232 250 5278; x_wconf 86' lang='lat' dir='ltr'>causam</span> <span class='ocrx_word' id='word_1_560' title='bbox 267 5217 369 5282; x_wconf 88' lang='lat' dir='ltr'>tuam,</span> <span class='ocrx_word' id='word_1_561' title='bbox 392 5212 526 5288; x_wconf 85' lang='lat' dir='ltr'>expedit</span> <span class='ocrx_word' id='word_1_562' title='bbox 544 5214 655 5272; x_wconf 88' lang='lat' dir='ltr'>tamen</span> <span class='ocrx_word' id='word_1_563' title='bbox 672 5213 789 5272; x_wconf 90' lang='lat' dir='ltr'>utnon</span> <span class='ocrx_word' id='word_1_564' title='bbox 804 5210 909 5270; x_wconf 90' lang='lat' dir='ltr'>solum</span> <span class='ocrx_word' id='word_1_565' title='bbox 965 5213 1065 5283; x_wconf 83' lang='lat' dir='ltr'>ravit,</span> <span class='ocrx_word' id='word_1_566' title='bbox 1080 5211 1164 5272; x_wconf 92' lang='lat' dir='ltr'>utin</span> <span class='ocrx_word' id='word_1_567' title='bbox 1187 5213 1324 5274; x_wconf 86' lang='lat' dir='ltr'>dextera</span> <span class='ocrx_word' id='word_1_568' title='bbox 1339 5216 1396 5275; x_wconf 88' lang='lat' dir='ltr'>tua</span> <span class='ocrx_word' id='word_1_569' title='bbox 1411 5212 1562 5289; x_wconf 87' lang='lat' dir='ltr'>perficiat</span> <span class='ocrx_word' id='word_1_570' title='bbox 1582 5215 1760 5276; x_wconf 89' lang='lat' dir='ltr'>multorum</span> 
     </span>
     <span class='ocr_line' id='line_1_52' title="bbox 119 5307 1760 5385; baseline -0.001 -10"><span class='ocrx_word' id='word_1_571' title='bbox 119 5330 189 5385; x_wconf 93' lang='lat' dir='ltr'>nos,</span> <span class='ocrx_word' id='word_1_572' title='bbox 203 5312 258 5374; x_wconf 88' lang='lat' dir='ltr'>sed</span> <span class='ocrx_word' id='word_1_573' title='bbox 271 5311 330 5372; x_wconf 93' lang='lat' dir='ltr'>alii</span> <span class='ocrx_word' id='word_1_574' title='bbox 343 5309 442 5371; x_wconf 91' lang='lat' dir='ltr'>etiam</span> <span class='ocrx_word' id='word_1_575' title='bbox 455 5308 685 5384; x_wconf 87' lang='lat' dir='ltr'>intelligantet</span> <span class='ocrx_word' id='word_1_576' title='bbox 698 5309 908 5383; x_wconf 87' lang='lat' dir='ltr'>cognoscant,</span> <span class='ocrx_word' id='word_1_577' title='bbox 965 5307 1117 5368; x_wconf 89' lang='lat' dir='ltr'>manibus</span> <span class='ocrx_word' id='word_1_578' title='bbox 1136 5309 1338 5371; x_wconf 89' lang='lat' dir='ltr'>inchoatum.</span> <span class='ocrx_word' id='word_1_579' title='bbox 1360 5312 1457 5371; x_wconf 87' lang='lat' dir='ltr'>Certe</span> <span class='ocrx_word' id='word_1_580' title='bbox 1470 5310 1572 5372; x_wconf 78' lang='lat' dir='ltr'>clarae</span> <span class='ocrx_word' id='word_1_581' title='bbox 1591 5313 1760 5373; x_wconf 77' lang='lat' dir='ltr'>memoria</span> 
     </span>
     <span class='ocr_line' id='line_1_53' title="bbox 116 5404 1759 5489; baseline -0.003 -17"><span class='ocrx_word' id='word_1_582' title='bbox 116 5413 199 5489; x_wconf 92' lang='lat' dir='ltr'>quod</span> <span class='ocrx_word' id='word_1_583' title='bbox 218 5424 345 5471; x_wconf 91' lang='lat' dir='ltr'>memor</span> <span class='ocrx_word' id='word_1_584' title='bbox 363 5423 400 5468; x_wconf 87' lang='lat' dir='ltr'>es</span> <span class='ocrx_word' id='word_1_585' title='bbox 412 5404 561 5475; x_wconf 93' lang='lat' dir='ltr'>uberum,</span> <span class='ocrx_word' id='word_1_586' title='bbox 574 5420 647 5481; x_wconf 84' lang='lat' dir='ltr'>quae</span> <span class='ocrx_word' id='word_1_587' title='bbox 661 5404 722 5465; x_wconf 92' lang='lat' dir='ltr'>tibi</span> <span class='ocrx_word' id='word_1_588' title='bbox 735 5404 789 5480; x_wconf 91' lang='lat' dir='ltr'>pia</span> <span class='ocrx_word' id='word_1_589' title='bbox 804 5407 911 5465; x_wconf 88' lang='lat' dir='ltr'>mater</span> <span class='ocrx_word' id='word_1_590' title='bbox 965 5421 1048 5466; x_wconf 86' lang='lat' dir='ltr'>avus</span> <span class='ocrx_word' id='word_1_591' title='bbox 1062 5410 1138 5466; x_wconf 92' lang='lat' dir='ltr'>tuus</span> <span class='ocrx_word' id='word_1_592' title='bbox 1154 5407 1350 5467; x_wconf 84' lang='lat' dir='ltr'>Fredericus</span> <span class='ocrx_word' id='word_1_593' title='bbox 1371 5407 1412 5468; x_wconf 90' lang='lat' dir='ltr'>ad</span> <span class='ocrx_word' id='word_1_594' title='bbox 1433 5407 1465 5467; x_wconf 93' lang='lat' dir='ltr'>id</span> <span class='ocrx_word' id='word_1_595' title='bbox 1485 5422 1523 5467; x_wconf 90' lang='lat' dir='ltr'>se</span> <span class='ocrx_word' id='word_1_596' title='bbox 1535 5409 1616 5468; x_wconf 90' lang='lat' dir='ltr'>totis</span> <span class='ocrx_word' id='word_1_597' title='bbox 1632 5408 1759 5470; x_wconf 83' lang='lat' dir='ltr'>viribus</span> 
     </span>
     <span class='ocr_line' id='line_1_54' title="bbox 117 5502 1757 5586; baseline -0.002 -16"><span class='ocrx_word' id='word_1_598' title='bbox 117 5509 265 5586; x_wconf 84' lang='lat' dir='ltr'>porrexit</span> <span class='ocrx_word' id='word_1_599' title='bbox 280 5505 426 5567; x_wconf 83' lang='lat' dir='ltr'>llcclesia</span> <span class='ocrx_word' id='word_1_600' title='bbox 441 5505 474 5563; x_wconf 94' lang='lat' dir='ltr'>et</span> <span class='ocrx_word' id='word_1_601' title='bbox 488 5517 614 5563; x_wconf 89' lang='lat' dir='ltr'>memor</span> <span class='ocrx_word' id='word_1_602' title='bbox 625 5502 798 5563; x_wconf 79' lang='lat' dir='ltr'>esdextrae</span> <span class='ocrx_word' id='word_1_603' title='bbox 810 5517 910 5581; x_wconf 90' lang='lat' dir='ltr'>quam</span> <span class='ocrx_word' id='word_1_604' title='bbox 964 5503 1167 5563; x_wconf 89' lang='lat' dir='ltr'>accinxerat.</span> <span class='ocrx_word' id='word_1_605' title='bbox 1188 5504 1271 5576; x_wconf 85' lang='lat' dir='ltr'>Quid</span> <span class='ocrx_word' id='word_1_606' title='bbox 1294 5504 1358 5564; x_wconf 90' lang='lat' dir='ltr'>erit</span> <span class='ocrx_word' id='word_1_607' title='bbox 1381 5504 1410 5564; x_wconf 90' lang='lat' dir='ltr'>si</span> <span class='ocrx_word' id='word_1_608' title='bbox 1434 5506 1467 5564; x_wconf 91' lang='lat' dir='ltr'>et</span> <span class='ocrx_word' id='word_1_609' title='bbox 1488 5506 1536 5574; x_wconf 91' lang='lat' dir='ltr'>tu,</span> <span class='ocrx_word' id='word_1_610' title='bbox 1549 5520 1656 5580; x_wconf 90' lang='lat' dir='ltr'>nepos</span> <span class='ocrx_word' id='word_1_611' title='bbox 1675 5510 1757 5583; x_wconf 88' lang='lat' dir='ltr'>ejus,</span> 
     </span>
     <span class='ocr_line' id='line_1_55' title="bbox 119 5599 1759 5679; baseline -0.002 -9"><span class='ocrx_word' id='word_1_612' title='bbox 119 5612 285 5671; x_wconf 83' lang='lat' dir='ltr'>Romanus</span> <span class='ocrx_word' id='word_1_613' title='bbox 302 5600 455 5665; x_wconf 78' lang='lat' dir='ltr'>Pontifex</span> <span class='ocrx_word' id='word_1_614' title='bbox 468 5603 622 5679; x_wconf 85' lang='lat' dir='ltr'>tauquam</span> <span class='ocrx_word' id='word_1_615' title='bbox 638 5600 731 5675; x_wconf 87' lang='lat' dir='ltr'>pater</span> <span class='ocrx_word' id='word_1_616' title='bbox 745 5599 909 5659; x_wconf 90' lang='lat' dir='ltr'>sollicitus</span> <span class='ocrx_word' id='word_1_617' title='bbox 965 5600 1056 5659; x_wconf 89' lang='lat' dir='ltr'>illius</span> <span class='ocrx_word' id='word_1_618' title='bbox 1069 5601 1261 5663; x_wconf 88' lang='lat' dir='ltr'>memoriam</span> <span class='ocrx_word' id='word_1_619' title='bbox 1276 5616 1341 5662; x_wconf 89' lang='lat' dir='ltr'>uon</span> <span class='ocrx_word' id='word_1_620' title='bbox 1352 5600 1457 5661; x_wconf 92' lang='lat' dir='ltr'>solum</span> <span class='ocrx_word' id='word_1_621' title='bbox 1470 5602 1694 5678; x_wconf 73' lang='lat' dir='ltr'>presentibus</span> <span class='ocrx_word' id='word_1_622' title='bbox 1706 5620 1759 5666; x_wconf 72' lang='lat' dir='ltr'>re</span> 
     </span>
    </p>
   </div>
   <div class='ocr_carea' id='block_1_10' title="bbox 0 0 1892 6182">
    <p class='ocr_par' dir='ltr' id='par_1_10' title="bbox 0 0 1892 6182">
     <span class='ocr_line' id='line_1_56' title="bbox 0 0 1892 6182; baseline 0 0"><span class='ocrx_word' id='word_1_623' title='bbox 0 0 1892 6182; x_wconf 95' lang='lat' dir='ltr'> </span> 
     </span>
    </p>
   </div>
  </div>
 </body>
</html>
