3774 6186
553 186 559 227 ι

154 285 212 347 211

390 393 403 405 ’
512 449 592 536 ou

156 587 209 651 Ad
225 586 447 647 musterium
467 584 621 646 abbatem
638 584 672 644 S.
694 584 948 653 Bartholomaet,

163 773 166 779 ,
192 688 348 759 priorem
371 686 405 745 S.
433 685 537 758 liltptt
561 681 593 743 et
617 681 795 743 certiorem
816 684 949 745 Novio-

196 797 359 844 meresem.

433 857 468 915 tl
483 856 580 929 aprilis
596 856 674 914 iiiii.

201 967 337 1031 [bouquet
351 964 454 1015 ilemeil
471 963 514 1013 des
535 964 610 1019 illst..
628 963 696 1021 xlx,
710 963 771 1020 68³:
795 963 903 1026 flereat,

416 1043 462 1094 lib.
478 1044 521 1102 111,
532 1043 608 1106 epist.
624 1041 693 1108 tit]

158 1142 352 1203 burchardum
376 1141 411 1198 de
426 1142 558 1209 Avesms,
572 1142 707 1198 cleriorum
734 1141 950 1209 subdiaconum,

186 1232 235 1304 qul
250 1239 360 1304 raptam
376 1230 559 1288 matrimonio
574 1229 627 1287 sibi
640 1231 824 1304 copulaverat
839 1232 951 1303 biarga·

194 1328 295 1388 retem,
316 1321 468 1379 comitisse
498 1317 679 1377 flandrensis
704 1333 843 1393 sorerem,
870 1320 952 1392 graui

194 1408 262 1465 olim
277 1407 443 1468 damnatam
457 1407 608 1475 sententia,
619 1405 700 1479 jubet
713 1408 856 1466 Honorius
871 1408 953 1464 novis

194 1496 319 1553 vinculis
346 1494 504 1567 constringi
527 1510 592 1554 eum
620 1493 776 1553 fautoribus
794 1496 866 1568 eius,
895 1496 953 1569 qui·

195 1584 243 1656 qui
259 1582 371 1643 fuerint.

199 1692 366 1754 Honorius
394 1691 606 1769 episcopus...
644 1692 772 1754 dilectis
801 1694 879 1754 tiliis
915 1696 950 1755 L.

162 1789 272 1851 abbati
293 1793 328 1851 S.
344 1789 589 1862 Bartholomaei,
617 1791 720 1866 priori
735 1793 769 1853 S.
797 1792 896 1867 Eligii
921 1795 954 1853 et

160 1888 302 1960 cantori,
314 1889 603 1958 Noviomensibus,
621 1890 772 1961 salutem,
786 1891 852 1956 etc.

91 2045 105 2059 ,
202 1983 238 2046 Si
266 1984 387 2048 divium
409 1987 542 2062 pietatis
570 1987 731 2050 immensa
767 1986 954 2062 benignitas

161 2082 350 2155 sustineret,
359 2082 395 2145 ut
405 2081 641 2164 B[urchardus]
652 2084 692 2146 de
706 2085 846 2147 Avesuis
862 2101 955 2162 apos·

162 2179 242 2250 tata,
268 2179 320 2239 vir
337 2179 482 2258 iniquus,
505 2197 525 2242 a
550 2197 666 2243 somno
690 2184 894 2259 exsurgeret,
922 2183 956 2243 et

162 2274 354 2344 obscuratos
369 2277 483 2339 oculos
502 2278 659 2355 aperiret,
679 2280 716 2340 ut
727 2295 821 2341 suam
837 2279 956 2356 iniqui·

67 2424 77 2431 .
162 2373 264 2433 tatem
293 2373 511 2450 perpenderet
531 2377 746 2453 cerneretque
764 2377 953 2453 spurcitias,

162 2469 282 2546 quibus
296 2486 316 2530 a
329 2472 440 2546 planta
451 2472 544 2549 pedis
558 2489 662 2550 usque
677 2475 719 2534 ad
733 2474 890 2535 verticem
904 2491 956 2535 oa·

112 2586 119 2591 ·
164 2566 242 2642 pitis
255 2568 305 2628 est
320 2583 503 2643 respersus,
516 2569 639 2630 infixus
652 2571 685 2630 in
699 2570 777 2631 limo
787 2571 953 2647 profundi,

164 2661 341 2735 laboraret,
366 2663 480 2726 forsan
500 2666 646 2727 clamans
659 2667 700 2728 ad
720 2670 834 2739 Deum,
851 2670 887 2729 ut
900 2668 955 2744 ip-

165 2775 240 2820 sum
265 2760 305 2821 de
320 2762 395 2822 lacu
416 2763 559 2824 miserim
573 2779 613 2825 ac
625 2764 668 2825 ds
686 2764 777 2826 faecis
792 2765 860 2827 luto
874 2766 958 2827 edu·

1095 40 1105 83 t

768 277 944 340 uouemi
965 277 1012 339 ιιι
1031 276 1181 339 ornan.
1230 358 1235 364 .
1413 246 1418 264 '
1741 281 1789 340 aa
1845 338 1847 379 Ι

1004 435 1045 496 ad
1056 436 1207 498 sanctum
1218 435 1374 512 generale
1384 435 1566 500 concilium
1574 440 1786 505 accesserunt,
1845 466 1847 479 ·

1003 532 1110 594 felicis
1127 533 1367 596 reeordationis
1382 534 1577 595 Innocentio
1591 548 1699 609 papae,
1716 549 1788 608 pre-
1845 560 1847 577 ι

1003 630 1170 695 decessori
1194 631 1319 698 nostro,
1348 631 1445 706 plene
1469 630 1660 692 constiterit
1680 629 1789 692 dictim
1844 658 1847 755 4

1003 730 1039 788 Β.
1056 727 1159 791 fuisse
1174 727 1411 790 subdiaconum
1426 729 1460 791 ei
1471 730 1643 790 cantorem
1652 726 1788 791 ecclesie

1004 825 1246 896 laudunensis,
1263 824 1362 897 idem,
1377 826 1485 887 motus
1508 824 1644 900 pietatis
1659 824 1789 885 visceri-

1004 921 1064 983 bus
1083 922 1171 983 eirca
1196 921 1319 987 dictem
1340 921 1495 997 puellam,
1510 921 1693 997 volensque
1707 920 1789 982 dehi-

1003 1021 1072 1080 tum
1086 1018 1264 1095 pastoralis
1276 1018 1379 1083 oflicii
1392 1019 1529 1096 exsequi
1539 1019 1657 1081 contra
1670 1018 1789 1080 nemndi

1005 1116 1140 1178 sceleris
1174 1117 1455 1193 presumptorem,
1491 1115 1588 1178 bonae
1632 1118 1790 1181 memorie

1006 1213 1160 1276 ilamensi
1172 1214 1422 1292 archiepiscopo
1447 1214 1480 1276 et
1491 1214 1717 1289 suffraganeis
1730 1216 1792 1290 eius

1005 1310 1076 1372 suis
1096 1310 1185 1375 dedit
1208 1311 1328 1378 litteris
1349 1310 1385 1375 iu
1400 1311 1587 1389 praeceptis,
1605 1313 1643 1372 ut
1656 1310 1791 1387 predic-

1005 1408 1075 1468 tum
1103 1408 1298 1484 apostatam,
1318 1408 1354 1469 in
1370 1423 1466 1485 quiem
1481 1423 1540 1470 ore
1562 1408 1717 1485 proprio,
1743 1423 1793 1468 sua

1006 1505 1159 1578 exigente
1174 1504 1333 1582 nequitia,
1348 1503 1705 1569 excommunicationis
1720 1520 1791 1566 aen-

1005 1601 1143 1662 teutiam
1154 1602 1224 1678 ipse
1239 1601 1324 1673 tulit,
1341 1600 1482 1678 singulis
1495 1601 1612 1662 diebus
1627 1600 1795 1663 dominicis

1006 1700 1039 1759 et
1053 1697 1158 1769 festis,
1182 1698 1322 1775 pulsatis
1336 1697 1507 1776 campanis
1522 1700 1555 1760 et
1569 1698 1722 1759 candelis
1741 1713 1795 1759 ac-

1007 1794 1127 1866 censis,
1145 1811 1204 1872 per
1218 1810 1297 1857 suas
1310 1795 1469 1857 dioeceses
1485 1795 1635 1857 facerent
1649 1795 1797 1857 cumsuis

1008 1891 1190 1954 fautoribus
1212 1892 1533 1954 excommunicatum
1557 1892 1691 1970 publice
1714 1909 1798 1953 nun-

1008 1989 1101 2057 ciari,
1130 1988 1172 2050 ab
1187 1989 1339 2050 omnibus
1362 1989 1487 2053 arctius
1502 1989 1707 2060 evitandum,
1730 1988 1797 2050 loca

1007 2087 1042 2147 iu
1067 2086 1184 2163 quibus
1204 2086 1381 2164 praedictus
1404 2089 1441 2147 B.
1467 2101 1596 2147 moram
1621 2085 1749 2148 iaceret
1769 2087 1799 2147 el

1008 2183 1118 2261 puella
1130 2183 1215 2244 foret
1228 2183 1371 2256 detenta,
1387 2183 1518 2244 etiamsi
1532 2183 1574 2243 ad
1588 2185 1701 2260 partes
1716 2183 1798 2244 alias

1008 2281 1103 2342 extra
1125 2280 1218 2357 ipsas
1239 2280 1400 2342 dioeceses
1420 2280 1601 2344 diverteret
1620 2280 1678 2344 vel
1693 2280 1797 2358 ipsam

1008 2377 1091 2438 forte
1103 2376 1292 2449 abduceret,
1313 2375 1473 2439 facientes
1488 2392 1622 2439 cessare
1637 2376 1803 2439 interime

1008 2474 1141 2545 divinis,
1151 2473 1389 2535 donecidemu.
1397 2473 1568 2550 praefatam
1580 2475 1802 2551 Margaretam

1008 2571 1148 2632 liberam
1184 2571 1248 2648 ipsi
1279 2571 1472 2633 restitueret
1499 2571 1695 2643 comitisse,
1723 2587 1804 2633 con·

1008 2683 1090 2744 grue
1106 2667 1315 2729 satisfaciens
1328 2668 1370 2728 de
1390 2668 1596 2742 commissis,
1626 2670 1661 2732 et
1682 2668 1805 2730 rediret

1009 2764 1179 2826 humiliter
1193 2765 1236 2826 ad
1260 2765 1547 2827 conversationem
1573 2765 1752 2828 honestam
1774 2765 1805 2827 et

33 2843 74 2932 „⁸
129 2932 138 2943 „
165 2857 956 2940 ceredignareturverumtamemquoddolentes
1009 2861 1273 2923 observationem
1300 2862 1428 2923 ordinis
1457 2861 1635 2932 clericalis.
1664 2864 1706 2924 Et
1729 2863 1805 2925 lieet

165 2954 351 3027 referimus,
367 2957 557 3019 induratum
586 2961 638 3021 est
660 2975 718 3021 cor
740 2960 856 3037 ipsius,
879 2977 957 3037 quo
1010 2960 1205 3021 executores
1219 2958 1285 3035 ipsi
1306 2961 1507 3036 praeceptum
1526 2959 1658 3036 praefati
1672 2959 1803 3036 praeda-

168 3053 270 3123 niam,
291 3055 485 3129 putrescens
505 3055 542 3115 in
568 3058 725 3128 stercore,
748 3057 900 3118 sordidus
923 3060 958 3119 ut
1011 3056 1154 3117 cessoris
1176 3057 1209 3117 et
1228 3058 1378 3117 nostrum
1402 3072 1502 3133 super
1530 3043 1647 3117 eddam
1673 3056 1805 3133 negotio

156 3151 358 3226 iumentum,
373 3155 485 3214 erecta
506 3155 645 3227 cervice,
671 3154 803 3217 obturat
823 3156 864 3216 ad
887 3172 959 3216 mo·
1011 3153 1218 3230 postmodum
1238 3153 1288 3214 eis
1310 3152 1472 3214 directum
1496 3153 1620 3215 fuerint
1639 3154 1805 3225 exsecuti3

165 3246 244 3308 dum
252 3248 366 3317 surdae
381 3250 506 3326 aspidis
525 3266 624 3312 aures
639 3268 728 3324 suas,
747 3268 789 3313 ne
803 3253 957 3329 discipli·
1011 3251 1089 3327 quia
1117 3251 1218 3311 talem
1256 3249 1384 3310 nobiles
1404 3249 1470 3311 viri
1493 3249 1721 3312 walerannus
1745 3247 1805 3329 (2),

166 3361 244 3406 uam
271 3345 432 3410 exaudiet
465 3348 499 3408 et
533 3348 777 3425 increpationes
809 3352 955 3422 avertat,
1010 3347 1163 3408 ferricus
1186 3347 1228 3408 de
1251 3346 1417 3414 lleuialia,
1435 3346 1469 3408 et
1486 3345 1621 3425 quidam
1640 3347 1701 3408 alii
1714 3348 1806 3407 Lau-

166 3441 285 3518 quibus
319 3458 339 3503 a
366 3459 425 3504 sua
450 3442 585 3505 deberet
606 3446 765 3522 nequitia,
790 3447 820 3506 si
847 3447 959 3508 datum
1012 3444 1184 3515 dunensis,
1196 3443 1489 3505 Cameracensiset
1505 3443 1702 3504 leodiensis
1723 3444 1808 3505 dim-

165 3539 287 3605 essete
304 3540 452 3611 nomino,
467 3543 637 3616 revocar13
651 3544 885 3620 propterquod
899 3560 959 3620 po-
1012 3541 1147 3612 cesium,
1177 3541 1327 3603 eumdem
1361 3541 1545 3617 apostatam
1572 3541 1809 3602 excommuni-

166 3634 232 3696 test
244 3636 346 3699 miser
359 3652 426 3702 noe
438 3638 605 3704 immerito
617 3639 809 3712 formidare,
824 3657 868 3702 ne
891 3643 959 3702 ileo
1012 3639 1132 3709 catum,
1145 3638 1260 3699 claves
1275 3637 1425 3699 ecclesiae
1442 3637 1572 3714 penitus
1590 3641 1810 3707 contemnen-

165 3733 200 3794 st
213 3731 401 3798 bominibus
414 3735 597 3799 execrabili
620 3738 818 3800 contritione
835 3738 959 3814 duplici
1012 3736 1090 3808 tem,
1110 3735 1145 3796 in
1168 3735 1297 3797 malitia
1311 3750 1371 3796 sua
1395 3734 1518 3807 fovent,
1540 3735 1811 3812 receptaculum

166 3830 375 3904 contemtum,
404 3833 579 3909 temporali
614 3850 712 3911 poena
743 3835 899 3896 videlicet
926 3838 961 3896 et
1012 3832 1131 3910 quibua
1158 3834 1202 3893 li.
1227 3832 1391 3903 detineat,
1408 3832 1543 3910 aliaque
1565 3831 1719 3897 subsidia
1746 3831 1811 3894 sibi

167 3927 304 3990 retorna.
335 3930 412 3994 Jem
446 3931 536 3992 enim
569 3932 677 4008 pudor
698 3933 752 3995 est
776 3933 905 3995 dilectae
923 3933 959 3994 in
1013 3929 1131 4002 dando,
1146 3928 1812 4008 anobiluvirenidofflemanusejus-

166 4023 297 4089 Christe
308 4024 387 4090 fllia
405 4025 510 4092 sebui
524 4028 658 4091 mulieri
677 4030 839 4092 iohanne
855 4031 959 4092 111111-
1013 4026 1087 4088 dam
1115 4027 1286 4103 apostatas,
1308 4041 1348 4088 ac
1375 4025 1510 4103 quidam
1535 4026 1596 4088 alii
1616 4027 1811 4089 earumdem

166 4117 279 4188 mensi
314 4123 347 4188 et
373 4125 593 4189 lismensem
618 4127 809 4199 comitissae,
837 4128 960 4189 totiens
1013 4123 1206 4185 dioeeesium
1230 4138 1307 4184 eum
1333 4138 1397 4200 pro
1419 4122 1548 4187 riribm
1579 4124 1811 4194 manutenent,

167 4220 319 4294 repetere
328 4220 471 4290 semera,
492 4238 566 4298 quae
585 4222 622 4285 in
639 4225 960 4297 ejuseontumsuam
1013 4222 1047 4282 st
1072 4220 1205 4298 quidam
1226 4219 1417 4282 sacerdotes
1445 4220 1479 4282 et
1503 4219 1619 4283 elerici
1644 4219 1755 4282 eidem
1782 4222 1816 4282 et

166 4313 275 4377 dictus
296 4318 447 4392 apostata
470 4317 506 4381 in
520 4317 666 4385 nonium
678 4321 850 4383 mulierem
865 4323 959 4387 lisn-
1014 4317 1148 4378 familiae
1170 4332 1251 4388 suae,
1267 4316 1409 4394 aliisque
1427 4316 1534 4394 ipsius
1555 4315 1748 4379 fautoribus
1774 4317 1810 4377 in

167 4413 329 4486 amotam,
341 4428 488 4476 sororem
498 4415 773 4491 ipsiuseserouit
785 4418 962 4494 impuden-
1014 4413 1096 4474 locis
1108 4411 1273 4490 inquibus
1288 4412 1376 4481 dieta
1388 4414 1432 4473 Μ.
1449 4412 1582 4474 detenta
1596 4413 1725 4482 existit,
1747 4430 1812 4474 non

167 4509 229 4579 ter,
257 4507 335 4569 dum
362 4509 461 4579 idem,
489 4511 613 4574 dudum
639 4513 674 4574 iu
702 4513 960 4577 subdiaconatus
1015 4510 1092 4571 sunl
1114 4510 1212 4572 veriti
1228 4510 1342 4572 divina
1363 4509 1471 4571 otiieia
1485 4511 1611 4572 temere
1626 4511 1811 4583 celebrare,

168 4605 286 4673 ordine
309 4609 520 4678 constemus,
545 4611 694 4674 eamdem
716 4613 761 4674 M.
784 4611 873 4673 linea
898 4613 961 4673 sibi
1015 4606 1211 4684 saepedictus
1235 4608 1396 4684 apostata.
1420 4607 1515 4685 quasi
1530 4607 1730 4685 delinquens
1750 4609 1814 4669 im-

168 4705 467 4782 consanguinitatis
500 4710 726 4784 coniunctam,
751 4709 789 4770 iu
819 4709 961 4785 quodam
1015 4719 1112 4781 pune,
1136 4703 1329 4765 satisfacere
1343 4704 1474 4781 penitus
1494 4703 1682 4780 vilipendit,
1698 4705 1736 4766 in
1751 4721 1811 4766 sua

167 4803 279 4865 castro
291 4803 722 4870 suaesdeicommsnuatam
735 4805 962 4868 fraudulenter
1014 4801 1200 4877 iniquitatis
1212 4800 1396 4878 pertinacia
1412 4799 1607 4863 obstinatus.

167 4895 317 4971 abduxit,
331 4901 503 4979 ipsamque
527 4902 653 4965 detinet
674 4903 860 4975 inhoneste,
874 4920 963 4965 men·
1056 4897 1150 4959 Unde
1165 4897 1260 4958 nobis
1284 4897 1453 4970 eomitissa
1477 4898 1615 4974 praefata
1638 4899 1813 4960 humiliter

167 4993 281 5060 tiendo
309 5011 345 5059 se
372 5012 446 5061 cum
477 5015 517 5063 ea
550 5000 795 5064 matrimonium
823 5002 961 5062 eontra-
1016 4994 1223 5081 supplicarit,
1240 4995 1286 5065 ut,
1301 5008 1342 5054 ne
1356 4994 1430 5071 ipsa
1444 4995 1533 5056 inter
1548 4994 1673 5055 multas
1687 5010 1817 5071 angus-

169 5089 261 5153 sisse
277 5089 336 5170 (1).
1016 5093 1080 5154 tias
1100 5090 1219 5169 quibus
1237 5090 1445 5168 dignoscitur
1458 5105 1534 5153 esse
1547 5089 1673 5153 afflicta
1693 5107 1739 5154 ex
1750 5092 1814 5154 ‹le-

209 5188 289 5252 Cum
304 5189 413 5257 numm
435 5205 480 5255 ex
499 5193 689 5255 testimonio
710 5194 855 5271 plurium
876 5209 964 5271 prae-
1016 5190 1162 5252 tentione
1177 5205 1217 5250 ae
1231 5189 1356 5266 pudore
1368 5188 1465 5250 dictae
1474 5188 1603 5250 sororis
1617 5201 1700 5259 sirae,
1713 5190 1814 5267 igno-

170 5283 312 5352 latorum
326 5287 360 5347 et
381 5286 524 5350 aliorum
545 5288 723 5367 proborum
746 5290 894 5354 virorum
907 5289 963 5368 qui
1015 5286 1167 5351 miniosae
1184 5285 1560 5363 confusionisresperse
1575 5285 1760 5363 opprobrio
1777 5288 1813 5348 iu

207 5439 247 5512 (l)
268 5443 406 5502 blemorat
422 5443 552 5503 hocloco
573 5447 714 5504 Honorius
739 5447 847 5505 litteras
858 5447 964 5576 gelbus
1054 5441 1094 5516 (i)
1121 5445 1322 5512 Wuiaranuus,
1337 5442 1450 5505 ilenriel
1474 5442 1699 5517 lemburgensis
1732 5443 1814 5502 ducis

170 5511 363 5571 Burcbardum
376 5516 483 5586 pridem
498 5517 665 5590 exagitavit,
677 5518 712 5575 ad
726 5520 853 5575 anuumi
878 5517 964 5585 ll,ad
994 5558 996 5560 ψ
1018 5516 1101 5585 filius,
1122 5516 1226 5587 etipse
1247 5515 1508 5588 immmburgensis
1525 5521 1555 5573 et
1568 5513 1694 5573 Attene
1707 5531 1816 5573 eomes.

171 5583 345 5654 albensem,
360 5588 530 5646 lismensem
546 5587 725 5661 archiepisc,
739 5596 759 5646 t.
776 5592 812 5658 ll,
828 5590 881 5647 col.
902 5589 963 5646 les.
