3774 6186
48 335 112 397 201
673 335 901 395 EPISTOLAE.
925 336 1002 394 [ΑΒ.
1027 337 1082 396 ΙΙΙ.
1639 335 1700 395 202

51 494 113 554 tua
134 493 285 571 tempora
309 508 538 554 conservasse.
557 494 676 554 Datum
696 493 852 556 Laterani
906 493 1118 555 concedimus
1128 492 1397 567 taculmmm,rrisl
1406 494 1589 572 torie‚qnod
1598 494 1696 564 absit,

53 592 103 652 Ill
137 590 211 653 idus
239 590 372 668 aprilis,
402 590 614 669 pontificatus
638 592 743 653 nostri
764 607 851 652 anno
906 592 989 653 adeo
1004 594 1091 653 esset
1105 592 1218 669 gravis
1229 595 1262 654 et
1276 593 1421 654 enormis
1432 609 1600 663 excessus,
1611 591 1697 670 qaod

50 688 166 749 tertio.
907 689 1096 766 hujusmodi
1124 706 1282 751 manuum
1310 692 1487 766 injectores
1517 689 1698 751 adsedem

95 788 266 847 Eacmdem
287 789 427 848 modum
447 787 617 861 scriptum
638 786 689 847 est
706 787 747 847 ad
771 789 853 848 Ber·
906 787 1129 862 apostolicam
1145 788 1376 849 sorentmerilo
1392 787 1591 850 destinandi.
1605 787 1698 848 Nulli

50 883 207 944 tholdum
222 882 374 946 abbatem
385 883 670 959 staingadensem.
686 885 802 945 Datum
818 887 852 946 ut
907 899 986 960 ergo
1001 885 1135 946 omnino
1162 885 1333 945 hominum
1341 885 1440 946 liceat
1448 885 1534 946 lianc
1543 884 1698 961 paginam

51 996 169 1058 supra.
907 981 1029 1042 nostrae
1044 982 1268 1043 concessionis
1283 983 1477 1058 intringere,
1499 982 1553 1043 vel
1568 983 1599 1042 ei
1614 997 1699 1044 ausu

346 1086 569 1173 CLXXXIX
907 1080 1083 1140 temerario
1112 1081 1289 1142 contraire.
1325 1081 1360 1142 Si
1392 1079 1466 1156 quis
1494 1081 1605 1141 autem
1637 1079 1700 1139 boc

907 1178 1070 1238 attentare
1088 1178 1345 1253 praesumpserit,
1362 1177 1622 1253 indignationem
1635 1192 1702 1237 om·

907 1274 1086 1350 nipctentis
1102 1275 1171 1346 Dei,
1188 1277 1222 1336 et
1246 1275 1418 1337 beatorum
1437 1275 1528 1336 Petri
1550 1276 1584 1335 et
1603 1275 1700 1335 Pauli

907 1370 1131 1446 apostolorum
1158 1374 1230 1447 ejus
1259 1387 1294 1432 se
1323 1371 1453 1432 noverit
1476 1371 1698 1432 incursurum.

906 1468 1025 1528 Datum
1040 1468 1196 1529 Laterani
1210 1471 1254 1530 ΙΙΙ
1271 1468 1346 1530 idus
1361 1469 1478 1546 aprilis
1489 1468 1701 1545 pontificatus

906 1565 1011 1626 nostri
1026 1581 1114 1627 anno
1128 1566 1237 1627 tertio.

87 1224 144 1283 Ad
160 1223 338 1282 Simonem
355 1221 510 1282 abbatem
526 1222 823 1295 nquiunetemem

257 1321 414 1380 dioecesis
432 1319 657 1381 Arelatensis.

334 1433 365 1489 n
382 1432 479 1504 apem
494 1431 573 1489 nn.

51 1538 104 1602 [Ει
112 1537 249 1589 emulatio
257 1537 390 1590 abbatissae
400 1537 484 1590 Sancti
492 1538 630 1591 salvatoris
637 1537 851 1602 Aquicinetensis;

149 1617 271 1668 ltihliotb.
281 1617 350 1672 liet..
359 1617 552 1675 tondilioreen,
565 1623 583 1667 t.
594 1618 647 1677 rib,
658 1632 684 1682 p.
693 1617 758 1682 til]

51 1715 241 1775 passimoni
260 1723 289 1774 et
312 1716 374 1789 ejus
400 1716 613 1773 successoribus
634 1731 717 1773 usum
737 1714 850 1788 pontid·
1256 1673 1349 1760 CXC

89 1805 195 1862 estium
219 1811 247 1861 et
262 1804 389 1862 minores
401 1803 516 1862 ordines
529 1803 692 1862 conterendi
702 1803 853 1862 monacbis
966 1797 1017 1856 Aa
1039 1799 1335 1871 archiepiscopum
1355 1797 1638 1873 Strtpontensem.

87 1893 290 1966 Aiulssissfloess·
306 1891 479 1950 slsssslmem·
1098 1909 1178 1982 (Sine
1188 1908 1244 1978 die,
1257 1924 1357 1967 mense
1370 1917 1399 1966 at
1413 1909 1513 1981 anno.)

95 2001 267 2063 Honorius
285 2000 591 2078 episcopusservus
607 2001 852 2063 servorumDei
1031 2005 1160 2067 [rhetiae
1178 2006 1291 2056 nonum.
1310 2006 1454 2070 aingem,
1475 2020 1500 2055 n.
1524 2004 1577 2071 tt]

53 2097 176 2160 dilecto
199 2097 268 2160 filio
282 2098 408 2160 Simoni
430 2097 541 2159 abbati
555 2096 602 2177 (1)
623 2099 850 2175 Aquicineten.
907 2102 1130 2178 Arehiepisoopo
1157 2105 1345 2178 strigoniensi
1368 2110 1399 2161 ut
1424 2120 1459 2162 ex
1483 2118 1534 2162 sua
1556 2105 1702 2176 provincia

53 2195 199 2257 salutem
215 2196 248 2257 et
262 2194 479 2271 apostolicam
497 2195 771 2256 benedictionem.
942 2193 1094 2250 nonnullos
1103 2193 1302 2251 virnsidoneos
1313 2193 1475 2261 sibiminet,
1484 2193 1531 2265 qui
1540 2193 1703 2250 nationibus

95 2292 138 2354 ot
150 2291 187 2354 in
198 2307 257 2368 spe
269 2307 385 2369 gerere
398 2292 484 2368 quod
493 2293 705 2369 tandemjure
719 2292 853 2354 habehit
942 2282 1071 2352 gentium
1088 2281 1204 2338 verbum
1220 2282 1401 2354 evangelium
1414 2281 1568 2354 praedicare
1581 2281 1699 2353 possint.

54 2404 90 2451 se
117 2388 322 2451 demonstret
346 2389 498 2462 ecelesia,
520 2391 553 2451 et
571 2391 744 2451 veritatem
766 2405 854 2466 prae·
947 2381 1114 2449 Honorius
1126 2389 1299 2466 episcopus
1312 2405 1429 2450 servus
1444 2404 1616 2450 servorum
1630 2390 1700 2460 Dei,

54 2485 180 2549 indicet
200 2502 260 2564 per
279 2486 431 2563 figuram,
445 2487 549 2568 ¹variis
572 2487 747 2548 decoratur
770 2486 854 2547 insi·
907 2485 1090 2546 venerabili
1117 2486 1249 2548 tratri...
1270 2486 1490 2562 strigoniensi
1512 2485 1700 2563 archiepis-

53 2584 175 2661 gnibus
186 2582 384 2660 dignitatum
392 2599 450 2662 per
459 2599 533 2662 quae
547 2583 687 2661 pulchra
701 2582 853 2646 fidelibus
908 2597 990 2659 copo
1002 2582 1142 2644 salutern
1156 2584 1188 2645 et
1202 2583 1700 2661 apostolicambenedictionem.

53 2684 88 2745 et
101 2681 294 2743 infidelibus
317 2683 477 2759 appareat
497 2682 534 2743 ut
554 2682 737 2743 castrorum
763 2681 853 2743 acies
948 2680 998 2741 Ne
1013 2680 1041 2741 si
1057 2695 1152 2741 secus
1168 2680 1300 2741 vineam
1314 2681 1445 2742 Domini
1467 2682 1589 2743 nostrae
1612 2696 1701 2742 curae

55 2778 223 2840 ordinata.
240 2780 349 2850 Quare
375 2794 436 2839 nos
465 2778 521 2855 qui
549 2778 700 2839 decorem
736 2778 853 2866 domus
909 2776 1117 2837 commissam
1147 2777 1271 2854 positas
1293 2777 1439 2855 undique
1463 2776 1703 2838 sollicitudines

54 2876 188 2938 bomini
217 2877 370 2936 tenemur
395 2892 438 2936 ex
464 2875 573 2937 officio
589 2874 683 2936 nobis
705 2874 853 2952 inJ‘uncto
908 2873 1059 2949 redigere
1075 2874 1318 2950 neglexerimus
1334 2875 1374 2935 ad
1386 2875 1560 2947 culturam,
1578 2876 1610 2936 et
1625 2884 1704 2951 pro·

53 2974 208 3051 diligere,
225 2973 379 3034 decentes
401 2986 560 3058 personas
576 2971 718 3034 libenter
731 2972 854 3034 talibus
908 2986 1031 3048 pagare
1045 2972 1077 3031 in
1093 2972 1141 3032 eis
1155 2973 1365 3049 propagines,
1384 2989 1457 3049 quas
1470 2973 1569 3034 tiores
1589 2971 1702 3033 odoris

54 3072 264 3141 decoramus,
279 3071 452 3146 sperantes
464 3070 602 3131 uttanto
617 3069 658 3130 ad
671 3084 784 3131 eorum
801 3069 853 3131 si·
909 3070 941 3128 et
967 3069 1108 3129 fructum
1135 3069 1278 3130 afferant
1301 3070 1507 3138 honestatis,
1536 3070 1701 3147 possimus

54 3167 224 3243 gnificata,
251 3167 431 3228 studiosius
460 3183 496 3228 se
512 3167 701 3238 informent,
730 3170 853 3244 quanto
908 3165 1026 3227 merito
1041 3166 1081 3227 de
1104 3168 1238 3243 torpore
1251 3182 1309 3227 seu
1332 3167 1458 3227 desidia
1480 3165 1700 3244 reprehendi:

34 3322 39 3328 ,
54 3263 324 3341 significantibus
339 3280 375 3325 se
390 3263 551 3326 denostra
565 3266 766 3340 cognoscant
777 3280 856 3340 gra·
909 3262 986 3325 licet
1001 3263 1173 3324 undecima
1190 3264 1233 3324 sit
1243 3265 1337 3335 hora,
1353 3263 1525 3341 operarios
1539 3266 1650 3351 tamen
1664 3264 1701 3325 in

53 3361 103 3422 tie
127 3360 308 3437 specialius
329 3360 497 3437 insigniri.
514 3361 718 3443 eapropter,
736 3360 854 3422 dilecte
909 3362 998 3438 ipsas
1026 3362 1240 3439 proponimus
1265 3362 1450 3430 destinare,
1486 3363 1543 3440 qui
1569 3361 1702 3423 sarculo

54 3460 93 3520 in
118 3458 259 3520 Domino
286 3457 345 3530 tili,
360 3458 428 3519 tuis
452 3457 605 3534 precibus
620 3473 659 3519 eo
681 3456 853 3524 ravorobi-
908 3459 1155 3536 predicationis
1187 3476 1230 3521 ex
1251 3459 1604 3538 circumadjacentibus
1636 3475 1702 3520 na-

54 3555 121 3615 lius
147 3555 333 3615 annuentes
355 3568 420 3630 quo
444 3553 617 3629 religionis
644 3551 855 3616 observantia
908 3556 1054 3618 tionibus
1064 3558 1701 3635 vitiorumspinasevellentesetvepres,

54 3654 92 3714 et
113 3651 289 3713 honestate
315 3651 393 3712 vitae
418 3649 514 3711 nobis
541 3652 575 3712 te
602 3651 713 3712 reddis
736 3651 854 3713 merito
910 3655 942 3716 et
970 3655 1185 3718 extendentes
1211 3657 1245 3716 in
1277 3657 1409 3717 easdem
1439 3656 1591 3734 palmites
1626 3655 1704 3717 tidei

54 3749 232 3820 cariorem,
244 3746 286 3811 ad
298 3746 399 3808 decus
411 3746 603 3809 etdecorem
614 3747 735 3809 nobilis
746 3749 853 3825 Aqui·
910 3751 1200 3828 compluentesque
1222 3751 1296 3812 illas
1312 3754 1420 3830 aquis,
1437 3768 1510 3831 quae
1528 3753 1705 3814 transeunt

54 3846 200 3909 masten.
211 3844 362 3906 ecclesiae
373 3844 427 3905 cui
438 3859 555 3922 praees,
568 3844 673 3906 mitrae
685 3860 725 3906 ac
740 3845 855 3905 annuli
910 3848 999 3908 inter
1009 3848 1153 3909 medium
1167 3849 1337 3920 montium,
1348 3850 1565 3925 ipsasllorere
1580 3848 1704 3911 saciant

54 3956 154 4004 usum
179 3941 242 4003 tibi
265 3941 298 4003 et
325 3941 573 4002 successoribus
600 3940 666 4002 tuis
685 3940 727 4003 de
742 3943 854 4003 nostra
910 3945 943 4005 et
965 3944 1124 4008 virtutum
1149 3946 1299 4020 germina
1328 3945 1517 4020 germinare
1546 3967 1554 4005 ε
1584 3961 1624 4007 ac
1654 3945 1703 4006 sic

52 4038 269 4102 concedimus
279 4039 386 4114 gratia
400 4037 543 4110 liberali,
552 4054 613 4099 neo
623 4054 689 4099 non
700 4038 856 4101 altariset
911 4039 1099 4102 effundente
1126 4041 1267 4103 Domino
1286 4041 1438 4117 spiritum
1462 4042 1502 4103 de
1519 4042 1653 4106 excelso
1668 4043 1704 4102 in

53 4136 241 4201 sacerdotis
256 4136 452 4198 ornamenta
463 4135 683 4198 benedicendi
693 4137 726 4198 et
739 4151 857 4198 mona·
910 4136 1087 4198 solitudine
1095 4138 1269 4212 judicium,
1282 4154 1347 4214 quo
1362 4154 1398 4199 se
1413 4155 1487 4199 cum
1510 4141 1576 4200 Deo
1591 4142 1624 4201 et
1638 4155 1700 4201 co-

53 4235 132 4298 chis
145 4234 213 4296 tuis
225 4232 359 4295 ordines
371 4231 730 4306 conterendiminores,
744 4247 856 4294 mona·
909 4250 982 4295 ram
998 4236 1076 4305 Deo,
1100 4251 1141 4295 ne
1159 4234 1200 4295 ab
1215 4251 1254 4297 eo
1268 4235 1446 4312 jndicetur,
1464 4236 1626 4298 dividicus
1642 4238 1705 4298 lia·

52 4333 204 4410 cbosque
231 4331 266 4393 et
290 4344 469 4391 conversos
497 4330 691 4392 monasterii
712 4330 770 4403 tui,
798 4332 856 4407 qui
910 4332 1002 4403 bitet,
1014 4333 1312 4409 ttatquenationum
1324 4334 1489 4396 desertum
1500 4335 1702 4408 inchermel‚

52 4430 192 4509 propter
204 4442 362 4489 manuum
383 4427 596 4503 injectionem
622 4426 712 4490 inter
725 4443 762 4489 se
778 4443 857 4489 sen·
909 4429 945 4490 in
956 4445 1044 4491 verae
1060 4430 1323 4492 circumcisionis
1336 4432 1508 4493 scientiam
1521 4432 1703 4494 veniendo:

51 4528 192 4592 tentiam
207 4526 560 4589 excommunicationis
577 4526 762 4599 incurrunt,
775 4529 857 4604 Jux-
910 4529 943 4589 et
966 4529 1137 4604 postquam
1161 4527 1336 4590 intraverit
1359 4530 1506 4605 gentium
1522 4531 1702 4607 plenitudo,

50 4629 88 4691 ta
117 4624 256 4686 termam
277 4623 428 4685 ecelesiae
450 4623 645 4685 absolvendi
669 4627 702 4687 et
722 4625 857 4702 propter
909 4624 1042 4686 tandem
1080 4624 1363 4687 reconciliationis
1382 4628 1513 4704 justitia
1542 4628 1656 4689 sedeat
1671 4628 1704 4688 in

50 4723 120 4785 hoc
140 4721 336 4800 injungendi
351 4720 401 4782 eis
416 4721 644 4800 poenitentiam
666 4723 857 4799 competen-
910 4722 1061 4783 Chermel
1090 4721 1125 4781 in
1150 4723 1334 4784 israelitico
1363 4724 1500 4800 populo,
1530 4724 1586 4801 qni
1616 4738 1705 4785 nune

49 4823 138 4893 tem,
168 4819 308 4881 liberam
335 4818 396 4881 tibi
421 4820 621 4881 auctoritate
641 4818 855 4896 praesentium
910 4821 1085 4897 reputatur
1099 4819 1133 4880 in
1149 4818 1438 4898 saltn(„).Verum
1451 4836 1525 4881 cum
1537 4820 1632 4883 multi
1646 4837 1706 4900 per

89 4952 134 5026 (l)
155 4949 373 5010 b'outbantictte
393 4948 430 5007 de
444 4957 522 5033 cette
534 4950 617 5032 bulle-
632 4957 676 5009 est
688 4949 802 5008 donnes
817 4966 854 5009 en
909 4950 988 5034 itant
1003 4958 1084 5034 entre
1096 4950 1172 5008 deux
1181 4953 1282 5036 voires
1290 4966 1325 5033 au
1341 4949 1409 5034 bout
1419 4951 1455 5008 du
1468 4949 1705 5022 dorion-,duobis

49 5039 104 5082 cea
123 5029 231 5104 termes
245 5020 319 5078 dans
337 5022 364 5078 le
378 5028 536 5106 manuscrit
559 5019 624 5078 d’ou
652 5036 725 5078 nous
747 5021 856 5104 l'arons
909 5021 945 5079 de
958 5022 1067 5104 lfuglrse
1080 5020 1285 5106 eyentcroisee
1299 5020 1485 5080 eloment-
1498 5025 1691 5106 Qnsnraar.g

50 5101 200 5178 extruite:
215 5093 282 5175 «le,
302 5106 467 5165 soussigne,
483 5091 709 5175 religieuxdela
730 5106 853 5177 congre·
931 5095 1055 5175 ermon,
1082 5108 1098 5149 a
1120 5107 1168 5174 qur
1191 5100 1277 5175 cette·
1300 5092 1375 5150 butte
1400 5102 1445 5152 est
1469 5095 1619 5178 adressbe,
1632 5095 1706 5177 emit

49 5175 155 5248 ginon
167 5164 204 5223 de
219 5165 416 5248 §oroi-Maur,
436 5162 545 5247 certine
566 5178 647 5220 avon
671 5172 805 5248 transeut
827 5172 856 5221 et
910 5163 1008 5254 Simon
1030 5167 1066 5231 ll,
1084 5162 1155 5220 ebbe
1176 5162 1212 5220 de
1232 5165 1403 5223 Sarntllaur
1422 5165 1575 5237 d'rtncbin,
1592 5167 1706 5226 diocese

49 5232 587 5391 elitrlltllliitrtnrae:
602 5241 856 5387 liuil‘iigiblii}
909 5233 1046 5378 diliis
1066 5303 1187 5395 tue,
1212 5307 1300 5378 ,aa
1320 5305 1355 5362 u
1378 5322 1426 5364 ωε
1448 5314 1543 5366 moa:
1608 5322 1642 5388 (ω
1664 5307 1706 5363 a,

51 5374 855 5532 trdtblnilitffetlrlrtbtristare
909 5376 1394 5529 tdrdnatrrltbltltt
1415 5377 1706 5530 tibitibi,

51 5522 89 5580 da
113 5535 194 5603 nom,
211 5535 228 5577 a
248 5517 351 5576 double
366 5532 460 5591 queue
476 5516 512 5574 da
525 5532 586 5574 sore
605 5533 657 5575 rou
679 5533 696 5576 e
710 5525 739 5574 er
751 5533 856 5600 want
910 5518 1051 5602 Tberner,
1061 5518 1328 5589 serupulensement
1342 5518 1528 5600 collationru·;
1544 5533 1617 5576 urars
1634 5535 1706 5577 nous

50 5589 398 5732 eXiXtrantsdsnngquXree
406 5533 683 5718 dgnggirgesgffi'gfr'
698 5593 855 5717 XinXehau
911 5590 951 5647 lui
965 5604 1001 5646 en
1016 5589 1140 5647 larssons
1154 5588 1180 5646 ta
1196 5590 1423 5662 responsabrlrte.
