3774 6186
746 307 922 368 HONORII
945 305 989 365 111
1011 306 1158 364 OPERA.
1722 307 1780 367 408

119 308 209 373 «101ι

121 469 239 533 laetitia
254 485 359 547 aquas
374 468 414 531 de
433 466 577 530 fontibus
594 465 788 537 salvatoris,
806 465 841 527 61
860 478 918 525 666
971 461 1061 523 11666
1074 462 1227 535 11661616,
1240 462 1288 524 ita
1302 461 1389 540 quod
1402 463 1515 540 partes
1526 463 1616 540 ipsae
1628 477 1650 522 a
1671 463 1778 526 forma

121 565 273 628 dividant
286 567 321 627 in
337 565 457 642 plateis
472 580 538 625 non
551 564 657 627 solum
671 562 712 623 ad
731 562 917 623 satietatem
974 558 1038 618 sibi
1057 560 1198 621 tractata
1221 560 1256 620 in
1278 560 1393 636 paucis
1414 560 1571 622 articulis
1597 560 1778 622 discorda-

121 663 310 725 animarum
331 678 404 739 quae
429 660 518 722 sitim
534 659 668 728 habent,
685 658 743 719 sed
761 659 860 719 etiam
882 657 918 717 in
972 654 1065 717 bant.

121 759 269 822 salutare
284 757 466 820 remedium
482 759 515 820 et
525 757 724 819 medicinam
735 755 849 815 contra
865 770 920 814 ve·
1015 755 1098 814 Ecce
1120 752 1241 814 nobilis
1262 754 1314 814 vir
1328 754 1475 816 Dalcbor
1495 757 1607 831 major
1625 756 1780 833 justitia-

122 872 244 917 nenum
260 855 493 932 aegrotantium
515 855 713 916 animarum.
733 854 774 912 st
794 853 829 912 ut
844 851 918 926 ple·
974 852 1056 922 rius,
1072 853 1106 912 et
1119 852 1280 912 Martinus
1301 852 1475 912 Pincernae
1490 853 1600 929 ipsius
1617 853 1724 928 regis,
1742 870 1778 914 66

122 953 199 1015 6166
214 953 426 1028 cognoscatis
451 953 618 1013 sincerum
638 949 805 1020 affectum,
821 963 919 1023 quem
975 949 1234 1010 Marcbucardus
1260 948 1300 1008 de
1328 949 1456 1009 Decbin
1470 950 1505 1011 et
1527 949 1716 1027 Dionysius
1739 952 1778 1012 de

122 1066 204 1126 erga
234 1050 410 1126 1116116166
437 1048 555 1110 1161166
579 1047 736 1123 gerimus,
765 1060 920 1120 rogamus
976 1046 1126 1107 Praebeo
1163 1045 1335 1106 castellani
1370 1045 1579 1107 advenerunt
1612 1062 1658 1108 ex
1686 1050 1778 1123 parte

123 1147 261 1224 proinde
275 1147 484 1209 devotionem
496 1145 641 1206 vestram
654 1146 688 1205 61
705 1142 922 1203 exhortamur
975 1143 1054 1204 dicti
1068 1142 1169 1218 regis,
1184 1145 1218 1203 et
1231 1158 1303 1213 sua,
1326 1158 1401 1203 cum
1423 1143 1585 1206 instantia
1609 1145 1779 1221 postulan-

123 1245 248 1307 attente
270 1259 331 1320 per
355 1242 545 1318 apostolica
565 1241 689 1316 scripta
713 1238 920 1309 mandantes,
975 1241 1035 1312 166,
1059 1241 1097 1301 61
1116 1238 1287 1316 praefatum
1309 1240 1503 1318 episcopum
1525 1241 1567 1300 ad
1593 1242 1775 1311 Viennam,

124 1340 262 1401 6161661
277 1337 491 1399 laudabiliter
514 1334 674 1411 coepistis,
695 1335 740 1395 iia
762 1349 820 1409 pro
841 1348 923 1394 nos·
977 1336 1142 1398 civitatem
1163 1335 1284 1397 nobilis
1299 1336 1363 1397 viri
1378 1338 1474 1398 ducis
1488 1338 1648 1411 nustriae,
1666 1339 1780 1400 mitte-

121 1428 924 1510 66661666666611616161666666666-
976 1449 1099 1503 remus,
1125 1433 1329 1495 affirmantes
1359 1433 1445 1511 quod
1468 1450 1540 1507 rex,
1570 1435 1605 1495 61
1631 1435 1779 1496 barones

122 1530 230 1593 beatis
265 1528 480 1591 affectuosius
513 1527 777 1597 commendatos,
812 1527 845 1586 et
884 1526 919 1585 16
976 1528 1136 1606 praedicti,
1167 1545 1248 1605 quos
1284 1528 1363 1590 illuc
1391 1531 1550 1591 venturos
1581 1529 1778 1593 firmissime

123 1628 193 1688 suis
210 1627 259 1689 eis
280 1623 547 1695 necessitatibus,
564 1623 747 1693 beneficiis,
771 1623 804 1684 et
827 1623 922 1683 elee·
977 1626 1208 1703 premittebant
1221 1627 1384 1702 praesenta
1405 1626 1527 1688 1116616
1547 1627 1710 1704 episcopo
1725 1629 1780 1688 16-

124 1723 273 1800 mosynis
287 1722 410 1783 vestris
429 1721 597 1783 assistatis
617 1721 741 1792 taliter,
767 1721 804 1782 ut
818 1722 921 1781 Deum
977 1722 1177 1785 ducerentur
1190 1722 1288 1784 facile
1298 1723 1338 1783 ad
1350 1724 1564 1787 concordiam
1581 1742 1589 1780 :
1607 1726 1639 1787 61
1654 1726 1723 1802 ipsi
1736 1728 1777 1787 61

122 1818 219 1883 vobis
240 1819 421 1896 propitium
445 1818 603 1891 reddatis
632 1819 664 1879 et
686 1832 746 1877 nos
769 1816 922 1892 obligetis
977 1822 1039 1882 boc
1063 1820 1291 1898 impenderent
1310 1820 1453 1896 diligens
1475 1821 1623 1882 studium
1644 1825 1781 1901 616116-

123 1914 219 1979 vobis
239 1933 315 1979 esse
337 1916 444 1992 magis
469 1915 670 1977 favorabiles
690 1916 723 1976 61
745 1913 920 1990 benignos.
977 1935 1049 1980 ram
1077 1919 1243 1979 efficacem
1268 1934 1276 1973 :
1306 1918 1392 1995 quod
1431 1920 1532 1980 etiam
1557 1919 1780 1983 firmaverunt

125 2015 244 2076 Datum
256 2013 409 2084 viterbii,
426 2014 503 2073 XIII
519 2011 679 2073 kalendas
693 2010 822 2088 aprilis,
839 2026 924 2091 pon·
977 2015 1135 2094 praedicto
1152 2017 1340 2092 juramento
1366 2014 1454 2092 quod
1478 2016 1545 2094 ipsi
1568 2017 1609 2078 61
1634 2018 1700 2079 hoc
1723 2018 1779 2079 di-

124 2110 270 2174 11166166
284 2111 390 2172 nostri
404 2125 494 2172 anno
508 2112 637 2187 quarto.
977 2113 1071 2184 recti,
1100 2112 1163 2174 boc
1184 2110 1224 2173 de
1248 2112 1406 2189 ipsorum,
1434 2114 1535 2189 regis,
1556 2115 1589 2175 61
1612 2113 1779 2176 baronum

977 2209 1132 2271 mandato
1152 2209 1288 2286 speciali
1304 2209 1537 2286 procurabant,
1563 2213 1596 2272 61
1619 2213 1708 2289 quod
1733 2213 1777 2274 ad

977 2323 1102 2384 pacem,
1120 2308 1152 2368 et
1172 2307 1383 2369 concordiam
1400 2306 1544 2369 fideliter
1563 2308 1777 2385 laborarent3

977 2406 1129 2483 qnodque
1143 2404 1347 2466 custodirent
1361 2420 1537 2481 personam
1552 2408 1716 2484 episcopi,
1732 2410 1775 2469 si·

978 2502 1033 2564 cut
1047 2518 1125 2562 snas
1148 2505 1216 2563 tam
1235 2500 1425 2563 deducendo
1446 2518 1521 2564 eum
1542 2505 1584 2565 ad
1604 2505 1778 2567 civitatem

977 2599 1180 2677 praedictam,
1205 2614 1302 2675 quam
1327 2600 1367 2659 ad
1392 2603 1540 2663 nostram
1561 2604 1777 2678 praesentiam

977 2696 1176 2767 reducendo,
1203 2697 1231 2757 si
1260 2697 1344 2759 forte
1369 2712 1435 2758 non
1460 2701 1573 2775 posset
1595 2702 1780 2762 concordia

626 2816 636 2835 =
977 2794 1164 2871 provenire.

462 2852 590 2938 CVIII
1016 2893 1046 2951 N
1049 2907 1085 2950 66
1098 2890 1201 2966 igitur
1218 2892 1465 2969 acquiescentes
1481 2892 1646 2969 precibus,
1664 2895 1777 2957 61166-

127 2986 445 3049 insenescentem
477 2986 781 3059 salzeburgensem
808 2985 923 3043 erebi·
977 2989 1090 3050 tantiae
1119 2988 1280 3049 nobilium
1303 2990 1554 3066 praedictorum,
1582 2992 1778 3070 episcopum

167 3083 434 3159 epicoenomena
456 3084 651 3154 episcopam
668 3084 874 3154 Kymensem
889 3080 923 3139 et
978 3086 1086 3161 ipsum
1115 3085 1156 3145 ad
1188 3086 1355 3148 civitatem
1377 3089 1448 3163 jam
1478 3087 1600 3149 dictam
1617 3088 1777 3151 duximus

166 3180 320 3243 abbatem
353 3178 489 3239 Sartctre
522 3181 652 3248 0111616,
684 3179 923 3240 cislerciensis
977 3181 1281 3253 transmittendum,
1297 3183 1529 3260 uthujusmodi
1547 3188 1778 3248 controversia

167 3278 309 3346 ordiens,
326 3276 550 3336 Pctoviensis
564 3277 729 3336 dioecesis.
979 3279 1089 3351 finem,
1107 3279 1250 3341 donante
1272 3281 1421 3353 Domino,
1443 3282 1614 3355 sortiatur,
1636 3284 1779 3362 ideoque

403 3387 439 3444 20
453 3395 537 3444 mari,
560 3387 638 3445 1220,
977 3391 1037 3452 per
1058 3376 1282 3452 Apostollcam
1304 3377 1400 3438 vobis
1422 3378 1539 3439 Sedem
1565 3381 1775 3454 mandamus,

250 3493 399 3558 [uanaque.
412 3491 480 3543 lan.
493 3492 661 3553 61666166,
677 3493 719 3548 iv.
731 3492 799 3556 1711]
978 3473 1140 3549 quatenus
1161 3473 1202 3533 61
1223 3474 1332 3534 166661
1354 3473 1472 3551 ipsum,
1501 3475 1553 3537 vel
1576 3479 1727 3554 propius,
1748 3480 1777 3539 si

130 3592 303 3656 1166161616
323 3597 354 3648 ut
369 3605 434 3646 sese
449 3592 630 3661 interponant
645 3589 680 3646 ad
699 3589 923 3661 sonipescendas
978 3585 1115 3630 1160θῦ89
1129 3562 1240 3643 suffit»
1261 3570 1302 3630 δᾶ
1322 3571 1418 3647 mgni
1441 3572 1633 3647 ⁰011fl¹¹il¹ffla
1661 3592 1779 3652 PGPSO·

161 3679 318 3743 discordias
334 3679 408 3735 16161
427 3691 527 3750 regem
544 3684 572 3734 at
591 3676 713 3734 barones
731 3676 875 3733 1166611116
888 3692 923 3733 ex
977 3665 1100 3727 naliter
1111 3667 1318 3739 accedentes,
1335 3668 1368 3729 et
1382 3671 1630 3733 commonentes
1653 3672 1777 3734 dictum

164 2248 208 2306 In
223 2248 382 2306 6161116111
396 2248 537 2305 nimum
550 2243 709 2319 scriptum
722 2245 792 2304 est:

165 2344 217 2403 Ad
243 2345 449 2402 6616616616
475 2346 642 2417 populum
668 2343 920 2417 segoviensem.

126 2440 245 2501 Datum
259 2440 290 2498 X
304 2438 467 2499 kalendas
482 2438 610 2514 aprilis,
627 2452 716 2497 anno
731 2437 861 2512 quarto.

170 2538 221 2596 Ad
246 2538 446 2599 Willelmnrn
469 2539 511 2595 de
531 2536 688 2595 Postesla
707 2533 740 2593 ef
757 2536 921 2605 populum

126 2636 392 2694 Bononiensem.
415 2633 533 2692 Datum
554 2634 599 2691 IX
616 2628 778 2690 kalendas
793 2627 920 2704 aprilis,

129 2744 218 2795 anno
233 2730 362 2806 quarto.

79 3830 82 3835 ,
161 3784 219 3837 666
232 3774 322 3840 parte,
343 3772 372 3823 et
392 3764 538 3823 Andream
557 3766 741 3838 pragensem,
756 3765 922 3838 episcopum

977 3779 1100 3839 regem,
1118 3764 1172 3824 cui
1191 3780 1291 3840 super
1310 3764 1372 3827 hoc
1387 3765 1576 3838 scribimus,
1599 3770 1685 3831 utet
1702 3771 1773 3847 ipse

161 3872 197 3915 61(
217 3857 314 3924 altera,
329 3869 414 3927 super
429 3852 550 3912 decimis
569 3861 598 3912 et
611 3853 810 3926 jurisdictione
829 3855 920 3911 eccle·
972 3863 1071 3938 juxta
1107 3853 1359 3936 p'iomissionem
1394 3861 1556 3924 nobilium
1591 3864 1774 3937 dictorum,

161 3945 288 4003 6111611611.

166 4054 247 4115 Post
264 4051 426 4113 diutinam
448 4066 587 4123 moram,
604 4067 703 4128 quam
718 4050 921 4113 venerabilis

77 4174 79 4178 ’
124 4149 231 4213 frater
252 4147 431 4222 Prageusis
452 4149 626 4224 episcopus
650 4149 736 4225 apud
756 4149 923 4225 Apostoli-

124 4262 198 4309 cam
212 4245 329 4306 sedem
343 4243 457 4314 traxit,
474 4261 533 4320 pro
556 4246 739 4322 quaestione
762 4246 849 4307 inter
869 4246 924 4322 ip-

125 4358 269 4427 sumpro
291 4343 384 4419 parte
401 4358 478 4412 una,
502 4343 534 4404 et
558 4343 722 4404 illustrem
743 4359 871 4418 regem,
889 4346 922 4404 et

125 4439 270 4503 barones
282 4438 449 4501 Bobemiae
465 4455 508 4499 ex
523 4440 639 4509 altera,
658 4455 758 4516 super
771 4441 919 4513 decimis,

120 4536 355 4616 jurisdictione
369 4536 609 4607 ecclesiastica,
624 4536 842 4599 ecclesiarum
856 4538 923 4599 im-

102 4634 297 4706 munitate,
321 4650 360 4694 ac
373 4632 542 4695 nonnullis
558 4632 634 4693 aliis
656 4633 698 4695 ad
718 4634 922 4697 ecclesiasti-

125 4747 198 4793 cam
221 4731 462 4809 pertinentibus
483 4730 680 4802 libertatem,
696 4728 842 4801 suborta,
861 4749 921 4808 pro

124 4844 189 4907 qua
209 4829 308 4890 etiam
323 4828 394 4904 ipse
409 4844 470 4888 161(
483 4830 516 4890 61
530 4829 672 4890 barones
693 4830 922 4889 excommuni-

123 4925 263 4999 cationi,
293 4926 327 4986 et
352 4941 491 5000 regnum
515 4929 588 5003 ejus
615 4925 788 5002 subjacent
811 4926 920 4987 inter-

87 5014 90 5021 ’
124 5022 212 5087 dicto
227 5038 234 5085 :
251 5022 385 5084 tandem
400 5022 671 5099 procuratoribus
695 5023 801 5100 ipsius
820 5024 920 5100 regis,

124 5120 158 5191 61
170 5118 334 5183 baronum
350 5120 513 5180 innostra
529 5121 707 5196 praesentia
721 5121 920 5195 constitutis,

127 5218 267 5295 61111166
279 5232 356 5294 pars
371 5216 511 5278 arbitrio
528 5219 641 5279 nostro
657 5216 761 5279 libere
777 5233 812 5279 se
832 5235 923 5279 com-

126 5312 225 5385 misit,
247 5313 361 5376 bablto
382 5314 486 5390 igitur
507 5330 580 5375 cum
607 5313 766 5376 fratribus
786 5317 920 5388 nostris,

94 5410 262 5477 ,6161116
286 5411 368 5488 ipsis
395 5410 544 5489 partibus
571 5412 669 5487 longo
693 5412 733 5474 de
760 5414 924 5490 composi-

978 3957 1198 4034 6666111661
1219 3958 1260 4019 de
1283 3956 1475 4032 baronibus,
1493 3976 1513 4021 a
1532 3963 1682 4035 66616116,
1709 3965 1776 4026 1616

976 4051 1167 4126 baronibus,
1182 4070 1281 4132 quarn
1302 4055 1469 4117 nobilibus
1489 4059 1659 4121 Bohemiae
1674 4077 1775 4122 man-

976 4152 1089 4213 datum
1104 4151 1313 4226 habentibus,
1330 4153 1371 4214 61
1394 4153 1503 4215 166616
1518 4157 1657 4219 accedat
1676 4174 1774 4220 eum-

976 4249 1066 4323 dem3
1101 4249 1320 4325 interponatis
1354 4251 1544 4328 prudenter,
1572 4254 1606 4316 et
1631 4254 1774 4319 sollicite

977 4347 1087 4423 partes
1099 4348 1227 4407 vestras
1243 4347 1284 4407 61
1298 4347 1542 4411 reformandam
1559 4355 1774 4415 concordiam

976 4443 1064 4504 inter
1079 4458 1152 4517 eos;
1174 4459 1258 4519 quae,
1287 4445 1315 4504 si
1342 4444 1451 4506 studio
1474 4448 1585 4509 vestro
1607 4451 1775 4513 mediante

976 4541 1181 4616 provenerit,
1213 4539 1329 4601 eadem
1364 4543 1555 4611 sufficienti,
1584 4547 1619 4607 61
1654 4547 1774 4610 116666

976 4637 1129 4698 66611666
1140 4637 1281 4708 firmata,
1294 4639 1449 4715 praefatas
1460 4646 1775 4708 excommunicatio

976 4735 1040 4804 616,
1057 4737 1088 4795 61
1104 4734 1271 4797 interdicti
1288 4737 1470 4798 sententias
1487 4740 1664 4816 relaxetis3
1690 4745 1776 4805 alio·

977 4832 1055 4908 quin
1071 4831 1261 4909 episcopum
1277 4833 1384 4910 ipsum
1398 4836 1440 4896 ad
1460 4852 1520 4898 nos
1536 4839 1664 4910 reduci,
1678 4844 1774 4917 juxta

977 4929 1175 5004 promissum
1192 4929 1351 4992 nobilium
1364 4933 1610 5007 praedictorum,
1625 4937 1662 4997 in
1679 4939 1776 5003 Colo-

977 5025 1067 5096 niam
1087 5025 1267 5100 facientes„
1282 5028 1415 5091 easdem
1442 5032 1627 5095 sententias
1649 5037 1775 5112 praeci-

977 5123 1076 5201 piatis
1099 5140 1204 5200 usque
1224 5125 1265 5186 ad
1290 5127 1552 5191 satisfactionem
1575 5132 1784 5209 condignam.

977 5220 1217 5283 inviolabiliter
1230 5222 1413 5285 observari.

1019 5319 1147 5387 Datum¹
1163 5318 1321 5393 viterbii,
1348 5322 1612 5387 v111kalendas
1645 5327 1775 5405 aprilis,

978 5415 1190 5492 pontificatus
1206 5418 1411 5489 6661116666
1424 5421 1554 5498 quarto.
