3774 6186
122 296 180 356 143

120 458 288 518 mandam.
306 462 385 519 Cum
401 461 502 533 igitur
514 463 695 524 sectandum
706 480 745 525 ea
759 482 833 542 quae
845 482 925 542 prae·

119 555 222 617 missa
245 559 332 627 sunt,
359 559 452 618 vobis
476 559 706 622 sustinendum
733 579 799 627 non
824 563 926 626 fuerit

119 655 296 714 occasione
321 656 506 716 litterarum
528 658 570 718 ad
597 659 770 721 Ebroicen.
792 661 923 737 judices

119 749 339 822 obtentarum,
356 752 552 815 discretioni
568 758 687 817 vestrae
704 773 765 834 per
779 761 923 833 Aposto-

120 847 184 908 lica
201 849 324 924 scripta
351 851 558 922 mandamus,
582 854 756 929 quatenus,
774 854 839 914 nisi
855 854 924 916 for-

118 960 179 1005 san
194 946 229 1006 in
245 947 366 1008 litteris
377 948 417 1008 ad
434 948 524 1025 ipsos
539 950 711 1011 Ebroicen.
730 951 865 1013 directis
880 968 924 1015 ex

120 1042 346 1118 probabilibus
362 1047 474 1107 causis
488 1046 588 1108 fuerit
603 1048 775 1124 signanter
790 1065 923 1125 expres·

119 1157 204 1212 sum,
234 1144 268 1203 ut
295 1144 513 1219 procederent
533 1145 568 1204 in
594 1145 666 1222 ipso
690 1146 833 1221 negotio,
855 1162 921 1207 non

119 1238 272 1299 olistante
300 1241 387 1316 quod
415 1242 501 1302 idem
524 1243 564 1304 de
586 1258 751 1304 consensu
778 1243 922 1320 partium

120 1335 214 1397 vobis
234 1341 307 1398 erat
325 1336 366 1398 ab
381 1339 571 1415 Apostolica
596 1340 681 1401 Sede
695 1341 920 1411 commissum,

120 1451 179 1495 vos
205 1434 272 1494 illis
309 1451 517 1514 nequaquam
552 1437 775 1509 obstantibus,
809 1438 845 1499 in
882 1454 922 1500 eo

114 1533 212 1607 Juxta
228 1532 366 1593 formam
381 1534 474 1594 vobis
490 1535 647 1595 traditam
663 1535 794 1597 sublato
807 1536 923 1613 appel-

120 1629 254 1691 lationis
275 1630 446 1693 obstaculo
463 1632 663 1708 procedatis.
688 1634 780 1706 Quod
802 1634 830 1694 si
855 1650 921 1696 non

118 1743 245 1799 omues,
260 1731 321 1789 etc.
335 1731 453 1790 Datum
470 1731 626 1791 Laterani
642 1731 788 1792 secundo
803 1732 924 1792 kalen·

119 1827 178 1887 das
193 1827 317 1898 martii,
342 1828 553 1908 pontificatus
575 1830 681 1893 nostri
706 1845 794 1891 anno
809 1830 920 1892 tertio,

150 2135 201 2194 Aa
211 2137 370 2208 priorem
386 2138 736 2200 Grandimonieusem
748 2140 891 2213 ejrcsquc

448 2235 592 2308 fratres.

408 2349 420 2403 l
444 2349 536 2405 martii
553 2349 632 2406 lala.

243 2442 395 2504 [bullarium
411 2445 564 2499 Romanurn,
577 2446 622 2500 ΙΙΙ,
632 2446 687 2500 35Ι,
705 2460 730 2494 u.
742 2445 794 2507 32]

148 2542 321 2601 ltefonuatro
336 2542 446 2599 ordinis
465 2543 734 2600 flrandimoutensis
753 2545 782 2600 in
798 2559 890 2617 regno

426 2634 611 2689 Francorum.

157 2731 336 2802 Honorius,
349 2733 425 2800 etc,
438 2730 568 2791 dilectis
581 2730 659 2790 flliis
669 2731 771 2807 priori
784 2731 921 2792 Grandi·

118 2830 263 2890 mouten.
280 2831 417 2905 ejusque
437 2828 597 2891 fratribus
612 2830 680 2890 tum
700 2827 921 2905 praesentibus

119 2942 218 3003 quam
234 2925 354 2987 futuris
378 2926 568 3000 regularem
590 2926 691 2986 vitam
709 2926 870 3002 professis
885 2928 920 2987 in

121 3024 325 3099 perpetuum,
351 3023 550 3084 salutemet
575 3023 794 3101 apostolicam
813 3021 920 3084 bene-

120 3121 311 3182 dictionem.

158 3219 207 3281 Ad
230 3218 423 3296 sopiendam
436 3219 608 3280 materiam
620 3221 821 3296 jurgiorum,
846 3237 920 3296 quae

119 3320 240 3379 vestrae
256 3316 430 3392 religionis
450 3318 597 3393 quietem
618 3317 717 3392 louge
741 3321 812 3392 jam
836 3320 921 3378 fem-

119 3431 199 3493 pore
214 3414 442 3484 turbaverunt,
454 3415 565 3490 plnres
582 3415 648 3475 tam
664 3431 683 3474 a
699 3414 806 3485 nobiS,
821 3431 918 3492 quam

120 3532 139 3573 a
169 3511 277 3573 felicis
304 3511 546 3573 recordationis
571 3510 716 3583 Urbane,
738 3512 918 3585 Clemente,

120 3610 310 3679 fioelestiuo,
335 3609 527 3669 innocentio
541 3609 575 3669 et
597 3609 674 3669 aliis
696 3609 921 3686 praedecesso-

120 3707 213 3770 ribus
236 3706 359 3767 nostris
382 3707 542 3766 Romanis
562 3705 778 3767 Pontificibus
804 3706 919 3768 indul·

119 3805 252 3881 gentiae,
278 3820 318 3865 ac
346 3803 521 3881 privilegia
548 3806 756 3875 emanarunt,
780 3821 919 3881 quorum

119 3903 365 3964 multitudinem
381 3901 421 3962 ad
445 3900 677 3978 compendium
692 3901 848 3964 duximus
864 3918 920 3964 re-

120 4001 307 4077 digendam,
322 4000 455 4075 singula
472 4017 586 4061 eorum
604 3999 750 4076 capitula
767 4016 917 4077 praesen-

120 4100 208 4162 tibus
223 4097 469 4175 complectendo
484 4097 678 4175 quibusdam
695 4098 843 4174 exceptis
860 4114 920 4175 per

120 4198 358 4274 obreptionem,
383 4198 416 4257 ut
437 4195 577 4265 videtur,
593 4194 746 4266 obtentis
767 4211 840 4272 quae
864 4196 917 4257 vel

107 4293 244 4370 ‘repulae
260 4296 378 4353 vestrae
397 4292 577 4361 contrariu,
596 4291 646 4351 vel
663 4291 751 4352 inter
766 4307 801 4351 se
825 4291 917 4352 invi-

120 4409 192 4455 cem
217 4391 351 4450 dissoua
372 4386 581 4459 videbantur,
606 4403 645 4448 ac
670 4388 746 4448 aliis
770 4388 811 4449 de
832 4404 917 4452 novo

120 4489 270 4567 adjectis,
288 4487 386 4564 prout
401 4485 475 4562 paci
495 4487 527 4547 et
549 4485 783 4563 tranquillitati
798 4490 917 4548 vestrae

120 4588 264 4652 vidimus
277 4584 445 4660 expedire.
463 4585 499 4643 ln
519 4583 635 4659 prinus
650 4598 728 4658 ergo
742 4582 917 4647 statuimus

121 4688 157 4749 ut
171 4685 273 4762 prior,
291 4682 346 4759 qni
363 4698 421 4758 pro
436 4683 583 4757 tempore
605 4681 715 4753 fuerit,
736 4682 866 4758 plenam
882 4683 916 4746 in

120 4779 350 4862 spiritualibus
365 4781 398 4841 et
410 4779 648 4855 temporalibus
664 4779 783 4841 babeat
801 4782 915 4856 potes-

119 4885 231 4949 tatem,
244 4881 277 4940 et
289 4895 402 4944 omnes
418 4877 531 4939 clerici
554 4879 586 4938 et
603 4878 756 4938 conversi
772 4880 839 4939 tam
855 4894 916 4938 ca-

120 4979 303 5058 pitisquam
313 4975 532 5039 menrbrorum
545 4974 574 5035 ei
583 4973 739 5036 obediant
752 4964 913 5048 absolute,

120 5077 272 5153 idemque
283 5072 469 5150 spiritualia
479 5089 552 5133 cum
564 5072 695 5135 clericis
706 5074 739 5134 et
748 5074 916 5149 tempora-

119 5175 292 5238 ruliacum
308 5170 478 5237 conversis
492 5169 654 5246 disponet.
680 5171 915 5232 Verumtamen

117 5265 375 5335 inordinatione
390 5267 613 5345 spiritualium
626 5269 659 5329 et
682 5267 914 5345 temporalium

116 5368 411 5432 licebiteiclericos
422 5367 455 5427 et
465 5380 652 5436 conversos,
664 5381 747 5442 quos
759 5365 912 5437 voluerit,

115 5471 149 5530 et
168 5467 273 5542 magis
298 5465 434 5528 idoneos
454 5460 575 5524 viderit
588 5461 761 5533 advoc-are,
790 5463 823 5522 et
848 5461 914 5522 ba-

116 5565 195 5627 bere
204 5564 379 5627 consilium
389 5561 673 5636 eorumdemlpse
684 5575 814 5642 quoque
824 5560 916 5641 prior

116 5664 251 5728 cuilibet
266 5662 358 5725 cellae
375 5658 503 5722 ordinis
515 5674 616 5719 uuum
629 5656 791 5735 praeliciat
804 5672 914 5720 sacer·

743 308 918 369 rainoldi
941 310 984 370 111
1007 313 1154 373 Ol‘b’lta.
1733 322 1779 386 ln

978 466 1099 541 dotem,
1116 487 1212 548 quem
1232 472 1274 533 ad
1301 470 1365 535 hoc
1389 474 1551 538 idoneum
1567 482 1777 556 reputaverit,

977 580 1079 642 penes
1090 584 1186 644 quem
1201 569 1242 630 de
1261 568 1368 647 ipsius
1384 571 1510 649 prioris
1527 576 1777 644 mandatorum

978 665 1201 740 spiritualium
1214 669 1281 728 tam
1296 669 1387 730 circa
1398 670 1556 744 clericos,
1570 690 1674 751 quam
1685 676 1777 741 laicos

977 763 1112 823 omnino
1126 765 1282 839 resideat,
1291 768 1324 828 et
1334 784 1449 829 omues
1464 770 1578 831 eidem
1595 779 1777 838 reverenter

977 858 1171 922 obediantet
1183 862 1367 926 intendant.
1378 866 1538 944 Idemque
1546 870 1778 935 sacerdoscor·

977 956 1104 1033 rigandi
1120 961 1187 1020 tam
1202 960 1400 1024 clericorum
1415 981 1516 1040 quam
1529 967 1699 1030 laicorum
1722 987 1776 1033 ei·

976 1070 1090 1115 cessus
1105 1056 1236 1132 plenam
1249 1058 1371 1121 babeat
1385 1064 1598 1138 potestatem,
1612 1064 1662 1126 iia
1676 1069 1776 1130 taum

977 1152 1062 1227 quod
1079 1169 1139 1214 uec
1154 1155 1323 1216 curiosum
1344 1174 1461 1219 ecura
1476 1160 1661 1238 temporali
1678 1163 1776 1243 depo·

976 1266 1168 1325 ponerenec
1182 1252 1328 1329 aliquem
1342 1254 1385 1316 ab
1399 1257 1520 1319 ordine
1538 1261 1669 1339 poterit
1683 1278 1777 1324 remo

976 1363 1071 1419 vere3
1091 1348 1147 1408 sed
1170 1348 1233 1410 boc
1255 1351 1317 1411 soli
1339 1353 1444 1428 priori
1469 1360 1680 1418 reservetur.
1705 1363 1777 1431 Qui·

976 1459 1116 1520 cumque
1145 1448 1255 1507 autem
1282 1447 1353 1509 sive
1377 1450 1537 1524 clericus,
1569 1455 1646 1515 sive
1667 1455 1774 1529 laicus,

976 1541 1047 1602 sive
1066 1543 1165 1603 etiam
1184 1545 1256 1621 ipse
1280 1547 1434 1609 curiosus
1450 1552 1524 1626 ejus
1538 1554 1775 1617 correctionem

976 1641 1124 1716 recipere
1150 1645 1365 1716 recusaverit,
1395 1645 1502 1708 tribus
1528 1648 1652 1711 diebus
1672 1655 1774 1715 conti·

976 1737 1051 1797 uuis
1080 1737 1118 1798 ad
1146 1740 1269 1801 terrum
1296 1744 1448 1805 comedat
1461 1747 1628 1821 grossiori
1651 1756 1776 1825 paueat

976 1853 1225 1918 aquariaeque
1248 1841 1377 1903 tantmn
1398 1840 1570 1919 pulmento
1593 1850 1773 1921 contentus,

975 1940 1008 1999 et
1034 1938 1062 1998 si
1094 1940 1360 2015 perseveraverit
1390 1938 1432 2001 ad
1458 1940 1609 2016 priorem
1633 1946 1775 2008 mittatur

975 2039 1048 2112 ejus
1063 2036 1202 2099 arbitrio
1216 2040 1419 2117 puniendus.

1015 2137 1119 2196 Porro
1133 2136 1203 2213 ipse
1219 2142 1386 2202 corrector
1400 2156 1535 2219 semper
1544 2143 1668 2206 diebus
1681 2144 1774 2207 domi·

975 2231 1060 2292 nicls
1087 2234 1120 2294 et
1145 2233 1272 2299 festivis
1304 2239 1378 2313 post
1399 2240 1566 2314 Primam,
1596 2259 1659 2320 pro
1687 2244 1772 2307 festis

974 2344 1056 2390 vero
1070 2330 1186 2395 diebus
1202 2333 1236 2393 in
1252 2332 1372 2411 hyeme
1386 2339 1461 2416 post
1475 2338 1638 2413 Tertiam,
1660 2343 1694 2404 et
1707 2344 1771 2419 post

975 2430 1121 2489 Primam
1155 2428 1188 2490 iu
1223 2432 1341 2494 aestate
1366 2434 1551 2514 capitulum
1584 2438 1710 2511 teneat,
1735 2439 1769 2501 ad

975 2527 1059 2603 quod
1074 2527 1216 2602 singulis
1231 2528 1348 2593 diebus
1363 2533 1567 2595 conveniant
1577 2551 1695 2598 omnes
1709 2538 1769 2598 cle·

975 2625 1035 2684 rici
1051 2627 1084 2686 et
1097 2627 1249 2687 conversi
1266 2628 1322 2704 qui
1338 2631 1495 2704 poterunt
1512 2634 1706 2696 convenire.
1718 2638 1769 2698 De

975 2723 1106 2783 minicia
1121 2739 1200 2785 vero
1225 2726 1257 2786 et
1279 2725 1409 2788 festivis
1432 2728 1552 2791 diebus
1576 2734 1767 2795 conveniant

974 2836 1089 2881 omnes
1104 2823 1171 2884 tarn
1187 2822 1313 2895 clerici,
1340 2841 1437 2901 quam
1459 2827 1551 2898 laici,
1569 2829 1686 2907 eisque
1702 2848 1765 2892 om·

975 2917 1072 2980 nibus
1088 2922 1257 2981 corrector
1271 2922 1305 2981 in
1321 2923 1395 3000 ipso
1410 2924 1560 3001 capitulo
1578 2929 1704 3004 praesit.
1720 2929 1764 2989 ubi

974 3017 1137 3091 proponat
1156 3014 1226 3094 ipse
1248 3021 1428 3089 corrector,
1453 3036 1511 3081 seu
1534 3022 1624 3085 alius
1640 3024 1763 3086 verbum

975 3113 1033 3172 Dei
1058 3113 1253 3189 exponendo
1273 3115 1407 3193 aliquod
1429 3119 1615 3195 capitulum
1638 3123 1762 3200 regula,

974 3211 1032 3271 aut
1046 3211 1148 3282 allud,
1161 3212 1247 3290 quod
1261 3212 1302 3273 ad
1318 3215 1507 3277 animarum
1519 3218 1763 3282 aedificationem

975 3308 1139 3385 pertineat
1165 3312 1391 3386 proponendo,
1422 3313 1578 3393 idemque
1606 3322 1763 3380 corrector

974 3406 1131 3482 corriget,
1157 3409 1190 3468 et
1213 3407 1414 3486 disciplinet,
1443 3428 1518 3472 cum
1548 3429 1634 3492 opus
1663 3415 1761 3485 fuerit,

975 3519 1088 3565 omnes
1101 3507 1168 3566 tam
1184 3505 1325 3568 clericos
1344 3523 1443 3586 quam
1459 3509 1577 3585 laicos,
1598 3514 1633 3574 et
1653 3516 1763 3576 statuta

973 3601 1101 3663 ordinis
1125 3600 1226 3664 iaciat
1249 3604 1291 3666 ab
1317 3606 1471 3668 omnibus
1493 3607 1763 3689 observarique

974 3701 1085 3761 omnia
1102 3700 1134 3760 in
1145 3701 1217 3777 ipso
1228 3702 1337 3780 capite
1349 3702 1525 3783 adimpleri
1546 3708 1702 3770 volumus
1714 3724 1763 3788 per

973 3798 1119 3877 priorem
1142 3798 1193 3859 vel
1218 3801 1405 3877 perillum,
1440 3803 1494 3864 cul
1521 3804 1617 3881 prior
1638 3807 1709 3884 ipse
1737 3806 1762 3868 id

973 3896 1107 3958 duxerit
1132 3895 1384 3973 injungendum,
1408 3902 1471 3962 hoc
1493 3903 1722 3967 moderamine
1736 3905 1764 3967 iu

973 3993 1240 4057 correctionibus
1255 3995 1445 4071 observato,
1464 4002 1500 4062 ut
1522 4003 1689 4064 correctio
1705 4003 1766 4064 illo

973 4106 1046 4151 rum
1071 4092 1266 4152 delictorum
1287 4093 1470 4167 dumtaxat,
1497 4112 1640 4174 quorum
1660 4116 1766 4161 emen·

973 4187 1064 4249 datio
1088 4189 1160 4250 sine
1184 4189 1295 4265 priore
1318 4193 1499 4253 secundum
1522 4196 1649 4259 statuta
1669 4198 1765 4259 vestrl

973 4285 1099 4347 ordinis
1115 4286 1187 4349 fieri
1210 4288 1318 4363 potest
1337 4305 1397 4366 per
1417 4290 1525 4367 ipsum
1548 4299 1766 4357 correctorem

973 4382 1040 4449 flat.
1058 4384 1103 4445 ita
1126 4387 1162 4445 ut
1181 4386 1277 4461 Juxta
1298 4389 1370 4462 ejus
1390 4388 1636 4464 providentiam
1658 4392 1767 4454 clericl

973 4498 1031 4558 per
1045 4482 1196 4552 clericos,
1213 4485 1246 4543 et
1260 4485 1412 4545 conversi
1431 4501 1490 4561 per
1504 4502 1689 4552 couversos
1703 4490 1768 4552 dis-

972 4579 1184 4656 ciplinentur,
1203 4578 1258 4640 ubi
1276 4580 1339 4642 boc
1360 4597 1519 4644 excessus
1535 4588 1724 4663 exegerint,
1740 4590 1768 4649 et

971 4677 1099 4740 ordinis
1128 4677 1278 4740 instituta
1314 4680 1547 4756 requisierint,
1582 4700 1645 4746 nec
1685 4686 1768 4746 ullus

972 4775 1133 4839 laicorum
1148 4775 1287 4839 fratrum
1308 4776 1341 4837 iu
1362 4778 1641 4854 confessionibus,
1660 4785 1767 4861 poeui-

970 4873 1096 4945 tentiis,
1113 4873 1236 4934 divinis
1251 4873 1368 4937 officiis
1381 4875 1604 4951 celebrandis,
1622 4884 1656 4943 et
1670 4884 1770 4943 corri-

970 4969 1086 5046 gendis
1107 4969 1299 5037 excessibus
1322 4972 1520 5037 clericorum
1542 4976 1692 5054 aliquam
1708 4981 1768 5042 sibi

970 5067 1201 5133 auctoritatem
1226 5070 1372 5144 usurpet,
1399 5069 1456 5130 sed
1481 5071 1690 5138 haecomnia
1714 5093 1769 5154 per

970 5164 1114 5242 priorem
1135 5168 1168 5231 et
1189 5168 1421 5240 correctorem,
1448 5168 1535 5231 sicut
1559 5177 1769 5248 praenuntia·

970 5265 1039 5323 tum
1061 5265 1121 5334 est,
1146 5264 1358 5343 impleantur.
1383 5267 1608 5349 Quacumque
1633 5277 1768 5351 peccata

969 5359 1091 5435 aliquis
1107 5360 1246 5422 fratrum
1260 5363 1464 5426 commiserit
1475 5363 1578 5426 alicui
1589 5370 1766 5442 sacerdoti,

969 5456 1115 5536 quicum
1131 5475 1170 5520 eo
1186 5458 1286 5524 fuerit
1301 5459 1334 5519 in
1347 5476 1408 5526 sua
1423 5461 1556 5534 cellula,
1573 5480 1614 5526 ea
1631 5467 1769 5530 conflte-

969 5556 1068 5626 bitur,
1085 5571 1146 5617 nec
1161 5557 1325 5634 oportebit
1341 5574 1416 5619 eum
1432 5559 1472 5621 de
1488 5562 1691 5626 necessitate
1705 5566 1768 5626 cel·

970 5656 1072 5716 lulam
1081 5655 1257 5719 occasione
1268 5655 1417 5720 dicendae
1427 5658 1650 5723 confessionis
1660 5664 1763 5736 exire,
