3774 6186
182 280 242 342 ⁷23

185 457 221 502 00
234 440 394 518 quasdam
406 441 634 517 possessiones
645 443 722 518 jure
736 441 777 502 ad
790 441 978 503 000010000-

94 615 97 627 .
185 537 977 615 ditariopertinentesvenerabiliiratrinostro...

186 635 411 712 salisburgen.
426 636 677 713 archiepiscopo
699 637 900 708 vendidisse,
915 655 978 715 ap-

184 734 291 810 posita
307 750 349 795 ex
368 735 462 810 parte
484 734 590 810 ipsius
605 735 751 811 episcopi
767 738 857 796 certa
881 751 978 812 poena

186 830 219 892 et
241 830 490 908 fidejussoribus
510 832 610 903 datis,
629 833 658 891 si
678 832 821 908 pretium
844 848 979 893 earum-

184 928 259 989 dem
286 944 352 989 non
376 929 564 990 solveretur
586 931 738 990 terminis
767 931 977 1003 constitutis;

186 1026 273 1087 unde
303 1026 409 1102 petiit,
435 1027 471 1088 ut
496 1026 784 1104 archiepiscopum
813 1028 921 1104 ipsum
948 1031 980 1088 et

185 1122 397 1200 fidejussores
413 1127 485 1201 ejus
507 1124 547 1185 ad
569 1124 832 1186 observationem
848 1141 981 1202 praeno-

185 1221 247 1282 tati
275 1221 464 1282 contractus
492 1237 610 1296 cogere
636 1210 861 1298 dignaremur.
886 1226 977 1294 Quo-

185 1319 275 1379 circa
313 1319 505 1380 discretioni
543 1322 662 1380 vestrae
695 1336 755 1396 per
790 1320 978 1397 Apostolica

75 1475 79 1487 ,
186 1415 309 1491 scripta
336 1416 542 1486 mandamus
571 1418 733 1493 quatenus
759 1419 897 1487 vocatis,
922 1419 977 1494 qui

185 1511 311 1574 suerint
325 1514 495 1584 evocandi,
516 1516 548 1574 01
569 1514 693 1574 auditis
708 1514 786 1574 binc
803 1514 880 1574 inde
896 1533 976 1591 pro-

186 1610 318 1686 positis,
347 1611 432 1686 quod
458 1612 584 1687 justum
612 1612 727 1683 suerit,
756 1612 979 1688 appellatione

186 1708 378 1784 postposita,
396 1709 560 1778 statuatis,
577 1708 735 1770 iacientes
751 1710 837 1786 quod
857 1710 977 1771 decre-

184 1803 312 1874 veritis,
338 1806 535 1867 auctoritate
565 1808 679 1866 nostra
701 1807 840 1867 tirmiter
864 1807 979 1868 obser-

184 1899 269 1960 vari.
289 1900 379 1971 Quod
403 1901 432 1960 01
450 1916 515 1961 000
539 1917 653 1961 omnes
678 1902 730 1961 his
756 1903 978 1979 exsequendis

184 1995 358 2073 potueritis
393 1996 570 2068 interesse,
601 2000 652 2069 tu,
682 1998 785 2059 100100
811 2000 976 2077 episcope,

125 2136 132 2143 -
185 2108 390 2154 cumeorum
406 2093 511 2155 altero
526 2111 565 2155 00
581 2095 798 2157 nihilominus
813 2112 979 2174 exsequa-

185 2189 243 2250 ris.
260 2191 377 2251 Datum
396 2193 562 2264 Laterani,
584 2195 644 2253 ΧΠ
666 2193 827 2257 kalendas
852 2196 976 2269 martii,

186 2287 399 2363 pontificatus
412 2290 518 2350 nostri
533 2305 621 2351 anno
636 2289 761 2367 quintu.

480 2501 684 2588 CCLXXII

284 2645 335 2704 Ad
352 2645 644 2717 archiepiscopum
663 2647 875 2704 Reitzenscnz.

475 2765 507 2820 19
524 2763 593 2821 febr.
610 2766 688 2821 titi.

216 2879 333 2941 [Roqest.,
345 2878 391 2928 tib.
402 2880 433 2936 V,
446 2879 521 2942 epist.
534 2879 590 2928 118.
608 2881 663 2929 11100.
675 2881 711 2930 La
723 2881 796 2930 Porta
808 2881 842 2930 du
851 2881 944 2942 Theti]

182 2985 278 3041 100110
288 2983 313 3042 01
325 2984 443 3042 mandat
452 2993 479 3042 et
490 2987 616 3058 praecipit
624 2993 654 3042 ut
664 2986 776 3044 cinthio
785 2987 899 3055 clerico,
910 2995 977 3043 nuto

219 3072 326 3131 Odonis
352 3072 387 3130 de
415 3075 518 3131 Sancto
550 3074 714 3144 Eustachio‚
739 3075 920 3147 praebendam
948 3077 976 3133 in

218 3162 309 3235 ipsius
323 3162 445 3220 ecclesia
457 3162 595 3220 00010001.

223 3280 400 3350 Ηο000100,
430 3281 505 3350 010,
534 3280 716 3342 venerabili
743 3280 838 3342 tratri
865 3283 977 3342 archi-

183 3376 339 3453 episcopo
356 3380 492 3438 Remen.

224 3476 305 3535 Ecce
315 3477 384 3551 jam
395 3474 506 3545 tertio,
520 3475 606 3536 sicut
618 3476 817 3551 accepimus,
832 3493 891 3553 pro
905 3479 977 3538 Cin-

182 3566 253 3628 1110
276 3568 410 3639 0100100,
440 3569 517 3629 0010
546 3568 668 3628 0011110
695 3570 759 3630 viri
788 3571 911 3631 Orionis
935 3572 976 3632 de

183 3665 305 3725 Sancto
315 3665 506 3736 Eustachi0,
517 3667 576 3726 tibi
587 3667 892 3745 dirigimusscripta
904 3685 977 3730 nos·

182 3762 246 3833 tra,
260 3777 305 3822 ex
320 3778 383 3839 quo
399 3765 481 3824 satis
495 3766 552 3825 tua
572 3764 759 3840 intelligere
775 3768 881 3842 potest
897 3783 976 3843 pru-

183 3859 295 3921 dentia
311 3863 395 3938 quod
417 3861 547 3938 plenam
564 3878 663 3940 super
679 3863 769 3924 illius
786 3865 975 3940 provisione

180 3958 328 4032 gerimus
344 3959 558 4032 voluntatem,
576 3976 675 4037 quum
689 3962 822 4022 nonnisi
839 3963 878 4022 de
892 3979 977 4023 exu-

182 4055 311 4118 berauti
332 4058 490 4133 procedat
513 4059 702 4120 mandantis
728 4060 850 4121 affectu
873 4060 977 4136 repli-

181 4155 269 4215 catio
287 4155 528 4216 mandatorum.
544 4159 638 4218 Certe
654 4174 755 4233 quum
770 4173 835 4218 non
851 4158 894 4219 sit
909 4158 974 4219 du-

181 4251 272 4311 bium
291 4253 434 4314 nobilem
459 4255 566 4330 ipsum
585 4256 789 4315 antecessori
809 4237 975 4330 tuo'grata

182 4349 976 4428 obsequiaimpendisse,devoti0nemipsiuscou·

182 4463 298 4523 gruum
314 4450 346 4510 10
360 4449 454 4510 decet
474 4448 725 4509 retributionem
742 4452 896 4527 prosequi
912 4468 976 4512 me·

182 4546 333 4617 ritorum,
358 4546 489 4623 quando
505 4546 539 4605 in
555 4547 701 4622 ejusdem
722 4548 975 4622 praedecessoris

181 4645 232 4704 tui
252 4644 440 4705 successisti
465 4659 549 4704 onus
579 4644 714 4720 pariter,
746 4648 779 4705 et
802 4645 972 4707 honorem.

182 4745 287 4814 Quum
301 4757 380 4817 ergo
389 4744 460 4818 jam
476 4740 620 4805 secundo
634 4758 653 4802 a
667 4741 762 4803 nobis
778 4759 892 4819 preces
907 4761 977 4803 sus-

181 4840 321 4915 ceperis,
339 4842 372 4900 01
387 4839 589 4911 mandatum,
604 4842 638 4900 ut
653 4840 861 4916 praebendam
874 4842 907 4900 10
921 4857 977 4902 00-

179 4937 283 4997 010010
306 4940 363 4998 100
386 4938 509 4998 0100100
533 4938 703 4999 couierres
731 4939 849 5008 eidem,
866 4941 898 4999 et
919 4939 976 4999 ille

180 5034 341 5095 hacteuus
357 5035 418 5094 sub
443 5052 500 5111 spe
523 5035 735 5096 liberalitatis
756 5037 822 5097 tuae
843 5051 878 5096 se
898 5051 977 5111 pro-

178 5133 309 5192 visione
333 5133 506 5207 repererit,
535 5149 661 5210 nosque
684 5149 743 5209 pro
770 5134 843 5209 ipso
866 5134 975 5193 minus

181 5245 280 5305 quam
296 5229 446 5290 decuerit
460 5228 621 5290 fuerimus
636 5230 796 5301 exauditi,
814 5230 975 5292 10010001-

179 5327 281 5388 tatem
291 5328 382 5388 tuam
398 5326 460 5387 bac
471 5328 569 5387 tertia
580 5329 653 5388 rice
667 5344 840 5389 monemus
853 5330 886 5389 et
897 5329 977 5389 hor-

181 5426 302 5492 tamur,
318 5439 358 5482 00
374 5437 433 5498 per
451 5422 640 5497 Apostolica
656 5423 713 5483 tibi
728 5422 850 5498 scripta
867 5423 976 5483 tirmi-

183 5523 233 5579 ter
248 5521 471 5596 praecipieudo
485 5521 691 5590 mandantes,
710 5522 872 5596 quatenus
887 5537 977 5597 prae-

182 5616 340 5696 bendam,
372 5617 399 5677 si
426 5632 490 5694 qua
518 5616 552 5677 in
582 5616 724 5678 ecclesia
748 5616 835 5678 dicta
863 5619 975 5690 vacat,

799 283 977 344 HONORII
999 285 1045 343 111
1067 286 1215 346 OPERA.

1775 289 1833 347 tat

1035 442 1191 518 praedicto
1216 443 1349 515 clerico,
1367 444 1418 505 vel
1444 445 1554 506 verius
1574 444 1673 506 uobis
1695 445 1831 522 inipso,

1035 542 1208 602 concedas.
1235 542 1392 618 Alioquin
1418 558 1519 618 quum
1538 543 1625 620 quod
1647 542 1691 603 de
1714 544 1832 604 eodem

1035 638 1231 715 incoepimus
1246 639 1390 701 nolimus
1403 639 1569 701 dimittere
1582 639 1829 716 imperfectum,

1035 734 1245 811 praebendam
1260 737 1294 796 in
1310 737 1452 815 ecclesia
1466 739 1524 799 tua
1537 753 1626 799 0000
1639 741 1829 808 vacantem,

1037 833 1085 893 vel
1102 834 1132 893 01
1148 849 1214 895 000
1233 836 1340 904 vacat,
1355 835 1505 910 proximo
1520 837 1729 906 vacaturam,
1748 851 1829 896 nos·

1034 932 1095 991 trae
1110 931 1281 993 donationi
1295 946 1478 1002 servamus,
1493 932 1626 993 irritum
1642 933 1829 993 decernen-

1033 1031 1084 1089 tes
1098 1028 1255 1105 quidquid
1263 1045 1363 1104 super
1373 1029 1487 1092 eadem
1498 1032 1572 1107 post
1581 1031 1829 1106 susceptionem

1035 1126 1247 1201 praesentium
1263 1125 1362 1188 suerit
1376 1127 1584 1188 attentatum.
1597 1129 1719 1188 natum
1735 1129 1829 1188 Lata-

1033 1223 1119 1290 rani,
1131 1225 1175 1284 xl
1192 1223 1351 1284 kalendas
1363 1225 1485 1295 martii,
1495 1225 1712 1301 pontificatus
1727 1228 1826 1286 nostri

1034 1336 1122 1382 anuo
1142 1321 1268 1397 quinto.

1319 1501 1543 1586 CCLXXIII

1034 1642 1085 1700 Ad
1098 1639 1308 1712 Stephanum
1324 1641 1611 1702 Conitcariensem
1626 1644 1821 1718 archiepisc.

1321 1761 1442 1819 161010.
1462 1762 1540 1819 1121.

1035 1876 1164 1939 1111110100,
1176 1876 1286 1927 Consilia
1298 1878 1391 1941 11ος000
1404 1877 1531 1927 801100.οῑ
1542 1877 1659 1935 1111000..
1670 1883 1688 1926 t.
1702 1879 1723 1937 1,
1732 1879 1823 1943 poth]

1069 1993 1111 2049 be
1119 1990 1267 2048 beneflciis
1276 1993 1479 2050 ecclesiasticis
1491 1994 1637 2051 extraneis
1650 1994 1679 2050 in
1691 1995 1794 2067 Anglii

1199 2080 1389 2138 residentibus
1401 2096 1458 2138 uon
1473 2080 1667 2140 conterendis.

1073 2197 1239 2258 Honorius
1252 2198 1438 2274 episcopus,
1446 2215 1562 2260 servus
1573 2215 1750 2260 servorum
1759 2202 1820 2272 liei,

1032 2294 1216 2355 venerabili
1245 2295 1339 2356 fratri
1373 2297 1606 2357 cantuariensi
1638 2297 1822 2373 archiepis-

1033 2408 1126 2467 copo,
1144 2394 1267 2453 sanctae
1293 2396 1450 2454 Romanae
1474 2394 1632 2455 Ecclesiae
1653 2395 1821 2465 cardinali,

1034 2491 1173 2550 salutem
1189 2492 1222 2552 01
1236 2491 1452 2566 apostolicam
1468 2491 1748 2553 benedictionem.

1074 2589 1153 2646 Cum
1166 2587 1213 2655 hi,
1224 2589 1280 2664 qui
1297 2589 1372 2648 sedi
1386 2589 1584 2664 apostoncae
1597 2592 1757 2666 tanquam
1772 2607 1823 2651 ca·

1034 2683 1093 2759 piti
1105 2685 1261 2746 Ecclesiae
1274 2686 1442 2761 generalis
1458 2685 1600 2748 fideliter
1614 2686 1820 2758 famulantur,

1032 2781 1174 2856 siugulis
1188 2784 1283 2858 quasi
1299 2783 1455 2844 membris
1472 2784 1596 2846 utiliter
1607 2786 1737 2845 servire
1753 2800 1823 2860 pro-

1032 2878 1164 2949 bentur,
1186 2879 1322 2954 dignum
1338 2882 1388 2942 est
1407 2897 1464 2943 ecs
1480 2881 1638 2957 congruis
1658 2881 1821 2943 1000110110

1033 2976 1203 3046 10000001,
1221 2993 1264 3037 00
1283 2977 1311 3036 01
1332 2980 1459 3039 tantum
1483 2979 1630 3055 propriis
1654 2979 1822 3055 stipendiis

1034 3075 1211 3135 militantes
1229 3077 1354 3151 sperati
1374 3077 1499 3137 fructus
1519 3076 1759 3139 fraudarentur
1772 3093 1822 3138 00-

1032 3172 1134 3243 latiis,
1156 3173 1375 3234 redderentur
1396 3175 1437 3235 ad
1459 3173 1617 3251 obsequia
1638 3175 1819 3237 tardiores:

1033 3270 1119 3330 unde
1135 3270 1257 3331 iactum
1273 3274 1334 3342 001,
1351 3272 1436 3346 quod
1457 3272 1572 3332 0100101
1595 3273 1685 3348 apud
1708 3273 1818 3334 Sedem

1032 3368 1254 3443 Apostolicam
1284 3386 1350 3429 non
1370 3369 1443 3430 sine
1466 3368 1578 3430 multis
1604 3369 1773 3431 laboribus
1792 3373 1820 3430 et

1032 3465 1217 3542 sumptibus
1245 3467 1430 3528 residentes
1459 3467 1493 3527 10
1521 3468 1659 3542 Angtia,
1690 3469 1723 3530 et
1750 3467 1820 3529 aliis

1032 3564 1145 3622 mundi
1159 3564 1319 3639 partibus,
1332 3564 1561 3625 ecclesiastica
1582 3563 1747 3627 beneficia
1768 3580 1819 3642 pro

1032 3662 1179 3737 tempore
1194 3663 1272 3722 sunt
1287 3662 1411 3738 adepti,
1429 3663 1485 3738 qui
1501 3677 1741 3739 nonnunquam
1762 3663 1817 3733 his,

1031 3775 1052 3818 a
1066 3759 1185 3835 quibus
1198 3775 1237 3820 ea
1254 3758 1414 3826 obtinent,
1430 3760 1477 3820 ita
1496 3759 1681 3823 0110001100
1700 3761 1819 3823 servire

1032 3872 1091 3933 pro
1110 3858 1258 3932 tempora
1278 3857 1486 3928 studuerunt,
1511 3858 1601 3934 quod
1626 3875 1694 3922 non
1719 3859 1818 3920 minus

1031 3953 1305 4015 beneficienlibus
1318 3956 1445 4016 utiliter
1455 3957 1505 4016 001
1517 3957 1818 4032 provisumverun

1030 4053 1109 4128 quia
1136 4067 1374 4128 nonnunquam
1402 4053 1609 4115 beneficiatis
1635 4053 1817 4130 hujusmodi

1031 4150 1283 4221 decedentibus,
1311 4150 1483 4221 beneficia,
1510 4167 1584 4227 quae
1602 4151 1817 4220 obtinuerant,

1031 4248 1230 4309 inconsultis
1244 4249 1307 4316 his,
1324 4249 1365 4308 ad
1382 4265 1463 4324 quos
1473 4264 1588 4309 eorum
1600 4248 1738 4311 donatio
1751 4265 1819 4326 per-

1030 4345 1168 4416 tinebat,
1193 4342 1327 4422 plurimi
1352 4347 1386 4408 et
1411 4347 1469 4407 0111
1495 4361 1531 4406 00
1556 4346 1763 4409 difficiliores
1784 4346 1818 4408 ad

1031 4444 1267 4504 conferendum
1277 4444 1439 4504 beneficia
1457 4443 1680 4519 exhibebant3
1695 4462 1757 4507 uos
1768 4462 1820 4506 vo·

1031 4541 1138 4601 100100
1159 4556 1259 4616 super
1273 4542 1335 4602 hoc
1357 4541 1541 4602 remedium
1562 4542 1818 4617 000300010οἀ-

1031 4638 1158 4710 hibere,
1175 4654 1217 4699 ne
1230 4639 1385 4715 cuiquam
1402 4655 1463 4700 sua
1478 4638 1664 4701 liberalitas
1679 4642 1725 4704 sit
1736 4642 1821 4702 dam-

1031 4751 1124 4807 nosa,
1146 4752 1205 4813 per
1227 4753 1325 4813 quam
1350 4740 1460 4813 potius
1480 4739 1602 4800 meruit
1627 4742 1772 4815 gratiam
1792 4740 1820 4798 01

1032 4832 1194 4904 savorem,
1223 4835 1414 4906 statuimus,
1445 4839 1480 4897 ut
1507 4835 1641 4897 clericis
1671 4837 1820 4897 Ecclesia

1032 4933 1201 5002 Romanae,
1223 4933 1275 4993 vel
1291 4933 1369 4992 aliis
1384 4934 1521 5004 italicis,
1544 4934 1601 5009 qui
1618 4933 1820 5008 praebendas,

1031 5029 1083 5088 vel
1105 5030 1276 5101 ecclesias,
1300 5045 1359 5090 seu
1379 5030 1447 5090 alia
1470 5031 1700 5092 ecclesiastica
1726 5030 1823 5092 bene-

1032 5128 1107 5188 1010
1126 5127 1162 5187 10
1181 5127 1299 5202 Anglia
1320 5127 1534 5198 obtinuerint,
1557 5143 1578 5188 a
1602 5130 1702 5190 modo
1726 5129 1821 5190 dece·

1031 5225 1194 5295 dentibus,
1212 5223 1408 5300 praebendas,
1425 5226 1478 5285 vel
1499 5226 1665 5297 ecclesiae,
1683 5243 1743 5286 seu
1759 5225 1823 5286 0110

1031 5322 1191 5383 beuellcia
1217 5338 1461 5399 nequaquama
1481 5322 1577 5384 nobis
1600 5324 1653 5384 vel
1673 5324 1753 5391 alio,
1768 5323 1823 5383 illa

1032 5421 1105 5480 vice
1125 5420 1226 5480 alicui
1249 5419 1475 5491 conserantur,
1492 5420 1550 5481 sed
1569 5420 1611 5481 ad
1631 5420 1708 5480 illos
1723 5419 1825 5481 libere

1031 5518 1180 5587 redeant,
1197 5518 1238 5578 ad
1255 5535 1337 5596 quos
1359 5519 1492 5579 illorum
1507 5518 1643 5579 donatio
1658 5517 1828 5593 dignosci-

1033 5618 1086 5678 tur
1103 5615 1281 5694 peitiuere,
1295 5632 1355 5694 per
1367 5633 1425 5678 eos
1439 5615 1570 5679 idoneis
1586 5616 1737 5696 personis
1751 5633 1829 5679 con-
