3824 6180
469 224 483 277 l

193 310 254 372 735

194 487 264 534 suae
284 469 324 531 de
342 468 484 530 Varadel
506 468 568 529 sibi
591 465 756 538 vendicat,
777 468 810 526 et
829 465 864 525 in
889 466 988 526 terris

195 569 302 646 ipsius
323 582 426 628 novas
449 566 547 626 uillas
572 569 693 641 praeter
715 567 787 640 ejus
812 579 988 625 assensum

196 666 338 728 aedificat
363 664 473 724 minus
488 663 589 740 juste,
612 664 644 723 et
663 661 747 722 alias
769 671 894 722 temere
911 663 989 736 jura

191 763 342 841 ejusdem
358 763 506 837 usurpat,
523 775 562 820 ac
576 774 676 836 super
694 759 835 836 quadam
853 772 990 818 consue·

194 859 320 927 tudine,
340 874 413 936 quae
437 873 556 919 manus
579 857 708 917 mortua
733 856 865 926 dicitur,
882 854 987 915 eidem

195 956 377 1033 iniuriosus
388 955 548 1026 existens,
566 952 754 1014 bominibus
770 953 838 1012 suis
852 951 892 1012 de
903 954 991 1012 Con-

192 1055 292 1131 giaco
313 1052 442 1113 inhibet
461 1069 503 1112 ne
528 1050 569 1111 ad
592 1051 697 1127 ipsius
721 1050 904 1111 exercitum
926 1065 988 1109 ve-

92 1188 99 1193 -
195 1151 302 1223 niant,
319 1153 355 1211 ut
366 1150 530 1234 tenentur,
545 1149 598 1208 liis
613 1147 734 1209 talibus
748 1148 853 1208 medis
869 1147 989 1207 damna

195 1248 312 1326 gravia
327 1248 360 1309 et
377 1247 517 1323 injurias
532 1244 721 1320 irrogando.
739 1246 822 1316 Quia
837 1260 916 1305 vero
931 1259 992 1304 no-

196 1345 249 1407 bis
273 1360 339 1407 non
362 1343 508 1406 constitit
527 1343 567 1403 de
587 1342 779 1419 praemissis,
798 1341 989 1402 discretioni

195 1444 316 1506 uestra
341 1457 401 1519 per
423 1440 611 1517 apostolica
643 1440 765 1516 scripta
795 1438 990 1498 mandamus

197 1543 372 1620 quatenus,
382 1538 530 1615 partibus
543 1537 747 1607 convocatis,
758 1536 902 1597 audiatis
916 1552 992 1596 cau·

196 1652 281 1707 sam,
306 1636 339 1696 et
362 1633 447 1710 quod
470 1633 596 1709 Justum
628 1632 738 1702 fuerit,
769 1630 992 1707 appellatione

198 1731 392 1810 postposita,
412 1730 577 1801 statuatis,
595 1728 753 1789 facientes
767 1727 855 1803 quod
871 1728 992 1787 statue

198 1829 274 1891 ritis
296 1827 492 1889 auctoritate
513 1826 627 1886 nostra
648 1825 787 1885 tirmiter
805 1823 989 1885 observari.

199 1926 314 1987 Testes
338 1924 448 1985 autem
468 1922 524 2000 qui
549 1923 672 1983 inerint
697 1922 869 1994 nominati,
887 1936 929 1982 ne
956 1936 992 1981 se

196 2023 419 2100 gratianum
443 2021 495 2082 vel
523 2021 641 2082 timore
668 2019 905 2091 subtraxerint,
934 2035 993 2096 per

200 2135 376 2182 censuram
397 2117 668 2189 ecclesiasticam,
685 2117 907 2194 appellatione
925 2132 993 2177 ces·

198 2219 306 2289 sante,
324 2217 449 2293 cogatis
472 2216 606 2278 veritati
628 2216 853 2277 testimonium
878 2214 993 2290 perhi-

199 2315 289 2378 bere.
309 2314 399 2387 Quod
421 2315 450 2375 si
469 2329 536 2374 nen
560 2328 673 2374 omnes
695 2313 749 2373 his
773 2310 992 2388 exsequendis

90 2474 93 2478 .
199 2412 374 2490 potueritis
391 2411 563 2482 interesse,
580 2410 646 2471 duo
660 2412 807 2471 vestrum
821 2408 993 2469 nibilomi-

201 2525 264 2571 nus
277 2510 513 2585 exsequantur.
527 2509 645 2568 Datum
656 2507 823 2578 Laterani,
832 2509 906 2567 Vlll
917 2505 992 2565 idus

200 2606 323 2678 martii,
338 2604 548 2682 pontificatus
563 2604 670 2665 nestri
685 2620 773 2665 anno
789 2603 916 2680 quinto.

461 2789 734 2878 dclxxxvii

202 2927 253 2987 Ad
270 2925 510 2998 patriarchum
529 2924 940 2996 Cotutcnttneopolitanam
960 2921 993 2982 et

240 3025 434 3097 episcopum
454 3023 740 3083 salembricnsem
760 3034 801 3081 cc
820 3023 994 3082 arcisinio-

240 3134 363 3182 cottum
377 3119 551 3180 Coetstunt.

491 3233 509 3289 8
524 3239 606 3290 mart.
625 3231 702 3290 last.

217 3338 264 3406 [Ex
277 3353 324 3390 ms.
338 3338 467 3395 Vaticano,
477 3338 521 3388 lib.
534 3340 565 3399 V,
578 3338 622 3388 iol.
636 3338 676 3395 sd,
690 3339 762 3402 epist.
774 3338 828 3388 tas.
842 3337 977 3402 llaynald„

339 3411 370 3460 ad
380 3425 441 3460 ann.
455 3411 525 3469 itit,
537 3410 549 3472 5
563 3411 602 3468 28,
616 3410 658 3458 sed
672 3424 724 3459 non
735 3410 855 3474 integra]

200 3508 435 3570 constitutionem
462 3507 629 3580 synodalem
655 3521 671 3564 a
697 3507 830 3580 Pelagio,
859 3508 994 3580 episcopo

236 3597 390 3655 albanensi
412 3595 528 3663 editam,
546 3594 612 3651 dum
632 3595 785 3667 legationis
806 3610 924 3652 munere
940 3594 994 3652 illis

237 3686 266 3741 in
290 3683 454 3757 regionibus
474 3682 649 3755 iungeretur,
673 3683 766 3754 ipsum
791 3683 992 3756 (patriarcham

236 3769 589 3843 constantinopolitanum)
606 3777 691 3843 atque
705 3772 870 3844 episcopum
890 3772 990 3829 Salim·

235 3861 378 3918 briensem
392 3858 563 3918 servandam
576 3874 676 3917 curare
686 3859 776 3932 jubet.

240 3970 418 4041 Honorius,
442 3969 517 4042 etc,
541 3969 739 4046 patriarchae
761 3970 993 4032 Constantino·

200 4069 346 4146 polliano
361 4069 394 4129 et
413 4067 567 4144 episcopo
584 4067 800 4128 Salemhrien.
816 4070 849 4129 et
863 4068 990 4128 archid.

201 4165 575 4241 Constantinopolitano.

238 4264 287 4325 nd
304 4261 506 4324 audientiam
529 4264 675 4323 nostram
691 4262 852 4323 noveritis
870 4279 991 4339 perre-

201 4361 301 4431 nisse‚
328 4359 413 4436 quod
436 4375 509 4419 cum
532 4358 733 4420 venerabilis
757 4359 860 4421 irater
881 4363 993 4421 noster

200 4462 237 4520 P.
256 4456 453 4520 albanensis
475 4457 660 4532 episcopus,
683 4457 760 4516 dum
783 4458 816 4518 in
844 4458 992 4534 partibus

200 4555 370 4618 Romaniae
381 4552 674 4628 legationisoiticio
683 4553 887 4630 stringeretur,
897 4573 993 4632 syuo-

199 4652 267 4714 dali
294 4652 424 4713 decreto
452 4651 604 4721 vetuerit,
627 4668 668 4712 ne
699 4667 848 4727 personae
871 4653 991 4729 aliquae

198 4750 275 4812 aliae
288 4765 386 4826 quam
399 4748 542 4809 inunctas
559 4749 850 4824 processionaliter
862 4750 992 4826 recipe-

198 4849 315 4909 rentur
335 4845 458 4907 alicubi
480 4847 514 4905 in
536 4845 685 4921 partibus
701 4846 887 4918 antedictis
902 4849 935 4908 et
950 4863 991 4907 ne

198 4945 283 5007 lecto
306 4943 484 5018 Evangelio
509 4943 593 5004 liber
612 4943 652 5003 ad
675 4943 891 5004 osculandum
915 4944 991 5005 aliis

198 5057 296 5121 quam
312 5041 462 5118 persenis
477 5040 663 5102 deferretur
684 5040 841 5112 inunctis,
858 5042 991 5119 quidam

198 5141 355 5202 statutum
376 5138 565 5214 hujusmodi
579 5140 703 5199 temere
717 5138 844 5199 violare
864 5154 992 5216 praesu-

198 5241 291 5300 munt
312 5237 346 5298 in
368 5236 561 5297 scandalum
583 5236 736 5296 aliorum.
755 5235 895 5313 ideoque
916 5237 990 5297 dis-

196 5335 336 5397 cretioni
351 5334 417 5395 tuae
438 5350 497 5410 per
510 5333 699 5408 apostolica
714 5334 837 5410 scripta
853 5334 992 5395 manda-

197 5449 270 5494 mus
281 5434 442 5510 quatenus
457 5447 526 5502 eos,
540 5431 596 5506 qui
606 5433 722 5492 contra
735 5432 990 5507 prohibitionem

197 5529 396 5606 hujusmodi,
427 5528 715 5590 honorificentiam
747 5529 898 5606 personis
925 5547 991 5592 non

197 5628 342 5689 inunctis
370 5625 528 5687 exhibere
555 5629 769 5703 praesumunt,
801 5626 841 5688 ab
870 5627 990 5705 hujus-

809 303 985 366 HONORII
1007 306 1051 365 111
1073 303 1221 371 OPERA.
1778 299 1833 358 536

1044 465 1132 525 modi
1174 462 1432 541 praesumptione
1469 475 1617 533 cessare,
1657 452 1834 522 monitione

1043 562 1226 639 praemissa,
1237 577 1297 637 per
1308 574 1482 622 censuram
1495 557 1769 628 ecclesiasticam,
1779 573 1836 633 ap-

1044 659 1221 736 pellatione
1240 660 1366 719 remota
1388 672 1590 733 compescas.
1614 654 1753 728 Quodsi
1773 671 1836 715 non

1044 773 1169 827 omnes,
1192 757 1257 817 duo
1276 757 1432 826 restrum,
1451 756 1512 816 etc.
1529 754 1649 814 Datum
1670 753 1834 824 Laterani,

1044 858 1118 917 Vlll
1139 854 1213 915 idus
1229 855 1353 926 martii,
1370 852 1460 930 pont.
1478 852 1583 913 nostri
1608 865 1698 911 anno
1714 850 1834 927 quinto.

1046 999 1113 1054 lianc
1128 997 1187 1068 ipsa
1199 995 1316 1067 epistola
1332 1009 1386 1065 qua
1402 999 1545 1050 vetaretur
1556 1006 1593 1048 ne
1606 991 1652 1047 cui
1667 991 1796 1063 principi,
1811 992 1837 1046 ni

1080 1081 1163 1123 sacro
1186 1067 1250 1123 oleo
1275 1067 1407 1121 inunctus
1430 1070 1515 1131 esset,
1541 1062 1679 1135 religioso
1705 1061 1838 1118 instructo

1081 1139 1208 1211 agmine,
1234 1136 1352 1192 horroris
1373 1136 1474 1207 gratia,
1502 1132 1617 1190 obviam
1642 1133 1747 1201 iratum
1770 1147 1838 1188 nere

1080 1209 1154 1265 lecte
1170 1208 1327 1278 Evangelio
1347 1205 1417 1261 liber
1437 1203 1647 1261 exosculandas
1667 1201 1836 1269 delassatum

1082 1295 1115 1335 ac
1130 1294 1166 1334 ue
1181 1279 1270 1334 saeris
1289 1276 1435 1334 ordinibus
1448 1275 1550 1332 initiati
1562 1272 1725 1332 tabellionis
1739 1284 1838 1330 inuitus

1081 1350 1203 1408 obirent.

1085 1472 1128 1528 In
1143 1470 1260 1528 eedem
1271 1469 1368 1527 nicode
1379 1464 1536 1540 scriptum
1547 1464 1598 1524 est
1610 1464 1759 1538 utsupra
1775 1461 1839 1522 eis-

1047 1562 1119 1626 dem
1133 1579 1260 1638 nsque:
1273 1561 1426 1639 synodali
1436 1561 1569 1622 decreto
1582 1559 1739 1631 vetuerit,
1800 1575 1837 1618 ne

1047 1664 1120 1739 quis
1136 1664 1170 1722 in
1187 1662 1292 1722 sacris
1315 1659 1487 1720 ordinibus
1508 1657 1708 1719 constitutus
1732 1656 1836 1717 tabel-

1047 1760 1190 1820 lionatus
1206 1758 1352 1819 oisscium
1370 1757 1552 1818 exerceret.
1570 1753 1763 1831 Presbpteri
1777 1757 1839 1815 l'e·

1047 1858 1211 1918 netiarum
1226 1856 1327 1917 etalii
1343 1854 1563 1916 consistentes
1577 1852 1612 1912 in
1625 1852 1733 1912 sacris
1748 1851 1837 1912 ordi-

1047 1955 1144 2016 nibus
1160 1952 1377 2015 nihilominus
1396 1965 1553 2012 exercere
1568 1952 1776 2027 praesumunt
1786 1949 1836 2009 oi-

1047 2053 1157 2114 ficium
1168 2047 1837 2125 memoratumsesuperhocApostolicum

1047 2150 1170 2211 babere
1197 2148 1407 2226 priuilegium
1428 2146 1637 2208 mentientes.
1664 2145 1742 2206 Ideo
1770 2145 1837 2204 dis-

1047 2248 1186 2310 cretioni
1202 2249 1322 2308 restrae
1334 2261 1393 2321 per
1407 2243 1596 2321 apostolica
1611 2243 1736 2319 scripta
1750 2258 1838 2303 man-

1047 2347 1175 2417 damus,
1192 2345 1355 2422 quatenus
1376 2341 1587 2419 presbyteros
1601 2341 1693 2418 ipsos
1708 2342 1743 2402 et
1759 2340 1838 2401 alios

1048 2445 1083 2505 ut
1106 2441 1147 2504 ab
1174 2441 1363 2520 hujusmodi
1391 2438 1650 2516 praesumptione
1683 2436 1840 2499 desistant

1047 2540 1228 2602 monitione
1249 2539 1434 2615 praemissa,
1456 2550 1713 2613 percensuram
1736 2535 1840 2596 eccle·

1048 2637 1226 2707 siasticam,
1244 2635 1466 2712 appellatione
1482 2635 1619 2704 remota,
1636 2633 1770 2708 cognita
1785 2647 1840 2693 ve-

1047 2736 1145 2796 ritate
1158 2734 1295 2810 cogatis.
1317 2732 1407 2804 Quod
1422 2732 1450 2791 si
1464 2746 1529 2792 non
1541 2746 1668 2802 omnes,
1683 2730 1749 2791 due
1763 2745 1838 2790 res-

1046 2836 1145 2901 trum,
1157 2835 1219 2892 etc.
1236 2831 1354 2892 Datum
1368 2830 1403 2891 ut
1417 2844 1529 2906 supra,
1544 2830 1606 2889 etc.

1296 2999 1592 3088 dclxxxviii

1048 3140 1099 3198 Ad
1120 3135 1274 3197 nbbotcna
1291 3138 1325 3196 S.
1348 3135 1607 3204 Bartltoiontoet,
1627 3135 1667 3194 A.
1688 3134 1730 3193 de
1750 3135 1838 3193 Heln

1108 3239 1149 3294 P.
1162 3237 1203 3294 dc
1216 3235 1309 3305 cept,
1324 3235 1505 3293 eniseutccs
1517 3232 1776 3292 Noutomcnscs.

1330 3345 1363 3400 {0
1382 3351 1464 3399 mart.
1484 3343 1561 3401 tati.

1081 3453 1200 3517 [aegest.
1213 3452 1256 3502 lib.
1269 3453 1300 3510 V,
1310 3451 1384 3515 epist.
1396 3449 1451 3503 468.
1465 3450 1521 3498 llss.
1535 3450 1572 3499 La
1582 3450 1658 3499 Porte
1671 3448 1705 3498 du
1720 3447 1811 3511 ituit]

1048 3551 1117 3610 Cum
1139 3550 1309 3607 llorineusis
1329 3549 1480 3620 episeopus
1499 3554 1641 3604 assereret
1655 3548 1685 3603 P.
1700 3545 1838 3618 preposi-

1083 3638 1141 3687 tum
1158 3631 1253 3686 Snncti
1269 3628 1433 3687 audomari.
1453 3627 1582 3684 ecclesiae
1601 3640 1662 3683 suta
1682 3625 1839 3682 custodiam

1083 3725 1147 3767 cum
1164 3724 1273 3766 annexa
1291 3706 1443 3779 prebenda
1459 3707 1489 3762 P.
1506 3706 1610 3762 clerice
1625 3712 1747 3762 uxorato
1761 3702 1840 3762 tradi-

1084 3787 1170 3855 disse,
1190 3787 1269 3859 jnbet
1291 3794 1321 3843 ut
1341 3785 1375 3843 de
1397 3785 1516 3842 veritate
1539 3784 1695 3856 inquirant,
1719 3791 1748 3839 et
1768 3779 1839 3855 quod

1082 3869 1252 3925 canonicum
1269 3867 1352 3923 luerit
1369 3871 1503 3923 statuant.

1088 3976 1267 4046 Honorius,
1277 3977 1351 4048 etc,
1363 3973 1493 4034 dilectis
1508 3972 1586 4032 liliis
1601 3970 1714 4032 abbati
1729 3968 1838 4031 Sancti

1048 4073 1292 4142 Bartlielomai,
1310 4077 1346 4132 Α.
1369 4071 1409 4132 de
1429 4072 1513 4131 llam
1535 4071 1567 4130 et
1589 4070 1689 4130 Petro
1706 4068 1747 4128 de
1762 4066 1837 4143 Capi

1047 4171 1217 4233 canonicis
1231 4171 1427 4230 Noviomen.

1088 4271 1153 4328 Sua
1171 4267 1265 4327 nobis
1282 4266 1483 4327 uenerabilis
1498 4263 1728 4326 fraternester
1740 4260 1838 4323 bleri-

1047 4366 1160 4426 nensis
1175 4364 1348 4440 episcopus
1363 4362 1608 4438 significatione
1629 4357 1836 4426 monstravit,

1047 4464 1132 4540 qued
1156 4466 1192 4523 P.
1214 4462 1410 4537 praepositus
1430 4459 1580 4521 ecclesia
1601 4457 1714 4518 Sancti
1731 4454 1839 4517 Aride-

1047 4561 1130 4621 mari
1149 4575 1217 4619 suae
1240 4559 1404 4629 dioecesis,
1422 4557 1606 4618 custodiam
1621 4553 1771 4632 ejusdem
1785 4567 1839 4613 ec-

1047 4658 1158 4719 clesiae
1174 4673 1248 4717 cum
1259 4672 1391 4717 annexa
1402 4655 1466 4715 sibi
1477 4652 1656 4731 praebenda
1670 4654 1706 4712 P.
1719 4650 1836 4712 clerice

1047 4758 1209 4816 Morinen.
1231 4754 1383 4815 dioecesis
1408 4751 1548 4814 contulit
1567 4750 1722 4820 uxorato,
1742 4761 1837 4823 super

1047 4869 1110 4930 que
1122 4869 1141 4913 a
1153 4852 1248 4913 nobis
1259 4851 1353 4928 petiit
1366 4850 1453 4910 idem
1464 4850 1641 4926 episcopus
1653 4844 1836 4923 provideri;

1047 4951 1202 5027 quocirca
1218 4948 1412 5010 discretioni
1430 4948 1552 5008 vestrae
1573 4959 1633 5021 per
1652 4942 1837 5019 apostolica

1047 5048 1169 5123 scripta
1182 5046 1375 5107 mandamus
1385 5047 1561 5122 quatenus,
1569 5040 1731 5118 inquisita
1742 5053 1839 5115 super

1046 5144 1108 5206 boc
1125 5144 1317 5219 diligentius
1332 5143 1484 5211 veritate,
1501 5139 1530 5200 si
1546 5138 1640 5200 vobis
1655 5135 1839 5199 constiterit

1045 5242 1091 5303 ita
1112 5257 1196 5312 esse,
1213 5241 1336 5302 dictam
1358 5237 1541 5299 custodiam
1560 5251 1636 5297 oum
1662 5232 1838 5311 praebenda

1046 5339 1167 5400 clerico
1201 5337 1415 5408 subtrahatis,
1440 5338 1474 5396 et
1498 5333 1660 5401 eamdem,
1688 5345 1839 5408 personae

1046 5436 1173 5497 idoneae
1188 5434 1422 5497 conferendam
1439 5428 1603 5511 [curetisl.
1622 5429 1717 5501 Quod
1733 5429 1761 5489 si
1777 5443 1839 5488 non

1046 5550 1171 5605 omnes,
1188 5534 1250 5595 etc.
1261 5534 1379 5594 Datum
1395 5527 1611 5597 Laterani‚Vl
1623 5527 1701 5588 idus
1717 5525 1838 5596 martii,

1046 5631 1257 5710 pontilicatus
1272 5629 1378 5692 nostri
1391 5643 1478 5689 auno
1492 5625 1620 5703 quinte.
