3774 6186
114 263 154 323 23
729 255 906 318 Hortoatl
929 253 973 312 111
994 238 1144 312 OPERA.
1730 247 1763 305 ’.ΙΙ

116 423 193 484 talis
212 420 263 502 (o)
287 435 326 487 ac
354 421 482 484 militiae
505 418 632 496 Templi
657 414 706 499 (b)
729 417 762 480 et
782 415 913 479 Sanctae
966 425 1145 487 expensas,
1181 406 1439 487 presentialiter
1469 408 1580 470 tamen
1618 405 1763 484 quinque

115 520 231 582 Mariae
259 520 514 581 'feutonieorum
544 516 590 598 (c)
623 512 912 593 ierosolymitani,
968 507 1073 568 millia
1093 522 1280 568 marcarum
1300 505 1515 577 contulimus,
1535 503 1683 581 amplius
1707 501 1765 562 col

116 617 184 678 dnx
198 617 341 678 nustriae
357 615 406 696 (d)
423 616 456 678 et
478 616 632 693 princeps
656 613 822 676 exercitus
847 613 915 672 llo·
969 604 1082 677 laturi.
1113 605 1142 664 Si
1165 604 1239 681 Plus
1261 602 1457 664 subtrahere
1477 602 1561 663 sorte
1587 600 1765 678 poterimus

117 731 300 786 manorum,
331 715 456 791 aliique
477 713 607 791 praelati
631 714 664 775 et
685 712 855 787 magnates
880 708 915 768 in
968 703 1126 781 expensis
1146 701 1368 763 familiaribus
1392 701 1425 762 et
1446 700 1522 761 aliis
1546 715 1632 777 quas
1651 712 1765 759 neces-

117 811 290 873 obsidione
304 810 462 888 praedicta
479 811 598 873 litteris
611 810 681 871 suis
696 812 731 870 et
749 806 913 885 precibus,
970 800 1060 862 sario
1074 799 1186 861 facere
1204 814 1264 859 nos
1277 799 1417 874 oportet.
1441 798 1488 858 lid
1506 797 1578 858 haee
1594 795 1765 871 diligentia

116 923 190 986 quae
206 908 336 985 lapidea
351 908 450 970 etlam
461 909 561 970 corda
569 907 722 970 emollire
731 904 865 983 possent
873 903 914 965 ad
969 899 1080 960 restra
1095 912 1210 958 eorum
1226 911 1299 973 qum
1310 898 1380 973 jam
1403 894 1541 956 collecta
1557 895 1636 955 sunt
1650 893 1686 953 et
1700 906 1765 968 qua

118 1006 293 1084 lacrymas,
310 1006 405 1067 nobis
417 1006 659 1069 instantissime
674 1003 913 1080 supplicarunt,
971 994 1169 1070 colligentur
1183 995 1219 1055 in
1234 994 1413 1070 posterum,
1429 993 1548 1069 atquae
1564 991 1669 1052 missa
1682 991 1764 1060 sunt

119 1105 166 1176 ut,
183 1119 258 1164 cum
270 1118 425 1181 expensae
436 1120 518 1182 quas
535 1103 685 1164 fecerunt
699 1102 733 1163 et
741 1100 868 1162 faciunt
882 1098 917 1160 in
970 1096 1004 1156 et
1017 1108 1091 1171 quae
1111 1091 1326 1171 praesentium
1346 1090 1507 1153 latoribus
1522 1087 1706 1165 contigerit
1717 1103 1768 1148 as·

115 1200 281 1263 machinis
289 1203 321 1262 el
335 1201 452 1277 galeis,
469 1215 509 1263 ac
530 1200 590 1263 alii
612 1197 724 1261 bellici
752 1197 913 1274 sumptus,
971 1191 1111 1267 signari,
1128 1190 1345 1269 quantitatem
1360 1189 1522 1261 attendat,
1538 1189 1574 1250 et
1585 1202 1662 1249 eam
1677 1184 1767 1247 nobis

117 1313 176 1360 eos
191 1297 331 1375 pecunia
347 1298 395 1361 sic
409 1298 638 1370 exhauserint,
665 1299 702 1359 ut
721 1295 804 1358 viris
829 1293 917 1356 bello
971 1290 1067 1350 curet
1081 1288 1223 1350 fideliter
1235 1288 1402 1350 iutimare.
1807 1360 1810 1367 Ι

119 1395 276 1467 strenuis,
308 1395 365 1474 qni
389 1412 448 1473 pro
477 1396 607 1459 defectu
631 1410 744 1456 rerum
767 1406 917 1455 remeare
1012 1388 1100 1448 Sane
1110 1386 1192 1447 illud
1204 1385 1267 1447 sub
1276 1385 1409 1447 silentio
1423 1382 1693 1462 praetereundum
1708 1397 1769 1443 non
1813 1428 1815 1455 ,

118 1494 292 1569 coguntur,
301 1492 690 1555 necessariaministrare
700 1506 767 1552 non
776 1489 915 1567 possint,
971 1481 1139 1553 duximus,
1163 1481 1249 1559 quod
1271 1481 1476 1559 patriarcba,
1497 1480 1639 1556 legatus,
1656 1478 1728 1540 dux
1740 1481 1770 1539 et

117 1591 151 1652 et
164 1589 214 1651 sic
228 1591 396 1653 exereitus
409 1591 568 1668 paulatim
580 1589 727 1668 quotidie
738 1586 916 1657 dilabatur,
973 1579 1137 1656 princeps,
1154 1578 1279 1655 aliique
1295 1578 1424 1654 praelati
1439 1580 1471 1639 et
1483 1578 1658 1653 magnates
1672 1591 1769 1637 exer-

119 1686 169 1749 eis
179 1689 253 1764 post
262 1691 366 1750 Deum
376 1688 411 1749 in
419 1688 674 1750 cismarinorum
681 1684 916 1747 auxiliototam
972 1677 1069 1748 citus,
1081 1677 1151 1736 suis
1164 1675 1259 1737 nobis
1275 1675 1395 1737 litteris
1409 1676 1606 1737 intimarunt
1618 1689 1659 1735 ea
1674 1688 1770 1751 super

117 1800 210 1861 spem
223 1800 316 1846 suam
326 1784 524 1847 habentibus
534 1782 807 1844 iambellatorum
818 1794 917 1858 quam
972 1772 1091 1852 quibus
1107 1773 1309 1835 detractores
1324 1776 1392 1834 Deo
1412 1772 1552 1834 odibiles
1569 1772 1684 1833 conati
1699 1774 1771 1832 sunt

119 1882 268 1958 meoniae
308 1897 503 1943 succursum
540 1879 673 1942 mittere
710 1877 915 1940 festinemus.
972 1869 1230 1933 carissimumin
1249 1871 1380 1932 Christo
1394 1869 1497 1930 filiium
1513 1872 1664 1932 nostrum
1680 1866 1769 1947 W)

119 1979 293 2039 Monemus
321 1978 423 2054 igitur
444 1977 695 2039 universitatem
714 1976 860 2036 vestram
884 1977 918 2036 et
971 1967 1288 2044 lerosolymitanum
1298 1983 1410 2043 regem
1424 1967 1603 2043 illustrem,
1615 1966 1650 2027 et
1663 1965 1770 2026 dilec-

121 2074 333 2137 obsecramus
346 2089 406 2151 per
415 2071 823 2151 aspersionemsanguinis
837 2074 917 2134 iesu
971 2067 1022 2128 tos
1042 2064 1129 2126 filios
1144 2065 1349 2142 Templarios
1369 2066 1403 2126 et
1423 2063 1668 2141 Hospitalarios
1686 2063 1770 2124 infa-

116 2170 253 2244 ssbristi,
278 2171 334 2249 qui
354 2186 414 2248 pro
424 2169 518 2231 vobis
533 2168 670 2231 tradidit
690 2169 917 2246 semetipsum,
972 2179 1075 2236 mare,
1097 2163 1188 2225 omni
1209 2163 1313 2224 fuisse
1332 2179 1438 2224 vacua
1458 2162 1615 2234 veritate,
1631 2160 1692 2238 qui
1711 2176 1771 2220 non

118 2267 299 2344 quatenus,
336 2267 495 2344 ponentes
532 2268 611 2329 ante
641 2266 757 2330 oculos
796 2269 916 2330 restrae
972 2262 1079 2324 solum
1101 2276 1216 2323 eorum
1232 2261 1394 2321 excusant
1415 2259 1641 2321 innocentiam
1660 2258 1697 2319 in
1713 2257 1772 2320 bae

118 2365 239 2428 mentis
251 2366 409 2443 quantum
428 2364 586 2441 gaudium
608 2366 800 2443 quarumque
820 2365 918 2426 exul·
972 2361 1076 2436 parte,
1091 2357 1423 2429 ve1·umetiam,iltos
1443 2356 1674 2433 multipliciter
1688 2371 1772 2419 com·

118 2463 201 2524 tatio
213 2462 278 2524 erit
287 2462 388 2541 justis
402 2462 437 2523 in
449 2461 599 2534 Domino,
616 2462 645 2523 si
660 2464 802 2539 coeptum
814 2477 918 2537 nego-
971 2455 1359 2527 mendantes,aseribere
1373 2454 1528 2516 ridentur
1536 2453 1701 2516 miraculo
1713 2469 1773 2514 ex·

116 2559 200 2621 tium
214 2559 325 2633 finem,
336 2560 528 2637 insedente,
543 2559 698 2623 babuerit
712 2560 916 2637 exoptatum,
971 2569 1092 2631 pensas
1107 2569 1191 2631 quas
1207 2554 1355 2615 fecerunt
1371 2557 1404 2615 et
1418 2552 1546 2614 faciunt
1557 2568 1618 2629 pro
1640 2552 1773 2628 negotio

118 2658 153 2735 et
166 2657 253 2734 apud
268 2673 328 2720 ros
341 2658 563 2734 recogitantes
583 2673 602 2719 e
626 2659 742 2720 contra
760 2658 917 2735 quantam
971 2653 1083 2716 Terrae
1110 2651 1261 2722 Sanctae,
1293 2651 1433 2712 firmiter
1465 2650 1655 2712 asserentes
1687 2649 1773 2728 quod

119 2752 348 2815 confusionem
363 2754 775 2831 quantumquemoerorem
790 2753 918 2825 contra·
972 2748 1060 2811 idem
1074 2749 1241 2811 exercitus
1261 2748 1295 2808 in
1317 2747 1493 2809 obsidione
1505 2751 1576 2825 jam
1591 2747 1681 2808 dicta
1705 2748 1776 2809 nul·

119 2849 207 2912 rium
221 2850 358 2912 afferret
368 2851 428 2913 toti
441 2851 561 2928 populo
572 2850 767 2922 christiano,
779 2848 918 2928 praefato

119 2948 282 3011 exercitui
304 2948 519 3017 succurratis,
551 2948 637 3010 sicut
650 2964 704 3010 res
717 2947 916 3026 expostulat,

120 3042 331 3116 festinanter,
348 3045 558 3123 providentes
573 3045 659 3122 quod
672 3061 743 3118 uos,
760 3045 821 3105 tilii
835 3061 917 3108 cru-

120 3141 786 3220 cesignati,proximomartio,velsaltem
796 3142 917 3212 madio,

119 3239 352 3303 transfretetis.

160 3339 304 3415 Vosque,
312 3336 690 3414 fratreserebiepiscope
702 3354 742 3400 ac
755 3337 915 3415 episcopi,

121 3434 245 3511 singuli
268 3435 418 3511 signatos
437 3451 507 3496 suae
526 3434 680 3497 dioecesis
700 3436 917 3498 sollicitantes

119 3529 285 3594 instanter
305 3547 362 3595 eos
383 3531 425 3594 ad
445 3532 491 3601 id,
511 3532 542 3595 si
560 3548 702 3595 necesse
722 3533 834 3606 fuerit,
858 3546 919 3610 per

121 3643 296 3691 censuram
311 3630 583 3702 ecclesiasticam,
596 3630 818 3707 appellatione
831 3632 918 3706 post·

121 3726 240 3804 posita,
266 3727 485 3804 compellatis,
511 3727 595 3789 alios
617 3726 765 3788 subditos
788 3729 918 3789 vestros

121 3824 164 3887 ad
183 3825 361 3887 exercitus
398 3824 547 3901 praedicti
575 3839 768 3886 succursum
795 3825 919 3887 sedulis

122 3919 409 3982 exhortationibus
438 3919 617 3981 animando
641 3942 648 3979 ε
672 3920 805 3998 proviso
832 3919 918 3997 quod

121 4016 280 4079 vicesima
303 4019 336 4078 et
356 4017 423 4077 alia
438 4016 579 4093 pecunia
602 4017 723 4079 collata
747 4020 782 4081 et
804 4016 920 4079 confe-

121 4113 226 4176 renda
249 4129 310 4192 pro
334 4115 445 4175 Terrae
468 4115 597 4176 Sanctae
619 4114 768 4178 subsidio
790 4115 919 4180 dilectis

122 4209 204 4272 tiliis
215 4211 395 4289 Stephano,
407 4210 566 4273 familiari
579 4213 705 4283 nostro,
720 4213 753 4274 et
762 4214 918 4286 ilenrico,

123 4307 283 4372 fratribus
313 4309 486 4371 domorum
518 4309 702 4387 Hospitalis
730 4311 763 4371 et
791 4310 920 4373 militiae

122 4406 263 4484 Templi,
277 4407 493 4484 praesentium
511 4407 737 4484 portitoribus,
750 4424 834 4486 quos
849 4425 922 4487 pro·

124 4506 198 4583 pter
212 4505 275 4567 boc
285 4504 491 4582 providimus
501 4505 726 4578 destinandos,
740 4507 842 4568 salvis
855 4522 922 4584 spe

122 4601 265 4664 cialibus
287 4602 557 4665 concessionibus
572 4604 614 4665 ab
628 4605 817 4681 apostolica
836 4603 921 4665 Sede

124 4697 233 4773 factis,
255 4701 384 4777 integre
412 4700 602 4776 assignetur
630 4701 665 4761 in
691 4701 795 4778 ipsius
809 4703 921 4762 Terrae

124 4796 310 4859 subsidium
338 4797 535 4859 destinanda
554 4819 562 4858 ε
581 4797 615 4859 in
638 4797 735 4875 quod,
761 4798 839 4861 licet
862 4815 921 4876 pro

125 4893 263 4972 navigio
285 4895 405 4958 etalio
427 4894 734 4971 crucesignatorum
760 4896 919 4969 subsidio,

125 4992 253 5070 inquo,
266 4994 387 5071 praeter
401 4993 561 5055 decimam
577 4993 717 5057 fratrum
735 4995 920 5057 nostrorum

125 5094 162 5155 et
180 5091 355 5171 pecuniam
375 5106 395 5151 a
416 5090 524 5151 felicis
540 5093 708 5152 memoriae
724 5094 748 5153 1.
768 5089 815 5171 (e)
831 5095 920 5168 Papa

127 5188 371 5271 predecessore
394 5189 508 5250 nostro
530 5188 571 5248 ad
587 5188 787 5266 opusipsius
810 5190 922 5250 Terrae

128 5286 293 5359 nothum
328 5285 415 5348 ultra
448 5285 567 5362 viginti
595 5285 700 5347 millia
735 5302 921 5348 marcarum

54 5460 59 5465 Ι
130 5383 355 5467 αμυᾱὶωιιε,
373 5399 439 5444 non
455 5384 601 5446 modicas
614 5383 732 5447 fecisse
745 5400 922 5447 noscamur

973 2846 1101 2912 latenas
1123 2847 1234 2926 posset
1252 2846 1329 2907 sine
1351 2845 1483 2908 illorum
1510 2844 1639 2908 viribus
1662 2860 1775 2906 rema·

973 2960 1064 3005 nere.
1085 2943 1179 3007 Unde
1194 2944 1347 3007 volumus
1369 2946 1401 3005 et
1420 2943 1632 3022 praecipimus
1649 2942 1684 3004 ut
1704 2958 1773 3011 eos,

973 3043 1131 3119 tanquam
1144 3057 1242 3102 veros
1252 3041 1375 3102 Christi
1386 3040 1528 3102 athletas
1543 3042 1576 3100 et
1588 3040 1777 3118 praecipuos

973 3141 1164 3202 christianae
1179 3138 1256 3199 fidei
1272 3138 1473 3210 defensores,
1495 3137 1657 3199 studeatis
1670 3138 1774 3200 bono·

973 3253 1063 3309 rare,
1082 3237 1225 3313 diligere
1244 3238 1276 3297 et
1291 3235 1415 3307 fovere,
1436 3251 1551 3297 eorum
1566 3235 1777 3298 declarantes

973 3349 1074 3411 super
1092 3333 1155 3394 boc
1176 3332 1411 3405 innocentiam,
1433 3334 1466 3395 et
1484 3332 1562 3394 fidei
1581 3349 1621 3395 ac
1642 3333 1778 3396 virtutis

973 3432 1194 3494 constantiam
1210 3431 1441 3508 praedicantes.

1012 3531 1132 3592 Datum
1146 3529 1368 3592 Laterani.....
1387 3545 1475 3591 anno
1488 3528 1598 3590 tertio.

1326 3695 1417 3782 XVI

1044 3832 1100 3891 Ad
1110 3831 1321 3907 Philippum,
1338 3833 1557 3890 Francorum
1571 3843 1702 3905 regem.

1272 3952 1289 4009 ὅ
1307 3959 1379 4024 sept.
1398 3952 1476 4009 itta.

975 4058 1109 4126 [bouquet
1124 4059 1227 4113 Reeueil
1241 4058 1285 4109 des
1300 4059 1403 4118 uiator,
1418 4063 1437 4107 t.
1456 4056 1523 4116 XIX,
1543 4073 1571 4121 p.
1589 4056 1645 4106 oea.
1666 4059 1777 4122 flegest„

1247 4139 1293 4189 lib.
1304 4138 1346 4196 lli,
1359 4139 1433 4204 epist.
1449 4137 1502 4202 dd]

975 4241 1011 4299 Ut
1032 4237 1194 4312 Philippum
1215 4237 1330 4295 inducat
1349 4236 1385 4294 ad
1407 4234 1618 4307 suscipiendum
1638 4234 1782 4293 adversus

1010 4328 1167 4385 'tolosanos
1190 4326 1223 4384 in
1246 4327 1369 4398 gratiam
1391 4325 1527 4382 amelrici
1545 4323 1582 4382 de
1600 4323 1780 4393 bfonteforti,

1011 4415 1135 4474 Simonis
1152 4413 1213 4482 filil,
1230 4413 1346 4482 bellum,
1361 4414 1504 4471 Honorius
1516 4427 1581 4470 cum
1596 4427 1668 4485 rege
1682 4413 1778 4485 pacis·

1010 4504 1093 4572 citur,
1114 4510 1144 4560 ut
1161 4503 1290 4576 pecuniae
1309 4503 1340 4559 iu
1358 4501 1485 4559 subsidia
1505 4501 1571 4560 belli
1594 4502 1780 4558 transmarini

1010 4593 1136 4650 collectae
1149 4590 1317 4649 dimidiatim
1334 4590 1408 4649 illius
1417 4590 1605 4665 expeditionis
1615 4589 1782 4663 sumptibus

1011 4680 1211 4739 attribuantur.

1015 4797 1183 4860 Honorius
1220 4797 1413 4875 episcopus,
1450 4811 1565 4857 sersus
1604 4810 1781 4858 serrorum

976 4894 1047 4967 Dei,
1070 4895 1244 4956 carissimo
1267 4896 1302 4955 in
1326 4894 1455 4955 Christo
1478 4893 1546 4954 illio
1572 4898 1687 4954 nostro
1714 4893 1780 4957 Pb.

976 4992 1048 5070 regi
1061 4995 1265 5055 Francorum
1279 4991 1414 5059 illustri,
1429 4991 1581 5063 salutem,
1599 4992 1661 5052 etc.

1016 5093 1095 5162 Deo,
1111 5090 1147 5151 in
1162 5093 1257 5168 cujus
1274 5093 1352 5150 sunt
1364 5087 1516 5149 manibus
1531 5088 1630 5149 corda
1646 5104 1779 5163 regum,

976 5189 1161 5265 gratiarum
1186 5186 1361 5249 referimus
1383 5187 1544 5257 actiones,
1564 5186 1664 5262 quod,
1681 5189 1783 5246 ante·

977 5302 1075 5364 quam
1095 5286 1214 5348 litterae
1233 5286 1367 5355 nostrae,
1392 5283 1511 5361 quibus
1525 5285 1617 5344 tuam
1636 5283 1781 5345 incitare

976 5382 1258 5460 magnificentiam
1279 5380 1491 5446 studebamus
1511 5380 1552 5442 ad
1574 5380 1781 5457 perfidorum

169 5570 215 5653 (at
224 5567 372 5633 Guarinus.
412 5565 639 5643 (btflrtillelmus.
677 5568 862 5644 (ctllernran.
903 5567 950 5647 (d)
965 5566 1134 5644 beopoldus.
1173 5563 1211 5642 (e)
1228 5568 1406 5627 innocentio.
1446 5561 1496 5639 (s)
1512 5568 1665 5627 loannem.
