3774 6186
114 323 174 384 283
728 313 905 375 HONORII
927 310 972 374 Ill
994 308 1140 375 OPERA.
1704 312 1756 375 ‘28l

115 484 193 542 tunc
216 478 356 538 diacono
375 473 531 550 saepelato
551 471 762 549 praebendale
784 472 910 534 benail·
963 489 1041 532 num
1062 474 1096 534 et
1113 471 1296 547 capitulum
1319 471 1515 532 monueritis
1532 471 1716 546 diligenter
1727 479 1757 534 ut

42 562 50 578 ³
115 579 203 640 cium
231 575 264 635 in
287 570 399 648 aliqua
429 571 573 632 civitatis
597 571 746 646 ejusdem
768 570 909 631 ecclesia
963 573 1000 630 A.
1011 569 1089 630 dicti
1099 565 1281 630 cardinalis
1292 568 1446 629 nuntium
1459 569 1493 629 et
1503 568 1635 643 praefati
1645 571 1683 628 P.
1692 585 1758 644 pro

112 672 283 752 spectante
298 670 339 730 ad
351 669 557 729 devotionem
570 667 716 744 episcopi
724 652 908 735 memorati,
928 664 931 669 ’
962 668 1149 727 curatorem
1157 665 1197 726 ad
1207 665 1397 741 predictam
1407 664 1619 741 praebendam
1632 666 1757 741 recipe-

116 763 181 831 nisi
194 767 281 828 infra
294 767 375 826 duos
386 780 517 825 menses
529 766 602 840 post
616 764 830 825 monitionem
839 780 910 824 ves·
962 766 1048 834 rent,
1059 763 1155 839 juxta
1175 763 1364 823 nostrarum
1378 762 1617 823 continentiam
1632 761 1758 822 littera-

115 871 200 930 tram
217 863 341 941 aliquid
356 861 555 923 rationabile
573 860 735 937 objectum
756 861 856 921 suerit
878 861 911 921 et
962 875 1048 930 rum,
1071 860 1220 936 alioquin
1247 873 1357 919 coram
1379 858 1483 927 vobis,
1501 860 1594 920 certo
1620 859 1677 920 die
1696 858 1756 919 illis

115 960 287 1041 probatum
299 972 401 1037 quare
413 958 443 1018 id
451 975 516 1018 non
529 957 633 1034 possit
647 958 699 1018 vel
712 973 778 1018 non
793 956 911 1017 debeat
963 956 1112 1033 praetlxo,
1130 971 1189 1032 per
1199 957 1448 1031 procuratorem
1461 956 1617 1017 idoneum
1631 972 1756 1032 compa·

116 1059 303 1135 adimpleri,
328 1055 478 1118 conterre
503 1055 700 1116 auctoritato
722 1055 835 1115 nostra
851 1071 911 1114 cu·
962 1054 1085 1123 rerent,
1104 1052 1258 1114 mandato
1277 1053 1401 1122 nostro,
1418 1054 1578 1128 quantum
1596 1055 1687 1113 esset
1705 1053 1759 1113 dea

113 1157 197 1218 retis
213 1153 408 1231 quantocius
420 1151 576 1212 obtulerit
586 1167 622 1211 se
637 1151 789 1222 facultas,
802 1150 910 1211 eidem
962 1148 1077 1220 bitum,
1095 1149 1247 1225 parituri.
1260 1149 1319 1208 Die
1332 1149 1454 1210 statuto
1471 1152 1507 1209 P.
1515 1149 1681 1210 canonico
1695 1151 1758 1210 lto·

115 1253 250 1314 stallum
265 1252 299 1310 in
314 1250 415 1311 choro
430 1250 463 1310 et
477 1250 586 1309 locum
600 1248 636 1308 in
652 1249 796 1324 capitulo
808 1248 911 1323 assig-

114 1350 247 1410 nantes.
264 1340 528 1408 contradictores
538 1361 598 1421 per
612 1360 786 1406 censuram
799 1344 909 1405 eccle-

116 1446 286 1508 siasticam
312 1442 534 1520 appellatione
553 1442 734 1518 postposita
757 1456 910 1518 compes-

65 1570 71 1577 ·
117 1543 233 1614 cende,
258 1557 331 1602 cum
352 1541 414 1601 boc
436 1539 568 1601 obtento
592 1538 800 1610 beneficium,
825 1539 909 1614 quod

122 1639 233 1712 babet,
255 1638 299 1699 sit
322 1637 495 1711 resignare
510 1638 656 1713 paratus.
679 1635 768 1708 Quod
799 1635 910 1695 sinon

963 1248 1066 1307 seten.
1082 1245 1246 1306 dictorum
1261 1246 1378 1307 decani
1394 1249 1427 1308 et
1440 1246 1581 1324 capituli
1595 1248 1629 1308 at
1644 1247 1757 1307 eodem

962 1345 1001 1404 A.
1017 1342 1168 1420 ejusdem
1191 1343 1305 1403 clerici
1330 1343 1556 1419 procuratoris
1576 1344 1612 1404 in
1636 1345 1756 1410 vestra.

963 1439 1011 1499 fili
1026 1441 1164 1512 decane,
1179 1455 1219 1500 ac
1239 1442 1290 1510 G„
1307 1441 1483 1516 praesentia
1498 1441 1701 1512 constitutis,
1717 1443 1757 1510 te,

964 1536 1011 1596 fili
1039 1540 1089 1607 R„
1113 1536 1316 1598 sufficienter
1339 1538 1425 1598 sicut
1450 1537 1561 1600 decuit
1588 1541 1757 1607 excusato,

963 1633 1049 1694 idem
1074 1639 1111 1694 Α.
1140 1650 1176 1694 se
1200 1633 1304 1708 recipi
1328 1649 1388 1709 pro
1412 1635 1550 1711 praelato
1576 1634 1701 1696 clerico
1720 1636 1758 1695 ad

112 1752 245 1807 omnes,
276 1738 337 1795 etc.
367 1735 484 1794 Datum
511 1734 613 1793 Reate
636 1734 729 1792 sexto
752 1731 911 1792 kalendas

114 1833 262 1909 augusti,
279 1830 490 1909 pontificatus
500 1829 605 1891 nostri
620 1845 709 1890 anno
722 1831 850 1907 quarto.

963 1729 1173 1807 praebendam
1188 1731 1336 1791 eamdem
1347 1734 1443 1807 juxta
1456 1731 1648 1793 mandatum
1663 1736 1761 1808 Apos

963 1827 1098 1889 tolicum
1109 1844 1183 1888 cum
1196 1828 1355 1889 instantia
1367 1829 1633 1904 postulantem
1647 1845 1761 1905 propo·

964 1927 1063 1986 nente
1083 1928 1298 2002 procuratore
1313 1926 1417 2001 partis
1444 1925 1583 1987 alterius
1596 1927 1760 2003 quoddam

497 2015 533 2109 V
965 2023 1122 2084 statutum
1138 2021 1289 2084 ecclesiae
1299 2023 1453 2084 Roseten.
1465 2038 1525 2098 per
1539 2020 1638 2100 quod,
1654 2025 1760 2084 omis-

115 2164 170 2223 Λα
182 2165 224 2221 ρ,
236 2162 414 2228 mmm,
426 2160 465 2217 R,
483 2159 524 2217 de
537 2158 654 2217 Remis
665 2157 699 2217 et
713 2153 751 2217 G·
769 2158 811 2217 de
820 2159 913 2217 Lau.
964 2120 1011 2179 sis
1022 2119 1098 2179 aliis
1114 2135 1186 2196 quae
1201 2118 1420 2195 presentibus
1431 2119 1610 2180 inserenda
1624 2121 1762 2182 nondu-

267 2259 363 2317 ΜΟ
372 2257 559 2315 &menses
571 2257 762 2314 canonicos·
964 2216 1085 2288 ximus,
1097 2219 1169 2292 ejus
1183 2218 1339 2294 antique,
1353 2232 1393 2277 ac
1408 2218 1547 2293 integrae
1558 2217 1760 2293 praebendae,

414 2376 446 2432 34
458 2374 600 2449 Jullil019
962 2313 1175 2384 concedente,
1192 2314 1245 2373 vel
1261 2313 1440 2375 decedente
1459 2325 1614 2390 persona,
1625 2335 1630 2341 ·
1641 2330 1763 2376 vacam

129 2485 252 2556 ,mosem
267 2480 314 2542 Tib.
328 2486 370 2548 W,
385 2489 458 2553 epm·
474 2488 530 2538 ⁶²3.
541 2490 596 2539 uss.
608 2491 644 2540 La
661 2490 737 2540 Porta
754 2489 789 2538 uu
800 2489 895 2554 ML]
965 2411 1171 2485 contingunt,
1185 2409 1418 2471 drvrdrdebent
1428 2425 1463 2471 m
1478 2410 1572 2481 duas,
1590 2427 1666 2488 quae
1678 2412 1765 2473 dna.

965 2505 1027 2566 bus
1054 2508 1132 2569 sunt
1158 2508 1312 2583 personis
1334 2508 1461 2569 idoneis
1490 2509 1704 2570 conterendae
1726 2511 1761 2570 in

118 2608 235 2669 Mandat
247 2607 289 2664 eis
306 2608 430 2664 utPetro
446 2605 550 2663 clerieo
563 2604 754 2677 praebendam,
772 2619 822 2677 per
840 2606 910 2662 resi·
965 2603 1115 2665 absentia
1124 2603 1233 2664 minus
1245 2619 1343 2681 quam
1356 2598 1484 2684 antiqui
1492 2609 1695 2669 Rosetenses
1707 2624 1766 2670 ca-

152 2696 320 2770 gestionem
335 2694 465 2766 magistri
480 2692 577 2750 alardi
603 2694 632 2750 in
655 2692 911 2751 fl⁰³⁰10ss⁸ie⁰⁰l⁰·
966 2701 1078 2762 nonici
1099 2700 1318 2778 percepturis.
1335 2703 1480 2763 'landem
1496 2702 1583 2765 sicut
1596 2720 1765 2780 procura·

152 2786 205 2854 sla,
221 2790 383 2850 vacantem,
397 2796 454 2839 non
473 2780 652 2839 obstantibus
667 2779 733 2839 ullis
748 2780 911 2852 obstaculis,
965 2800 1055 2860 tores
1070 2813 1257 2861 convenere
1273 2800 1431 2876 ppaedictL
1447 2801 1621 2877 praesatum
1632 2803 1766 2879 capitu,

151 2870 296 2946 {mettim
312 2869 583 2943 s⁸⁰i³ffi³⁸⁸iss¹¹⁸fl3
966 2895 1035 2956 lum
1065 2897 1215 2957 eumdem
1241 2900 1279 2957 A.
1304 2897 1377 2959 loco
1400 2899 1548 2975 ejusdem
1573 2900 1691 2961 clerici
1723 2901 1765 2961 ad

158 2999 338 3071 Honorius,
364 2998 438 3069 etc,
462 2996 593 3058 dilectis
616 2996 694 3056 nilis
724 2999 761 3056 P.
787 2985 912 3059 decano
967 2993 1187 3069 praebendam,
1214 3009 1288 3070 quae
1311 2995 1421 3057 fuerat
1441 2993 1590 3072 predicti
1609 2994 1764 3073 magistri

119 3101 158 3160 a.
186 3097 227 3158 de
249 3096 360 3158 Remis
384 3097 419 3156 et
442 3097 479 3156 G.
505 3094 546 3155 de
562 3094 722 3156 Lauduno
743 3095 913 3155 canonicis
966 3091 1081 3151 Alardi
1096 3092 1188 3152 salvo
1199 3093 1321 3153 statuto
1332 3092 1501 3169 praedicto,
1510 3095 1671 3169 quantum
1680 3100 1762 3172 pos-

118 3197 268 3265 Remea„
289 3193 441 3263 salutern,
458 3193 520 3255 etc.
966 3190 1017 3251 set
1029 3189 1068 3249 de
1079 3192 1166 3265 jnre,
1179 3190 1314 3266 recepit,
1329 3190 1376 3251 lta
1391 3191 1428 3251 ut
1442 3189 1622 3266 capitulum
1638 3193 1762 3268 ipsum,

157 3295 258 3352 Bonae
286 3289 454 3350 memoriae
478 3287 636 3364 magistro
657 3287 779 3349 alardo
802 3303 911 3364 quon-
966 3288 1115 3346 nostrum
1128 3285 1370 3364 beneplacitum
1391 3303 1411 3348 a
1432 3286 1538 3359 nobis,
1555 3304 1639 3364 quos
1655 3291 1764 3351 voluit

116 3388 193 3450 darn
202 3390 358 3450 Bosetan.
372 3387 533 3446 canonico
545 3400 580 3446 se
591 3385 630 3446 ad
647 3385 914 3460 religionis-ordi·
967 3399 1068 3460 super
1080 3381 1144 3445 hoc
1159 3382 1298 3455 consult,
1312 3398 1371 3460 per
1391 3385 1521 3446 litteras
1540 3386 1763 3447 intimandum

117 3501 194 3549 nem
208 3484 440 3552 transferente,
448 3482 683 3557 acresignante
694 3482 798 3542 libere
815 3498 912 3558 qnam
966 3480 1072 3542 eidem
1094 3480 1216 3542 clerico
1236 3481 1401 3553 dimidios,
1428 3483 1480 3543 vel
1501 3483 1651 3559 integros
1667 3487 1762 3560 eJus-

18 3570 20 3575 ⁴
117 3577 912 3654 obtinuitinecclcsiaRoseten.praebendam‚nos
966 3578 1040 3639 dem
1065 3578 1251 3655 praebendae
1274 3579 1434 3650 redditus,
1451 3582 1605 3642 contento
1626 3582 1762 3643 interim

118 3695 193 3742 eam
205 3678 326 3738 dilecto
337 3676 404 3737 lilio
418 3678 528 3747 Petro,
544 3675 667 3736 clerico
681 3691 840 3752 germano
860 3677 914 3737 di·
966 3675 1123 3745 dimidiis,
1145 3675 1365 3751 assignarent.
1390 3677 1484 3738 Unde
1503 3691 1563 3738 sos
1577 3678 1684 3738 totum
1700 3696 1762 3740 no-

118 3776 195 3838 lecti
210 3775 271 3836 tilii
282 3773 389 3834 nostri
399 3775 439 3835 R.
455 3775 584 3833 Sanctae
599 3774 715 3834 Mariae
729 3774 765 3833 in
778 3776 914 3835 cosme-
966 3773 1016 3834 bis
1046 3789 1239 3851 processum
1262 3773 1386 3848 negotii
1407 3774 1589 3835 relerentes
1612 3776 1764 3852 praedicti

117 3874 175 3935 din
204 3871 335 3934 diaconi
364 3869 544 3931 cardinalis
571 3868 611 3931 de
639 3870 777 3949 speciali
804 3873 912 3947 gratia
966 3871 1081 3933 statuti
1106 3872 1255 3931 tenorem
1287 3885 1362 3930 cum
1389 3870 1586 3948 quibusdam
1615 3873 1693 3933 aliis
1722 3870 1763 3935 ad

117 3970 363 4032 conterentes...
384 3967 510 4029 decano
534 3969 568 4028 et
590 3968 736 4045 capitulo
762 3970 912 4031 ecclesiae
966 3970 1112 4029 nostram
1127 3968 1350 4044 praesentiam,
1360 3970 1405 4039 ut,
1413 3969 1666 4046 quodexpedire
1674 3972 1764 4032 ride·

117 4068 284 4147 praedictae
308 4064 548 4136 mandavimus
573 4066 609 4126 ut
623 4080 698 4126 eum
719 4067 754 4126 in
779 4067 913 4143 propria
966 4081 1078 4126 remus
1093 4066 1207 4126 nostra
1231 4065 1484 4143 circumspectio
1498 4066 1633 4137 taceret,
1648 4069 1763 4129 trans·

119 4180 272 4243 persona,
294 4161 348 4224 vel
371 4178 430 4238 per
455 4162 606 4223 nuntium
622 4163 804 4225 cardinalis
823 4167 914 4240 ejus-
966 4164 1115 4224 misistis.
1130 4165 1199 4223 Nos
1213 4164 1323 4223 autem
1336 4163 1377 4223 ad
1390 4178 1450 4224 vos
1472 4164 1680 4227 remittentes
1702 4166 1762 4227 sub

117 4263 192 4322 dem
215 4260 256 4321 ad
279 4259 489 4336 prebendam
509 4259 615 4335 ipsam
641 4260 822 4335 apostolica
848 4260 912 4321 sibl
965 4260 1056 4321 bulla
1076 4262 1189 4322 nostra
1215 4261 1329 4320 eadem
1353 4261 1548 4334 interclusa,
1567 4261 1764 4325 discretioni

118 4357 319 4419 liberalitate
330 4355 496 4428 collatam,
513 4356 712 4431 recipientes
725 4358 759 4417 in
780 4358 913 4418 canoni·
965 4359 1085 4420 vestrae
1106 4373 1166 4434 per
1187 4357 1379 4433 apostolica
1404 4359 1526 4435 scripta
1553 4358 1762 4433 mandamus,

118 4470 193 4517 cum
207 4456 239 4515 et
255 4453 290 4512 in
305 4450 453 4522 fratrem,
474 4450 537 4511 sibi
553 4453 732 4527 proventus
756 4466 799 4513 ex
821 4470 912 4530 prae·
965 4459 1128 4532 quatenus
1142 4454 1274 4516 allicere
1292 4456 1389 4530 juxta
1404 4456 1606 4532 preceptum
1625 4471 1646 4519 a
1667 4458 1765 4519 nobis

117 4551 226 4613 benda
249 4548 482 4626 provenientes
510 4548 625 4610 eadem
654 4549 688 4633 et
716 4551 849 4612 stallum
877 4553 912 4613 in
966 4554 1156 4614 mandatum
1171 4552 1397 4630 apostolicum
1412 4552 1611 4629 procuretis,
1626 4557 1663 4617 ut
1677 4555 1765 4618 idem

118 4649 232 4721 choro,
250 4663 289 4708 ac
317 4645 426 4706 locum
456 4645 490 4706 in
519 4647 664 4722 capitulo
690 4648 910 4723 assignarent,
966 4650 1109 4711 clericus
1131 4663 1175 4710 ex
1193 4648 1370 4711 collatione
1389 4650 1514 4721 nostra,
1532 4650 1611 4711 ullis
1633 4666 1764 4729 nequa-

118 4745 325 4809 vobisetiam
343 4743 526 4805 direximus
541 4744 665 4819 scripta
689 4746 816 4818 nostra,
833 4746 912 4807 ntsi
966 4763 1065 4824 quam
1097 4745 1314 4818 obstantibus,
1346 4746 1570 4823 praebendam,
1599 4764 1675 4826 quse
1704 4749 1768 4811 ruit

118 4843 268 4922 praedicti
296 4841 443 4902 decanus
464 4844 497 4902 et
522 4841 704 4917 capitulum
721 4842 913 4906 mandatum
966 4845 1114 4921 ejusdem
1142 4847 1193 4916 A,
1222 4845 1386 4919 integram
1420 4847 1454 4904 et
1481 4848 1554 4922 ejus
1583 4848 1765 4923 proventus

118 4942 267 5003 nostrum
283 4939 472 5000 omitterent
490 4938 682 5016 adimplere,
699 4955 758 5002 vos
768 4940 802 5001 id
814 4957 913 5003 exse·
965 4942 1112 5018 integros
1140 4942 1176 5001 in
1209 4941 1387 5017 praesentia
1416 4943 1451 5003 et
1479 4941 1651 5017 absentia,
1680 4945 1767 5007 sicut

118 5035 320 5116 quicuretis,
333 5037 593 5098 contradictores
605 5053 665 5114 per
678 5052 850 5099 censuram
863 5055 913 5100 ec-
965 5039 1093 5116 antiqui
1123 5039 1276 5099 Rosetcn.
1307 5036 1461 5099 canonici
1493 5054 1572 5100 suas
1600 5040 1764 5114 obtinent,

8 5160 20 5172 τ
119 5132 340 5197 clesiasticam
352 5133 599 5208 compescendo.
614 5135 649 5195 Si
662 5135 739 5210 quid
750 5139 912 5212 preterea
966 5134 1516 5212 assequatur3contradictoresper
1526 5152 1768 5201 censuramec·

119 5234 250 5294 extunc
264 5231 379 5290 contra
399 5228 609 5290 collationem
635 5235 782 5294 nostram
799 5236 911 5296 attan·
966 5233 1199 5304 clesiasticam,
1222 5233 1444 5310 appellatione
1458 5234 1654 5311 postposita,
1672 5250 1768 5297 com-

1 5318 3 5323 ’
118 5329 246 5391 taretur
269 5327 309 5387 de
334 5325 510 5402 praebenda
525 5327 683 5401 praedicta
702 5329 833 5391 irritum
843 5331 911 5392 de·
967 5329 1143 5406 poscendo.
1162 5328 1253 5400 Quod
1279 5329 1308 5388 si
1332 5344 1398 5388 non
1414 5344 1542 5402 omnes,
1558 5331 1622 5391 etc.
1647 5332 1766 5394 Datum

119 5426 284 5487 crevimus
309 5426 342 5484 et
364 5424 476 5483 inane.
505 5426 609 5484 Porro
631 5440 729 5502 quum
754 5428 840 5489 sicut
855 5445 913 5505 per
965 5426 1105 5489 Viterbii
1126 5425 1269 5488 secimdo
1284 5425 1444 5487 kalendas
1461 5427 1607 5502 augusti,
1623 5429 1765 5505 pontiti-

120 5524 249 5585 lltteras
263 5523 391 5582 vestras
413 5521 602 5596 accepimus
618 5523 792 5597 praedictos
813 5525 913 5587 deca·
966 5525 1082 5584 ticatus
1105 5524 1209 5584 nostri
1224 5540 1312 5585 anno
1327 5525 1456 5602 quarto.
