3774 6186
107 310 156 371 537

382 496 612 586 CLXXVIII

126 632 177 691 Ad
196 628 402 703 potestatem
419 631 454 690 ct
475 635 637 706 populum
661 633 863 692 Pcmtmaos.

393 741 424 797 ll
438 738 499 821 jau.
517 741 596 799 itti.

193 846 324 912 [Thaidem
338 845 400 896 eod.
413 845 476 911 dipl.
493 846 601 896 domiuii
617 852 706 913 temp..
716 848 737 906 l,
750 845 803 911 bb]

105 944 253 1005 :onssrutat
267 959 370 1018 pacem
384 944 482 1001 initam
495 944 568 1002 inter
577 946 730 1003 Perusinus
743 959 800 1002 una
816 952 895 1018 parte

201 1041 229 1090 ot
244 1032 376 1091 bonrines
392 1034 515 1091 civitatis
526 1033 639 1092 castelli
654 1048 689 1091 ex
704 1034 804 1092 altera.

140 1141 309 1203 Honorius
321 1142 506 1219 episcopus,
516 1158 633 1203 servus
641 1157 813 1205 servorum
823 1143 894 1213 Dei,

104 1238 236 1301 dilectis
251 1239 342 1312 tiliis,
358 1240 512 1316 potestati
527 1241 560 1301 et
576 1239 696 1317 populo
711 1240 894 1313 Perusinis,

106 1334 248 1397 salutem
263 1335 297 1396 et
311 1335 529 1411 apostolicam
542 1335 817 1398 benedictionem.

141 1434 223 1493 Cum
234 1448 277 1493 ex
289 1431 392 1494 oflicii
406 1433 511 1494 nostri
522 1432 632 1496 debito
642 1434 817 1495 teneamur
830 1432 896 1502 bis,

103 1530 159 1607 gui
175 1545 288 1607 prope,
304 1545 344 1591 ac
356 1529 409 1590 bis
425 1530 481 1607 qui
497 1529 594 1605 longe
607 1532 694 1602 sunt,
711 1531 803 1607 pacis
818 1546 899 1591 con-

102 1626 179 1688 silia
197 1627 356 1703 cogitare,
380 1642 496 1704 pacem
516 1627 603 1689 inter
618 1627 732 1689 fideles
753 1628 897 1699 nostros,

101 1723 221 1785 sedata
250 1724 450 1800 praeoedenti
482 1723 661 1796 discordia,
687 1723 899 1785 reformatam

102 1819 246 1881 libenter
266 1821 419 1881 volumus
442 1819 624 1891 observari,
645 1820 678 1882 et
699 1821 735 1882 ut
753 1821 898 1897 antiquis

101 1916 189 1978 odiis
213 1917 345 1978 occasio
366 1915 538 1978 auferatur
561 1918 594 1978 et
617 1916 805 1978 dilectionis
827 1932 900 1977 ma-

101 2015 188 2075 teria
204 2013 371 2085 dilatetur,
389 2013 481 2089 pacis
502 2013 628 2074 loedera
646 2013 781 2090 expedit
799 2017 901 2090 Apos-

101 2109 205 2172 tolico
229 2110 414 2171 munimine
441 2110 649 2171 communiri.
680 2111 760 2177 Cum
787 2109 897 2184 igitur,

100 2208 265 2269 suadente
280 2207 417 2269 humani
432 2207 565 2284 generis
581 2207 727 2280 inimico,
744 2207 900 2269 intervos

100 2306 260 2382 exparte
285 2320 350 2365 una
374 2304 408 2366 et
430 2304 582 2366 homines
602 2304 747 2366 civitatis
766 2304 900 2366 castelli

100 2418 149 2464 ex
170 2403 288 2474 altera,
314 2402 409 2478 gravi
433 2403 552 2464 exorta
582 2402 759 2473 discordia,
789 2417 901 2463 rerum

99 2499 227 2561 damna
242 2501 276 2562 et
294 2508 512 2577 personarum
528 2497 670 2580 (utinam
688 2515 755 2561 non
772 2499 903 2560 anima-

101 2613 179 2658 rum
195 2597 344 2675 pericula
367 2594 594 2675 evenissentl)
613 2596 671 2658 sed
685 2597 829 2669 tandem,
846 2595 901 2657 ia·

104 2695 213 2756 ciente
235 2694 386 2766 Domino,
408 2696 505 2772 justa
533 2694 725 2755 mandatum
753 2694 902 2756 nostrum

98 2792 193 2854 -inter
207 2808 266 2854 vos
281 2792 404 2853 atilios
421 2792 513 2869 pacis
534 2791 579 2854 sit
594 2791 771 2854 concordia
795 2791 904 2852 reior-

105 2891 209 2961 mata,
224 2906 285 2951 nos
298 2905 413 2967 pacem
424 2890 543 2967 ipsam,
554 2889 641 2950 sicut
653 2889 725 2949 sine
740 2889 902 2965 pravitate

106 2987 246 3064 provide
257 2985 344 3048 iacta
355 2989 418 3059 est,
432 2989 465 3048 et
477 2985 518 3047 ab
529 2989 669 3063 utraque
681 2989 775 3061 parte
787 2987 904 3062 sponte

105 3087 253 3160 recepta,
270 3086 303 3145 et
322 3084 357 3144 in
376 3082 607 3146 instrumentIs
623 3082 764 3160 publicis
783 3081 904 3143 exinde

100 3181 268 3243 contectis
306 3181 437 3258 plenius
474 3181 673 3252 continetur,
706 3179 906 3241 auctoritate

101 3278 297 3355 ..apostolica
309 3278 554 3352 confirmamus,
563 3279 596 3340 et
606 3277 779 3354 praeseutis
789 3276 905 3353 scripti

107 3370 294 3454 patrocinio
314 3375 566 3438 communimus.

151 3474 245 3535 Nulli
266 3489 346 3550 ergo
370 3473 505 3535 omuino
526 3473 626 3535 liceat
647 3472 734 3535 banc
750 3471 905 3549 paginam

108 3574 233 3633 nostrae
244 3569 906 3646 conflrmationisinlringere,veisiansu

109 3668 286 3730 temerario
308 3667 484 3730 contraire.
502 3666 628 3744 Siquis
646 3669 756 3729 autem
775 3666 838 3727 boc
852 3668 907 3728 at·

106 3768 239 3833 tentare
260 3764 521 3842 praesumpserit,
544 3762 807 3839 indignationem
830 3777 906 3823 om-

111 3862 293 3939 nipotentis
313 3862 383 3934 Dei,
403 3863 437 3923 et
451 3861 623 3923 beatorum
644 3859 735 3922 Petri
758 3860 792 3921 et
810 3858 907 3920 Pauli

108 3959 336 4037 apostolorum
351 3962 434 4037 ejus,
448 3974 484 4020 se
499 3958 630 4020 noverit
643 3957 866 4019 incursurum.

150 4056 270 4117 Datum
294 4055 461 4127 Laterani,
483 4053 621 4115 111idus
641 4052 802 4132 januarii,
821 4068 907 4130 pon-

110 4152 258 4215 tificatus
273 4153 381 4215 nostri
396 4168 485 4213 anno
501 4151 629 4229 quinto.

418 4326 606 4416 CLXXIX

133 4462 188 4521 Ad
203 4459 413 4532 potestatem
434 4460 468 4521 et
484 4462 649 4534 poputum
668 4458 888 4520 castellanos.

419 4573 450 4628 ll
462 4572 523 4644 ian.
539 4571 618 4629 itti.

147 4677 278 4741 [Theium.
291 4676 354 4728 (lod.
370 4675 432 4740 dipl.
448 4676 557 4726 dominii
575 4682 667 4741 temp„
678 4676 699 4735 I,
710 4676 751 4736 td,
767 4690 794 4725 n.
809 4675 875 4737 issi]

188 4773 306 4831 Mandat
317 4774 450 4846 potestati
464 4788 499 4831 ao
513 4773 681 4832 cucullatus
694 4780 726 4830 ut
740 4787 841 4846 pacem

347 4861 510 4933 predictam
523 4861 685 4920 observent.

157 4960 829 5037 Honoriasepiseopus,servusservorum
839 4960 910 5032 Dei,

117 5059 250 5119 dilectis
272 5057 389 5117 tiliis...
410 5057 566 5134 potestati
587 5059 620 5118 et
643 5058 765 5134 populo
780 5057 913 5118 Castel-

118 5156 217 5224 lanis,
237 5156 378 5216 salutem
406 5156 440 5216 et
467 5154 683 5231 apostolicam
708 5153 915 5216 benedictio-

118 5269 207 5314 nem.

157 5349 207 5411 Ad
221 5349 497 5426 supplicationem
513 5350 546 5411 et
559 5349 753 5410 instantiam
768 5349 913 5410 vestram

119 5447 250 5507 dilectis
263 5446 379 5507 filiis...
394 5446 548 5523 potestati
561 5448 593 5507 et
606 5447 727 5523 populo
742 5446 915 5508 Perusinis

119 5548 188 5609 tam
214 5558 273 5620 per
287 5544 417 5606 litteras
438 5556 537 5622 quam
559 5559 619 5621 per
637 5543 794 5607 dilectum
810 5543 915 5604 lilium

119 5643 325 5702 Hermanum
340 5641 528 5702 Clttscinum
544 5642 697 5713 electum,
714 5644 793 5703 tunc
810 5641 916 5719 capel·

719 303 954 375 'EPISTOLAE
977 315 1055 376 LIB.
1079 317 1117 375 V.

1681 316 1741 384 aa
1799 334 1805 345 .

948 473 1062 535 lanum
1092 474 1253 547 nostrum,
1278 474 1339 537 sub
1365 477 1475 540 debito
1499 480 1679 557 juramenti
1708 481 1742 544 st

949 585 1047 647 poena
1065 573 1419 637 excommunicationis
1433 574 1582 637 dedimus
1601 577 1742 640 tirmiter

949 668 984 728 in
999 668 1184 745 praeceptis,
1201 672 1238 732 ut
1254 671 1402 747 captivos
1418 675 1547 734 vestros
1562 673 1635 735 sine
1648 690 1740 737 mora

949 764 1097 841 qualibet
1124 765 1320 839 liberarent,
1349 784 1423 830 cum
1451 769 1538 831 sicut
1565 770 1673 834 tuerat
1698 788 1741 834 ex

951 864 1043 939 parte
1056 864 1167 924 vestra
1182 865 1392 941 promissum,
1405 867 1529 943 pactati
1540 869 1658 930 essetis
1669 869 1742 930 ins-

950 960 1116 1021 trumenta
1133 961 1166 1022 et
1184 960 1263 1034 alia,
1280 978 1352 1039 quae
1367 978 1427 1040 pro
1442 979 1523 1040 pace
1538 964 1695 1027 intervos
1710 966 1743 1029 et

950 1055 1041 1132 ipsos
1055 1057 1218 1119 servanda
1232 1057 1365 1120 ruerant
1376 1059 1540 1133 ordinata,
1551 1064 1673 1138 praeter
1684 1063 1744 1126 de-

952 1152 1156 1215 molitionem
1180 1157 1375 1228 castrorum,
1392 1156 1554 1220 duntaxat
1578 1158 1620 1219 ad
1643 1175 1743 1220 man-

951 1249 1064 1312 datum
1093 1253 1242 1313 nostrum
1271 1251 1454 1316 efficaciter
1480 1254 1677 1331 observass3
1705 1272 1745 1319 ac

952 1363 1013 1409 nos
1038 1351 1106 1410 tam
1129 1364 1180 1421 ea,
1198 1365 1297 1426 quam
1318 1351 1404 1428 qnod
1426 1352 1604 1428 praedictus
1628 1356 1668 1414 ii.
1684 1368 1745 1431 pro

952 1445 1005 1505 bis
1028 1447 1190 1508 statuerat
1213 1445 1440 1521 observandis,
1461 1452 1533 1513 rata
1552 1466 1626 1511 esse
1641 1451 1746 1515 velle-

952 1558 1037 1603 mus.
1058 1545 1138 1604 Gum
1163 1543 1265 1619 igitur
1288 1547 1322 1607 et
1340 1545 1436 1608 vobis
1459 1546 1614 1624 expediat
1631 1549 1665 1610 et
1685 1564 1746 1610 nos

952 1639 1078 1711 deceat,
1104 1642 1142 1702 at
1162 1643 1334 1718 praemissa
1356 1643 1497 1705 tirmiter
1515 1643 1745 1720 observentur,

953 1738 1203 1800 universitatem
1222 1743 1366 1801 vestram
1391 1756 1574 1811 monemus,
1595 1744 1746 1804 auctori·

954 1835 1022 1896 tata
1035 1834 1128 1896 vobis
1141 1838 1355 1913 praesentium
1370 1837 1511 1900 tirmiter
1524 1839 1747 1916 praecipiendo

953 1932 1160 2004 mandantes,
1174 1936 1339 2011 quatenus
1354 1936 1484 2008 tamea,
1499 1952 1572 2013 qam
1587 1937 1747 1999 intervos

954 2029 987 2090 et
1001 2031 1181 2091 Perusinos
1196 2046 1255 2108 pro
1271 2047 1353 2108 pace
1368 2033 1533 2094 servanda
1554 2036 1677 2110 praeter
1688 2036 1749 2096 de·

955 2126 1159 2189 molitionem
1170 2130 1355 2190 castrorum
1367 2130 1441 2191 acta
1451 2131 1539 2201 sunt,
1552 2146 1650 2208 quam
1661 2131 1748 2209 quod

955 2222 1063 2284 dictus
1081 2224 1273 2300 capellanus
1288 2225 1468 2296 mandavit,
1483 2227 1622 2289 tirmiter
1633 2227 1749 2290 obser·

955 2321 1039 2382 vetis
1054 2342 1062 2381 ε
1076 2321 1224 2399 alioquin
1240 2323 1269 2385 si
1284 2322 1361 2402 quid
1377 2323 1498 2385 exinde
1512 2323 1607 2385 vobis
1621 2340 1748 2386 evene-

955 2418 1010 2489 rit,
1027 2417 1112 2495 quod
1134 2419 1258 2493 nolitis,
1281 2436 1349 2482 non
1368 2420 1474 2493 nobis,
1491 2421 1550 2483 sed
1568 2421 1663 2483 vobis
1684 2438 1747 2500 po·

956 2515 1063 2576 terItis
1077 2515 1251 2592 imputare.

996 2611 1088 2673 Nulli
1108 2628 1188 2690 ergo
1209 2614 1343 2677 omnino
1358 2613 1529 2677 bominum
1549 2615 1650 2678 liceat
1663 2615 1750 2678 banc

956 2709 1111 2786 paginam
1131 2711 1254 2772 nostrae
1276 2711 1536 2774 confirmationis
1554 2712 1748 2789 intringere,

956 2806 1011 2868 vel
1038 2808 1069 2868 ei
1096 2822 1180 2868 ausu
1208 2809 1387 2870 temerario
1417 2810 1594 2872 contraire.
1618 2811 1751 2888 siquis

958 2907 1068 2966 autem
1079 2904 1143 2966 hoc
1155 2906 1318 2968 attentare
1331 2909 1589 2985 praesumpserit,
1602 2908 1751 2984 indigna·

958 3000 1083 3062 tionem
1099 3002 1333 3078 omnipotentis
1346 3003 1416 3076 Dei,
1429 3007 1461 3066 et
1473 3003 1645 3066 beatorum
1661 3007 1752 3068 Petri

959 3098 992 3160 et
1003 3097 1100 3159 Pauli
1112 3099 1339 3175 apostolorum
1352 3103 1436 3177 ejus,
1448 3117 1484 3162 se
1496 3102 1628 3163 noverit
1638 3103 1755 3164 incur·
1879 3122 1884 3141 ·

959 3210 1085 3256 surum.
1109 3196 1228 3256 Datum
1254 3196 1484 3265 Laterani,111
1502 3198 1578 3259 idus
1589 3199 1752 3277 januarii,

959 3290 1172 3369 pontificatus
1185 3293 1292 3355 nostri
1306 3308 1395 3355 anno
1408 3294 1534 3372 quinto.

1273 3462 1439 3550 CLXXX

961 3598 1013 3655 Ad
1037 3597 1219 3657 untocrsos
1241 3598 1369 3658 cbrtstt
1387 3598 1504 3670 [laetat
1517 3612 1585 3671 por
1603 3597 1757 3659 Svettam

1250 3694 1465 3756 constitutos.

1262 3799 1294 3854 ll
1307 3797 1368 3869 jan.
1380 3799 1460 3857 liti.

1076 3891 1422 3958 [billegren,Svsnslsttlipl.,
1439 3895 1458 3953 i,
1470 3894 1562 3955 mn.
1575 3894 1644 3959 m]

963 3990 1100 4049 Sollicitat
1113 3991 1313 4064 eleemosynas
1331 3989 1367 4048 ad
1382 3993 1538 4049 claustrum
1559 3992 1596 4049 sd
1617 3991 1757 4050 bonorem

998 4079 1090 4137 besta
1109 4079 1237 4151 VIrginis
1259 4080 1370 4138 noviter
1388 4080 1418 4137 in
1439 4079 1590 4138 Litbasnia
1612 4088 1758 4138 consauc-

999 4174 1059 4225 tum
1076 4174 1106 4224 et
1123 4167 1331 4241 indulgentiam
1349 4168 1451 4241 viginti
1473 4167 1583 4227 dierum
1601 4170 1648 4242 qui
1667 4170 1759 4227 socie·

997 4256 1072 4313 siam
1086 4255 1202 4314 claustri
1214 4257 1361 4315 visitarent
1372 4258 1402 4314 in
1414 4255 1487 4316 testo
1498 4258 1720 4331 assumptionis.

1004 4374 1184 4446 Quoniam,
1203 4373 1239 4435 ut
1260 4373 1308 4435 ait
1324 4374 1512 4451 Apostolus,
1527 4379 1587 4449 aas
1610 4377 1759 4437 solutast

963 4474 1001 4532 ta
1015 4485 1121 4532 carate
1132 4486 1209 4544 sna,
1223 4474 1264 4533 de
1277 4487 1384 4534 corae
1397 4475 1431 4535 et
1442 4474 1546 4535 arctet
1557 4474 1757 4548 corratptto-

965 4582 1064 4641 acm;
1086 4571 1145 4641 qut
1169 4570 1288 4631 autem
1306 4571 1456 4632 semlant
1483 4574 1522 4632 ta
1547 4572 1692 4644 comta,
1720 4572 1761 4632 de

964 4666 1094 4738 spirita
1106 4666 1213 4728 asetct
1227 4669 1337 4729 vitam
1351 4669 1522 4729 aternam
1536 4666 1624 4745 (Gal.
1642 4682 1690 4737 v1,
1703 4665 1737 4744 8)
1751 4686 1759 4727 z

966 4763 1046 4823 Cum
1070 4763 1173 4839 igitar
1198 4764 1286 4825 sicut
1311 4764 1499 4840 accepimus
1522 4764 1558 4825 iu
1582 4763 1761 4825 Litbuauia

967 4859 1131 4937 quoddam
1146 4860 1327 4922 claustrum
1342 4861 1384 4922 ad
1396 4861 1556 4922 bonorem
1569 4860 1674 4922 beatae
1683 4861 1762 4922 Vir-

967 4957 1055 5033 ginis
1083 4958 1215 5019 noviter
1242 4959 1286 5020 sit
1320 4960 1555 5030 constructum,
1593 4974 1659 5020 non
1688 4959 1762 5020 sine

967 5054 1080 5116 multis
1096 5054 1275 5125 laboribus,
1300 5057 1334 5118 et
1359 5056 1527 5132 expensis,
1551 5059 1584 5118 et
1603 5057 1644 5118 ad
1664 5055 1763 5116 subs-

967 5153 1186 5215 tentationem
1214 5153 1355 5214 narrum
1383 5153 1465 5214 inibi
1488 5155 1627 5216 Domino
1649 5153 1760 5215 lamu-

968 5250 1109 5313 lanIIum
1131 5251 1274 5328 propriae
1297 5266 1363 5313 non
1385 5252 1561 5329 suppetant
1575 5250 1775 5322 facultates,

969 5349 1221 5410 universitatem
1241 5352 1385 5411 vestram
1404 5365 1572 5426 rogamus,
1589 5351 1622 5411 et
1643 5364 1762 5410 moue·

969 5460 1043 5506 mus
1062 5446 1187 5508 attente
1210 5446 1245 5506 in
1269 5447 1499 5508 remissionem
1523 5445 1617 5508 vobis
1642 5461 1762 5522 pecca-

970 5543 1096 5607 minum
1133 5545 1356 5620 injungentes,
1386 5548 1551 5622 quatenus
1581 5542 1763 5605 claustram

971 5642 1078 5718 ipsum
1094 5640 1206 5702 divino
1222 5641 1324 5703 cultui
1338 5642 1524 5737 delicatum
1540 5641 1644 5717 gratis
1657 5640 1763 5701 beno-
