3774 6186
119 262 181 323 345

159 423 280 486 natum
301 397 440 488 vi‘ternn
468 428 545 489 xm
564 427 631 490 nal.
649 427 844 505 decembris,
862 431 916 492 n-

119 519 266 584 dictione
277 523 396 599 prima,
410 527 560 586 annolv.
573 528 691 588 Datum
705 543 766 605 per
780 544 914 591 manum

120 619 280 696 Raynerii
296 619 495 697 patriarchae
506 623 704 686 antiocheni
721 627 914 689 cancellarii

119 716 227 778 vicem
242 718 382 792 agentis.

481 897 554 985 LII

118 1037 915 1119 Addecenum,centoremetmaptstmcmcbrts·

208 1134 343 1197 tionum
350 1140 554 1199 cervanicam
566 1142 823 1202 ambianenses.
836 1201 841 1206 ,

409 1267 441 1324 nl
459 1283 526 1325 nov.
544 1269 622 1327 lala.

164 1387 285 1452 [liegest.,
296 1388 340 1440 lib.
349 1389 440 1454 neap.
459 1390 514 1441 did.
524 1391 582 1442 llss.
596 1393 633 1443 La
642 1393 716 1443 Porte
726 1394 760 1444 dn
773 1393 866 1459 rhein]

116 1493 236 1552 blandat
256 1496 298 1552 eis
316 1503 347 1553 ut
367 1497 538 1570 magistrum
566 1499 724 1557 Walterum
746 1499 782 1556 de
810 1500 914 1557 Sancto

153 1583 317 1641 audomaro
339 1584 490 1657 prebenda
503 1587 557 1658 ipsi
582 1588 611 1643 in
630 1588 750 1645 ecclesia
767 1588 794 1645 S.
816 1588 911 1646 nudo·

151 1672 224 1728 marl
238 1673 396 1745 assignata,
413 1673 531 1746 pacissce
547 1672 654 1732 sacient
668 1675 806 1749 gaudere.

158 1798 337 1869 Honorius,
353 1800 431 1869 etc..
457 1798 586 1863 dilectis
608 1799 724 1861 tiliis...
749 1801 910 1863 decano...

114 1894 246 1955 cantori
280 1896 313 1958 et
344 1897 503 1973 magistro
538 1897 725 1960 Christiano
752 1898 913 1960 canonico

116 1990 311 2053 ambianen
325 1993 479 2062 salutem,
496 1995 558 2056 etc.

156 2088 283 2151 Dilecto
298 2090 366 2151 tilio
386 2092 545 2167 magistro
558 2092 708 2155 Waltero
729 2093 770 2154 de
792 2095 912 2157 Sancto

118 2186 303 2247 audomaro
314 2203 426 2249 coram
437 2188 622 2250 nobisolim
634 2189 805 2252 humiliter
815 2206 913 2268 expo·

118 2285 215 2344 nente
248 2285 333 2362 quod
375 2284 470 2347 bonae
510 2286 679 2348 memoriae
714 2289 912 2364 praepositus

115 2380 229 2442 Sancti
248 2382 428 2443 audomari
443 2399 518 2444 ecam
537 2384 573 2444 in
596 2399 693 2444 suum
714 2383 910 2446 familiarem

117 2477 291 2554 recipiens,
315 2482 348 2541 et
370 2480 565 2556 promittens
584 2480 692 2541 eidem
711 2497 750 2542 se
771 2481 807 2542 in
826 2498 913 2559 prae·

116 2570 250 2635 bendali
262 2573 424 2638 beneflcio
439 2577 663 2654 provisurum,
675 2579 846 2655 assignata
861 2578 913 2639 in-

116 2667 213 2730 terim
238 2671 269 2731 ei
294 2686 406 2733 annue
430 2672 591 2749 pensione
612 2671 654 2734 ad
681 2673 910 2736 dimittendum

114 2766 224 2828 scolas
239 2768 390 2831 eumdem
408 2768 608 2844 induxeram
626 2769 683 2830 sed
706 2771 910 2847 postmodum

112 2865 347 2939 promissionis
359 2882 428 2927 suae
439 2867 612 2943 negligens
628 2870 786 2929 executor
800 2885 909 2945 quan-

111 2976 213 3037 quam
238 2963 268 3023 ei
295 2963 407 3038 plures
435 2964 622 3042 praebendee
644 2967 829 3037 vacassent,
847 2965 911 3025 sibi

109 3060 303 3120 tamennon
316 3064 491 3122 curaverat
504 3062 688 3138 providere.
703 3063 771 3122 Nos
780 3063 910 3122 aetatem

107 3158 145 3219 et
157 3157 382 3219 litteraturam
393 3159 543 3236 praedicti
554 3159 704 3234 magistri
717 3159 854 3235 provide
866 3158 913 3221 at·

109 3254 908 3328 tendentesetdolenteseumdemillusumiuisse,

108 3352 272 3412 venerab.
283 3352 538 3416 tratrinostro...
548 3352 742 3416 ambianen.
755 3354 910 3432 episcopo

111 3452 147 3511 et
166 3449 304 3525 collegis
324 3451 445 3527 ipsius,
469 3451 593 3512 nostris
614 3449 764 3512 dedimus
790 3452 910 3514 litteris

113 3547 149 3606 in
163 3546 330 3608 mandatis
346 3550 382 3609 ut
394 3563 468 3608 eum
483 3548 517 3611 in
529 3547 671 3609 ecclesia
683 3550 715 3609 S.
729 3548 911 3610 audomari

113 3644 221 3720 recipi
236 3644 394 3706 iacientes
409 3645 444 3706 in
456 3645 653 3707 canonicum
666 3646 699 3706 et
713 3646 746 3705 in
760 3644 907 3717 tratrem,

114 3741 911 3820 praebendnmsiquavaearetibidem,velquan·

113 3838 910 3902 tociusset'acultaseiauotoritatenostraconier·

114 3938 200 4009 rent‚
213 3937 472 4001 contradictores
481 3953 539 4014 per
549 3951 725 3998 censuram
737 3936 910 3999 ecclesias

114 4036 215 4097 ticam
230 4034 453 4115 appellatione
467 4034 649 4112 postposita
659 4032 907 4110 compescendo,

115 4132 148 4193 et
181 4128 328 4208 cogendo
361 4132 578 4193 nibilominus
606 4131 769 4192 vicarium
804 4130 909 4208 ipsius

114 4230 286 4307 praepositi
308 4230 348 4291 ad
377 4229 569 4307 praedictam
596 4228 660 4290 sibi
689 4227 909 4290 exhibendam

115 4327 249 4389 interim
265 4327 470 4404 pensionem.
480 4327 542 4398 Qui
555 4326 641 4387 sicut
654 4325 740 4386 idem
750 4325 910 4401 magister

115 4423 150 4484 in
164 4424 280 4485 nostre
291 4439 397 4501 nuper
410 4422 582 4501 proposuit
595 4422 773 4501 praesentia
784 4422 910 4490 consti-

114 4521 215 4592 tutus,
232 4522 410 4597 comperto,
434 4520 520 4598 quod
538 4521 612 4583 duae
627 4519 789 4583 vacabant
801 4519 836 4580 in
849 4535 907 4580 ec-

115 4619 217 4679 clesia
238 4619 311 4695 ipse
340 4617 536 4696 prebenda,
564 4633 704 4696 quarum
730 4604 836 4680 alte'ra
867 4631 909 4678 ex

115 4716 293 4778 collatione
308 4718 422 4778 uestra
435 4715 566 4777 cuidam
579 4715 642 4778 fuit
655 4714 812 4791 scriptori
829 4729 909 4774 nos-

115 4815 165 4874 tro
183 4813 316 4885 collata,
333 4813 373 4874 de
396 4812 501 4875 altera
516 4813 736 4874 investierunt
759 4810 909 4872 eumdem

114 4913 147 4973 et
162 4910 312 4972 lecerunt
334 4911 441 4987 ipsum
462 4925 522 4987 per
540 4909 697 4986 quosdam
719 4909 907 4986 religiosos,

115 5024 214 5086 quum
230 5008 375 5069 decanus
395 5010 428 5069 et
439 5007 619 5083 capitulum
641 5006 767 5068 nollent
781 5006 843 5067 boc
858 5004 910 5067 sa-

114 5121 188 5167 oere
199 5107 235 5167 in
250 5104 391 5167 ecclesia
405 5106 572 5181 tamquam
585 5104 781 5165 canonicum
796 5103 910 5165 instal-

114 5203 187 5264 lari.
199 5204 263 5265 Sed
277 5202 392 5280 quia...
403 5202 547 5264 decanus
558 5204 590 5263 et
601 5200 783 5279 capitulum
796 5217 910 5279 supra-

113 5301 192 5362 dicti
203 5315 393 5378 quanquam
406 5299 446 5360 ad
455 5314 512 5360 eos
525 5313 590 5359 non
605 5297 910 5375 pertineatoollatio

113 5396 367 5476 praebendarum
380 5397 595 5473 suggerentes
610 5394 705 5456 nobis
717 5395 802 5473 quod
815 5411 911 5456 man-

113 5496 270 5557 daramus
293 5493 461 5555 reservari
487 5492 609 5555 nostrae
631 5492 800 5554 donationi
817 5508 909 5570 prae-

113 5589 907 5668 bendamprimoiueorumecclesiavacaturam,

743 271 972 333 nrrsronrn.
996 214 1073 336 mn.
1096 246 1150 338 rv.

1708 290 1768 352 sto

969 436 1003 496 et
1014 436 1192 512 preedlctus
1210 439 1369 515 magister
1381 457 1481 520 super
1502 446 1692 523 receptione
1712 450 1766 511 sui

969 531 1009 592 ad
1027 533 1200 608 praelatum
1214 536 1409 600 Ambiauen.
1422 541 1614 620 episcopum
1622 561 1768 625 suosque

969 628 1115 705 collegas
1129 631 1169 692 de
1182 634 1365 709 praemissis
1379 653 1445 698 non
1457 638 1570 702 habita
1584 643 1765 717 mentione,

969 725 1030 786 sub
1043 728 1132 788 certa
1160 727 1265 790 forma
1281 734 1411 793 nostras
1427 734 1555 798 litteras
1570 739 1768 815 impetraret

970 825 1767 913 magisterWillelmocanoniconrien.etquibus-

969 920 1044 981 darn
1055 921 1132 982 aliis
1147 923 1279 985 clericis
1294 941 1355 1002 per
1369 928 1528 1004 quasdam
1538 932 1624 994 alias
1637 934 1767 997 litteras

969 1016 1029 1078 sub
1040 1018 1146 1080 forma
1156 1019 1328 1098 simplicia
1340 1023 1435 1084 nobis
1446 1025 1597 1090 obtentas
1608 1030 1766 1093 ineadem

969 1103 1111 1176 ecclesia
1126 1117 1308 1179 nitentibus
1316 1120 1533 1184 nibilominus
1544 1126 1764 1202 praebendari,

969 1228 1109 1289 quorum
1131 1215 1307 1277 occasione
1327 1218 1555 1295 multipliciter
1573 1224 1766 1298 gravaban-

968 1310 1768 1398 tur.Nos...abbatiSanctiJobannis,etejuscol·

968 1405 1052 1482 legis
1071 1407 1254 1470 direximus
1274 1411 1397 1488 scripta
1420 1415 1533 1476 nostra
1549 1416 1586 1477 ut
1604 1416 1766 1481 decenum

968 1505 1002 1564 et
1023 1505 1202 1581 capitulum
1223 1511 1433 1582 memoratos,
1447 1512 1623 1575 occasione
1642 1513 1766 1593 hujus-

968 1601 1056 1661 modi
1069 1600 1265 1677 litterarum,
1276 1621 1484 1683 nequaquam
1497 1607 1538 1669 de
1553 1611 1673 1672 caetero
1688 1628 1765 1674 mo-

969 1697 1082 1759 lestari
1098 1701 1336 1775 permitterent,
1349 1703 1417 1764 nisi
1429 1720 1449 1766 a
1462 1705 1559 1767 nobis
1574 1708 1765 1771 mandatum

968 1794 1057 1855 aliud
1072 1799 1244 1860 emanaret
1264 1799 1351 1875 quod
1366 1800 1406 1861 de
1430 1802 1611 1877 premissis
1632 1805 1764 1882 plenam

968 1889 1092 1954 iaceret
1113 1895 1325 1960 mentionem.
1352 1898 1445 1959 Unde
1467 1899 1575 1962 dictus
1594 1901 1707 1975 abbas,
1733 1905 1767 1966 et

968 1991 1040 2065 ejus
1067 1990 1203 2067 collegae
1234 1994 1410 2055 occasione
1434 1996 1579 2058 mandati
1606 1998 1647 2059 ed
1673 2001 1765 2077 ipsos

967 2086 1097 2159 directi,
1112 2089 1261 2166 praedicti
1278 2091 1425 2168 episcopi
1445 2095 1478 2154 et
1496 2093 1699 2170 collegarum
1712 2097 1768 2174 lp-

967 2183 1038 2244 sius
1054 2185 1230 2247 imitavere
1244 2203 1449 2264 processum,
1465 2205 1504 2252 ac
1519 2191 1548 2250 si
1564 2191 1705 2255 onentae
1723 2193 1765 2256 ad

967 2281 1154 2344 eoslitterae
1167 2286 1384 2346 revocatoriae
1400 2287 1656 2362 praecedentium
1673 2291 1765 2352 exti-

966 2377 1178 2453 tissen13sed
1202 2385 1403 2443 memoratus
1428 2384 1603 2460 episcopus
1626 2388 1765 2464 ejusque

966 2473 1103 2550 collegae
1117 2492 1183 2537 non
1198 2477 1370 2539 credentes
1395 2495 1473 2540 suas
1489 2484 1664 2544 revocatas
1687 2498 1761 2545 esse

966 2571 1094 2633 litteras
1109 2589 1168 2650 per
1180 2575 1355 2647 secundas,
1364 2592 1439 2637 cum
1450 2578 1617 2654 aequitatis
1626 2579 1765 2642 instinc·

965 2669 1012 2740 tu,
1027 2686 1100 2746 quae
1117 2672 1275 2747 praevalet
1284 2673 1354 2749 juri
1369 2674 1494 2745 stricto,
1509 2676 1590 2737 moti
1601 2675 1763 2740 fuerimus

966 2765 1007 2827 ad
1018 2769 1143 2843 justam
1158 2768 1311 2844 gratiam,
1333 2772 1365 2831 et
1377 2772 1557 2846 gratiosam
1579 2773 1643 2834 sibi
1654 2775 1760 2852 justi-

965 2864 1044 2925 tiam
1060 2864 1256 2937 faciendam,
1273 2868 1469 2943 praesertim,
1482 2885 1556 2930 cum
1570 2869 1657 2933 sicut
1669 2888 1761 2948 prae·
1786 2936 1789 2940 Δ

966 2960 1089 3021 dictum
1105 2964 1164 3033 est,
1180 2961 1220 3023 de
1240 2963 1418 3025 collatione
1441 2965 1693 3041 praebendarum
1714 2969 1762 3031 nil

965 3057 1098 3118 intersit
1135 3058 1253 3120 decani
1283 3061 1316 3122 et
1350 3062 1487 3137 capituli
1515 3065 1761 3144 praedictarum,

965 3154 1183 3216 nibilominus
1194 3157 1302 3233 ipsum
1314 3158 1349 3218 in
1361 3158 1508 3231 tratrem,
1522 3163 1555 3222 et
1565 3163 1761 3224 canonicum

965 3252 1070 3329 recipi
1104 3253 1356 3327 mandaverunt,
1385 3257 1434 3316 eis
1465 3259 1694 3334 suspensionis
1728 3261 1762 3322 et

965 3351 1319 3412 excommunicationis
1337 3368 1434 3428 poena
1450 3353 1589 3415 firmiter
1602 3354 1761 3418 inhiben-

964 3448 1026 3518 tes,
1038 3448 1129 3508 nead
1143 3448 1484 3526 dictampraebeudam
1499 3451 1602 3513 alium
1611 3453 1761 3530 recipere

965 3544 1175 3606 attentarent.
1187 3549 1296 3629 Qpare
1306 3546 1483 3624 saepefatus
1496 3549 1654 3625 magister
1663 3550 1760 3613 nobis

964 3641 1192 3718 multiplicatis
1206 3643 1484 3706 intercessoribus
1502 3647 1710 3723 supplicavit,
1725 3649 1762 3710 ut

964 3739 1202 3815 compatientes
1236 3742 1307 3801 suis
1335 3741 1504 3803 laboribus
1530 3747 1563 3805 et
1590 3744 1759 3822 expensis,

964 3836 1050 3912 quod
1073 3852 1132 3913 per
1145 3837 1297 3898 eumdem
1321 3840 1523 3917 episcopum,
1549 3843 1582 3903 et
1597 3845 1669 3919 ejus
1688 3843 1761 3904 col·
1839 3831 1852 3849 '

965 3932 1056 4009 legas
1078 3934 1214 4009 provide
1238 3937 1347 3996 actum
1372 3940 1423 3998 est
1446 3938 1555 3998 ratum
1577 3937 1700 4000 babere
1721 3956 1761 4002 ac

963 4030 1153 4106 apostolico
1165 4031 1381 4106 dignaremur
1392 4033 1575 4094 munimine
1590 4035 1759 4098 roborare.

964 4127 1178 4189 attendentes
1211 4128 1334 4204 itaque,
1361 4127 1447 4205 quod
1483 4130 1546 4190 etsi
1582 4132 1760 4207 praedictus

964 4224 1125 4300 magister
1158 4223 1285 4285 nullum
1295 4227 1352 4302 jus
1381 4225 1415 4286 in
1442 4226 1642 4298 rehaberet,
1669 4229 1759 4307 pium

964 4323 1075 4383 tamen
1104 4323 1165 4393 est,
1190 4323 1224 4384 et
1245 4338 1427 4384 consonum
1460 4322 1638 4398 honestati,
1665 4329 1699 4388 ut
1725 4327 1760 4389 in

965 4419 1121 4497 praedicta
1133 4420 1274 4481 ecclesia
1284 4420 1477 4494 honoretur,
1490 4437 1552 4483 nee
1564 4425 1714 4494 nonnisi
1724 4426 1760 4487 in

964 4517 1071 4594 patria
1098 4532 1158 4578 sua
1184 4517 1338 4580 videatur
1370 4521 1535 4597 acceptus,
1567 4520 1759 4584 discretioni

963 4616 1084 4676 vestrae
1109 4630 1167 4691 per
1190 4616 1380 4692 apostolica
1400 4617 1524 4694 scripta
1551 4618 1759 4692 mandamus,

964 4714 1126 4789 quatenus
1135 4714 1329 4774 revocantes
1340 4711 1369 4773 si
1382 4713 1459 4789 quid
1471 4712 1555 4775 torte
1567 4714 1602 4775 in
1611 4715 1760 4791 praedicti

964 4809 1114 4885 magistri
1125 4808 1762 4890 praejudioiumpostquamiteramipuit

964 4905 1119 4969 veniendi
1130 4904 1172 4967 ad
1189 4905 1306 4966 sedem
1321 4906 1761 4983 apostolicaminveneritis

965 5004 1169 5074 attentatum,
1179 5003 1395 5064 canonicatus
1406 5005 1438 5064 et
1450 5003 1636 5080 praebendae
1651 5005 1760 5084 ipsum

964 5101 1094 5162 iacietis
1110 5099 1247 5176 pacifica
1263 5100 1474 5176 possessione
1494 5102 1650 5178 gaudere.
1669 5105 1760 5166 Con·

963 5197 1159 5259 tradictores
1181 5196 1210 5256 si
1232 5196 1288 5273 qui
1313 5195 1436 5259 fuerint
1457 5197 1511 5259 vel
1533 5198 1675 5260 rebelles
1702 5216 1762 5278 per

965 5308 1138 5355 censuram
1164 5291 1425 5354 ecclesiasticam
1453 5292 1583 5354 sublato
1609 5295 1761 5371 appella-

965 5390 1066 5454 tionis
1081 5388 1251 5452 obstaculo
1267 5393 1525 5467 compescentes.
1543 5389 1634 5462 Quod
1649 5391 1678 5451 sl
1693 5407 1760 5454 uon

964 5503 1089 5559 omnes,
1111 5488 1172 5549 etc.
1191 5488 1309 5549 Datum
1323 5485 1465 5548 viterbii
1484 5488 1511 5546 11
1528 5486 1689 5549 kalendas
1701 5489 1762 5552 de-

965 5584 1105 5646 cembris
1120 5584 1330 5660 pontificatus
1345 5583 1449 5649 nostri
1468 5586 1698 5661 annoquarto.
