3774 6186
110 242 173 304 865

112 414 185 464 rem
208 401 281 475 Dei,
307 403 340 465 et
360 401 508 479 Virginis
533 401 689 477 gloriosa
728 402 908 464 Genitrlcis

111 501 276 575 ejusdem,
294 500 465 561 desideras
489 500 654 570 dedicare,
682 503 719 560 ut
744 501 907 576 teipsum

113 595 159 656 ibi
180 597 321 658 Domino
347 598 469 658 offeras
496 597 738 668 holocaustum,
768 601 800 658 et
824 597 907 656 alias

113 695 266 770 exemplo
278 697 335 755 tuo
351 695 392 755 ad
412 695 562 755 divinum
578 694 772 770 obsequium
786 710 909 770 provo-

111 805 179 863 ces,
203 793 239 852 in
250 795 307 868 jus
326 793 360 853 et
385 792 621 869 proprietatem
649 791 737 853 beati
762 793 852 853 Petri
876 793 909 852 et

113 887 270 949 Bcclesiae
292 892 449 950 Romanae
465 890 684 966 suscepimus.
696 890 908 965 Verumquia

111 986 237 1059 petiisti
249 986 385 1057 anobis,
401 989 437 1048 ut
450 988 558 1048 locum
571 987 680 1063 ipsum
694 1003 733 1047 ac
748 1003 908 1063 personas

112 1080 144 1142 in
159 1099 202 1144 eo
218 1085 357 1145 Domino
383 1083 580 1145 famulantes
605 1085 719 1145 contra
740 1085 908 1160 maligno·

110 1192 184 1240 rum
197 1180 363 1251 incursus,
376 1181 590 1257 protectionis
603 1183 696 1241 Sedis
711 1183 908 1257 apostolicae

106 1277 289 1353 privilegio
317 1279 534 1349 muniremus,
552 1294 612 1339 nos
632 1280 699 1339 tuis
710 1279 811 1354 justis
827 1294 907 1354 pre·

104 1373 208 1434 cibus
223 1375 386 1446 inclinati,
401 1375 524 1437 dictum
542 1376 781 1436 monasterium
797 1376 909 1450 Virgi-

97 1471 161 1533 nis
177 1472 346 1547 gloriosae,
363 1472 449 1550 quod
465 1472 506 1532 ad
523 1475 705 1533 Romanam
726 1474 908 1533 Ecclesiam

97 1568 208 1629 nullo
224 1571 368 1645 pertinet
379 1570 557 1641 mediante,
574 1570 608 1629 in
623 1586 687 1646 quo
703 1571 907 1631 divino-estis

97 1664 274 1742 obsequio
286 1667 494 1742 mancipatae,
512 1683 585 1728 cum
611 1668 774 1743 personis,
791 1671 825 1728 et
837 1683 909 1727 om-

97 1762 210 1824 nibus
224 1764 322 1824 rebus
338 1765 408 1824 suis
421 1764 482 1824 sub
497 1764 584 1825 beati
598 1765 688 1825 Petri
705 1766 908 1840 protectione

97 1861 323 1937 suscipimus
340 1863 374 1922 et
401 1863 573 1937 praesentis
592 1862 707 1938 scripti
733 1862 908 1937 privilegio

97 1958 366 2018 communimus.
383 1961 420 2020 in
439 1959 562 2035 primis
578 1958 741 2035 siquidem
758 1961 908 2020 statuen-

99 2056 172 2125 tes,
203 2058 239 2116 ut
275 2056 357 2116 ordo
388 2057 601 2126 monasticus,
636 2057 693 2132 qui
724 2056 906 2116 secundum

106 2154 226 2223 Deum,
251 2155 285 2213 et
311 2152 398 2213 beati
425 2153 595 2215 Benedicti
624 2154 785 2228 regulam,
808 2169 907 2230 quam

107 2250 363 2326 prosequimini,
376 2251 410 2310 in
424 2250 539 2311 eodem
559 2251 632 2311 loco
647 2251 820 2312 institutus
833 2266 907 2313 esse

108 2345 327 2421 dignoscitur,
362 2348 529 2423 perpetuis
553 2347 674 2408 ibidem
703 2347 906 2423 temporibus

109 2441 350 2503 iuviolabiliter
368 2442 575 2514 observetur,
605 2436 835 2504 observantias
850 2445 907 2503 ni-

109 2535 292 2598 hilominus
318 2539 502 2615 regulares,
527 2555 609 2617 quas
631 2542 727 2615 Juxta
755 2540 905 2601 ordinem

111 2635 335 2706 Dominarum,
363 2639 395 2697 S.
425 2636 541 2697 Mariae
570 2639 603 2700 et
627 2640 660 2697 S.
683 2638 844 2700 Damiano
866 2637 905 2698 de

110 2732 236 2793 assisio
249 2734 371 2810 praeter
389 2733 578 2809 generalem
608 2735 720 2795 Sancti
737 2734 905 2795 Benedicti

111 2830 260 2904 regulam
285 2829 377 2890 vobis
399 2830 586 2892 voluntarie
615 2831 793 2901 indixistis,
816 2832 905 2892 ratas

111 2923 282 2997 babemus,
306 2927 407 2987 eteas
420 2928 586 3004 perpetuis
607 2927 810 3003 temporibus
834 2942 907 2987 ma·

110 3038 188 3084 uere
206 3024 418 3084 decernimus
444 3024 601 3085 illibatas.
619 3027 781 3085 Praeterea
797 3025 905 3085 locum

110 3124 266 3192 vestrum,
285 3122 317 3181 et
332 3136 382 3192 ea,
398 3138 471 3198 quae
486 3122 520 3181 in
535 3122 641 3198 ipsius
661 3121 802 3183 circuitu
816 3122 905 3198 juste

108 3219 320 3280 accanonice
333 3219 520 3295 possidetis,
534 3218 639 3290 vobis,
654 3220 687 3279 et
702 3234 761 3295 per
775 3235 834 3280 vos
849 3219 904 3291 iis,

109 3331 180 3392 quae
209 3316 306 3376 vobis
335 3317 495 3378 canonice
518 3315 757 3389 successerint,
782 3317 907 3379 confir-

108 3428 249 3474 mamus.
278 3416 306 3475 A
332 3414 545 3491 praestatione
586 3430 665 3476 vero
703 3415 904 3477 decimarum

107 3511 272 3573 clausurae
283 3514 412 3583 vestre,
421 3511 501 3573 etde
514 3512 684 3573 hortorum
697 3513 858 3575 fructibus
873 3517 906 3576 et

108 3624 281 3686 pomorum
296 3624 355 3671 vos
375 3624 448 3670 esse
470 3609 689 3680 decernimus,
708 3612 904 3674 auctoritate

108 3707 239 3783 paginae
252 3707 437 3783 praesentis,
458 3707 632 3767 immunes.
661 3710 725 3768 Pro
739 3709 780 3769 iis
793 3710 903 3770 autem

107 3804 238 3874 etaliis,
261 3803 428 3882 inquibus
452 3805 593 3865 ecclesia
608 3807 719 3865 vestra
732 3805 804 3881 lege
820 3807 905 3867 dioe·

105 3916 228 3963 cesana
261 3901 373 3962 forsan
406 3903 607 3963 florentinae
639 3902 789 3963 ecclesiae
811 3904 905 3965 tene-

106 4000 198 4061 retur
225 4014 325 4059 unam
352 3998 471 4059 libram
498 4015 584 4060 cerae
610 4000 749 4070 tantum,
780 4001 813 4061 et
837 4016 902 4061 non

106 4094 195 4157 aliud
222 4095 258 4155 in
287 4095 369 4157 festo
397 4097 510 4159 Sancti
546 4095 680 4157 Zenobii
700 4097 903 4159 Florentinae

105 4192 258 4256 ecclesia
276 4194 374 4254 annis
397 4193 539 4269 singulis
556 4194 762 4269 persolvetis.
788 4196 904 4258 Liceat

107 4304 239 4367 quoque
269 4290 362 4351 vobis
378 4291 535 4352 mulieres
551 4290 673 4352 liberas
686 4294 719 4354 et
732 4291 903 4355 absolutas

104 4387 263 4447 esaeculo
279 4386 443 4461 fugientes
464 4387 504 4447 ad
520 4389 770 4451 conversionem
786 4390 820 4450 in
840 4406 902 4452 ec-

104 4483 209 4547 clesia
234 4484 344 4544 vestra
356 4484 517 4561 recipere,
537 4486 570 4546 et
599 4501 657 4546 eas
670 4486 743 4548 sine
768 4490 902 4549 contra·

103 4580 249 4643 diodone
261 4581 441 4658 cujuslibet
451 4583 608 4645 retinere.
624 4601 642 4642 s

141 4677 396 4739 ‹Prohibemus
422 4677 539 4751 etiam,
567 4695 607 4740 ac
635 4680 720 4740 nulli
748 4697 901 4742 sororum

101 4777 300 4847 vestrarum,
320 4778 396 4851 post
418 4775 539 4837 factam
565 4777 600 4838 in
625 4778 767 4839 ecclesia
790 4781 900 4840 vestra

103 4873 353 4950 professionem,
377 4873 427 4933 fas
443 4873 486 4934 sit
500 4873 540 4934 de
562 4873 675 4934 eodem
699 4874 772 4935 loco
791 4875 901 4936 disce·

102 4968 191 5039 dere,
208 4986 268 5029 seu
282 4969 464 5029 claustrum
486 4971 633 5030 vestrum
658 4970 763 5032 exire.
780 4973 898 5033 Disce-

101 5066 234 5128 dentem
249 5081 342 5136 vero,
368 5065 493 5144 absque
517 5067 740 5128 communium
766 5068 898 5130 littera-

102 5179 174 5227 rum
200 5163 388 5224 vestrarum
420 5164 595 5235 cautione,
633 5164 744 5225 nullus
779 5166 899 5228 audeat

101 5261 256 5322 retinere.
277 5259 427 5336 aliisque
451 5260 602 5337 personis
627 5277 835 5339 nequaquam
852 5263 897 5322 li-

101 5360 174 5423 caat
188 5358 319 5433 ingredi
334 5357 514 5418 claustrum
528 5360 686 5429 vestrum,
702 5359 765 5419 nisi
780 5360 840 5431 eis,
857 5360 898 5420 de

100 5456 220 5533 quibus
233 5455 400 5516 licentiam
424 5454 606 5516 habueritis
629 5457 817 5532 specialem.
834 5460 899 5518 De-

100 5553 285 5615 dit-stiones
316 5567 395 5612 vero
434 5552 652 5614 ecclesiarum
684 5555 894 5626 vostrarum,

737 241 965 303 EPISTOLAE.
991 242 1068 300 LIB.
1094 242 1146 300 lV.

962 400 1228 462 consecrationes
1238 400 1410 469 altarium,
1420 400 1648 463 ordinationes
1662 399 1763 462 cleri·

962 513 1087 568 corum,
1106 497 1163 574 qui
1189 497 1230 557 ad
1252 513 1365 558 sacros
1390 498 1524 559 ordines
1548 498 1670 561 fuerint
1686 508 1764 575 pro·

963 594 1127 664 movendi,
1151 594 1374 654 adioecesano
1399 595 1571 671 postuletis
1595 595 1761 671 episcopo,

963 692 992 750 si
1008 706 1047 751 ea
1063 691 1166 766 gratis
1188 692 1222 751 et
1243 692 1316 751 sine
1342 692 1506 767 pravitate
1528 693 1640 769 aliqua
1666 692 1762 753 vobis

962 787 1108 847 voluerit
1133 785 1303 846 exhibere.
1339 787 1494 863 Alioquin
1534 788 1635 849 liceat
1669 787 1763 849 vobis

962 899 1202 959 quemcumque
1225 884 1412 944 malueritis
1443 885 1536 945 adire
1567 885 1760 956 antistitem,

963 981 1104 1055 gratiam
1121 982 1154 1040 et
1169 982 1434 1041 communionem
1448 983 1647 1058 Apostolicae
1667 983 1762 1043 Sedis

944 1092 946 1097 ·
963 1077 1149 1149 habentem,
1162 1078 1219 1154 qui
1230 1078 1323 1138 vobis
1336 1079 1534 1140 auctoritate
1546 1079 1641 1140 Sedis
1655 1083 1763 1155 Apos-

962 1175 1082 1245 tolicae,
1112 1176 1198 1252 quod
1221 1177 1417 1252 postulatur,
1437 1177 1616 1254 impendat.
1643 1181 1763 1238 Sacer-

962 1272 1023 1333 dos
1036 1274 1199 1349 siquidem
1215 1289 1358 1345 annuus,
1372 1274 1424 1335 vel
1441 1278 1630 1351 perpetuus,
1650 1275 1683 1335 in
1706 1293 1763 1336 ec-

961 1370 1065 1430 clesia
1096 1372 1218 1442 vestra,
1245 1386 1319 1431 cum
1345 1372 1549 1432 conscientia
1580 1372 1761 1433 dioecesani

962 1468 1110 1543 episcopi
1126 1470 1324 1538 assumatur,
1349 1471 1381 1531 et
1404 1470 1586 1530 sacerdotis
1613 1470 1760 1547 ejusdem

963 1565 1200 1625 correctionem
1226 1566 1419 1626 canonicam
1446 1567 1637 1628 Florentino
1657 1569 1758 1644 episc.

963 1677 1184 1723 reservamus.
1202 1663 1350 1724 Obeunte
1368 1679 1446 1724 vero
1462 1667 1494 1725 te
1510 1680 1597 1725 nunc
1610 1665 1760 1742 ejusdem

962 1757 1028 1818 loci
1039 1757 1220 1830 abbatissa,
1231 1760 1283 1820 vel
1294 1760 1426 1820 tuarum
1440 1776 1592 1821 sororum
1603 1761 1663 1823 tibi
1676 1778 1760 1838 qua-

963 1854 1042 1916 libet
1054 1871 1258 1927 successura,
1271 1857 1363 1917 nulla
1378 1856 1424 1917 ibi
1439 1858 1760 1936 cujuslibetsubrep·

962 1951 1063 2013 tionis
1078 1954 1200 2014 astutia
1216 1968 1274 2014 seu
1285 1954 1443 2015 violentia
1460 1958 1683 2031 praeponatur,
1695 1957 1760 2017 nisi

962 2066 1061 2127 quam
1077 2066 1208 2111 sorores
1222 2052 1387 2112 communi
1403 2068 1568 2114 consensu
1582 2055 1634 2114 vel
1659 2069 1757 2114 soro-

961 2163 1036 2207 rum
1057 2162 1135 2223 pars
1159 2148 1291 2208 consilii
1311 2150 1466 2222 sanioris,
1495 2151 1677 2212 secundum
1699 2151 1759 2212 Dei

961 2244 1125 2315 timorem,
1141 2245 1173 2305 et
1184 2244 1272 2306 beati
1286 2246 1455 2307 Benedicti
1468 2248 1628 2322 regulam,
1646 2249 1759 2325 provi-

962 2341 1072 2402 derint
1091 2341 1288 2417 eligendam.
1315 2343 1516 2404 Blectionem
1537 2361 1667 2423 quoque
1686 2347 1757 2407 Ro-

962 2454 1059 2499 mano
1071 2438 1224 2500 Pontifici
1237 2441 1289 2500 vel
1302 2440 1411 2515 legato
1427 2441 1468 2501 ab
1484 2443 1556 2518 ejus
1567 2442 1671 2504 latere
1687 2443 1758 2504 des·

961 2535 1081 2607 tinato,
1125 2537 1183 2596 aut
1219 2537 1273 2608 ei,
1310 2538 1364 2598 cui
1398 2539 1553 2600 Pontifex
1588 2543 1756 2602 Romanus

962 2631 1155 2708 injunxerit,
1171 2636 1421 2709 repraesentent,
1437 2652 1456 2696 a
1472 2652 1537 2713 quo
1549 2637 1663 2699 electae
1677 2654 1758 2699 con-

962 2729 1158 2791 firmationis
1183 2733 1216 2792 et
1239 2731 1480 2793 benedictionis
1497 2736 1605 2810 gratia
1629 2736 1759 2812 impen-

961 2827 1068 2887 datur.
1098 2829 1326 2890 correctiones
1352 2831 1491 2907 insuper
1520 2835 1587 2894 tam
1614 2833 1754 2908 capitis,

960 2940 1058 3000 quam
1079 2925 1311 2994 membrorum,
1329 2944 1430 3004 super
1450 2929 1613 3001 omnibus,
1631 2947 1704 3008 quae
1720 2932 1756 2991 in

961 3021 1100 3081 ecclesia
1124 3021 1248 3084 fuerint
1275 3025 1492 3100 corrigenda,
1518 3027 1582 3087 soli
1608 3030 1756 3088 Romano

961 3118 1126 3189 Pontifici,
1143 3119 1196 3180 vel
1213 3120 1257 3191 ei,
1269 3136 1365 3197 quem
1380 3122 1452 3197 ipse
1471 3123 1512 3182 ad
1538 3123 1601 3184 boc
1616 3125 1759 3200 deputa·
1845 3152 1848 3157 ·

959 3216 1056 3288 verit,
1083 3231 1306 3278 reservamus.
1338 3219 1555 3280 Prohibemus
1584 3221 1686 3295 igitur
1714 3237 1756 3282 ne

960 3315 1034 3390 quis
1049 3315 1235 3396 episcopus,
1249 3316 1301 3376 vel
1318 3317 1472 3392 quaelibet
1493 3317 1559 3377 alia
1577 3318 1757 3379 ecclesias·

959 3412 1025 3472 tica
1037 3412 1251 3473 saecularisve
1266 3428 1418 3489 persona,
1435 3414 1605 3478 libertates
1625 3420 1755 3478 vestras
1830 3454 1835 3461 -

959 3509 1142 3584 infringere
1155 3512 1213 3571 aut
1225 3510 1360 3572 obtentu
1381 3512 1559 3588 cuiuslibet
1572 3517 1753 3576 consuetu·

960 3606 1058 3677 dinis,
1073 3608 1125 3668 vel
1142 3607 1208 3668 alio
1224 3609 1320 3670 modo
1337 3609 1462 3686 aliquid
1483 3626 1503 3670 a
1525 3610 1619 3671 vobis
1635 3612 1756 3674 audeat

959 3706 1168 3780 extorquere,
1184 3722 1243 3766 seu
1264 3706 1299 3767 in
1321 3723 1391 3779 vos,
1414 3709 1467 3768 vel
1482 3709 1656 3770 ecclesiam
1679 3725 1755 3771 ves-

959 3802 1055 3872 tram,
1071 3802 1237 3863 interdicti
1253 3804 1304 3864 vel
1315 3806 1668 3867 excommunicationis
1677 3823 1754 3869 sen-

959 3897 1079 3958 tentius
1094 3901 1304 3974 promulgare
1329 3904 1518 3977 praesumat.
1541 3905 1621 3963 Cum
1643 3907 1753 3965 autem

958 3997 1114 4070 generale
1142 3997 1351 4057 interdictum
1381 3999 1479 4060 terrae
1504 3998 1622 4072 fuerit,
1653 4001 1753 4063 liceat

957 4090 1064 4164 vobis,
1078 4093 1202 4154 clausis
1214 4094 1340 4171 januis,
1358 4095 1504 4156 exclusis
1523 4100 1753 4160 excommuni-

958 4189 1040 4251 catis
1055 4191 1107 4251 vel
1123 4191 1317 4262 interdictis,
1336 4207 1401 4252 non
1416 4193 1555 4269 pulsatis
1568 4196 1750 4271 campanis,

957 4303 1134 4364 suppressa
1168 4304 1260 4360 voce,
1288 4289 1540 4367 divinaefflcia
1567 4293 1749 4366 celebrare,

957 4385 1751 4462 specialiterinhibentesneusurariosetexcom·

956 4484 1141 4545 municatos
1156 4487 1214 4545 aut
1227 4485 1413 4558 haereticos,
1431 4487 1483 4549 vel
1506 4487 1546 4550 de
1561 4488 1682 4550 baeresi
1698 4491 1751 4552 in-

956 4579 1107 4653 famatos,
1118 4583 1151 4643 et
1162 4583 1356 4644 nominatim
1370 4585 1593 4648 aillorentina
1607 4589 1749 4650 ecclesia

955 4679 1161 4750 interdictos,
1171 4681 1381 4755 praesumatis
1397 4683 1431 4742 in
1447 4684 1516 4744 vita
1527 4685 1580 4745 vel
1597 4685 1630 4745 in
1644 4687 1749 4747 morte

956 4776 1200 4852 quomodolibet
1211 4779 1358 4853 recipere
1376 4779 1417 4839 ad
1431 4779 1556 4841 divina.
1572 4782 1640 4841 Nec
1655 4783 1749 4845 vobis

955 4872 1054 4933 liceat
1077 4874 1281 4950 sepulturam
1306 4874 1429 4935 babere
1453 4877 1518 4936 nisi
1533 4892 1593 4954 pro
1608 4878 1750 4942 vobiset

955 4970 1106 5044 personis
1121 4971 1209 5043 aliis,
1226 4987 1300 5047 quaa
1314 4972 1356 5031 ad
1371 4973 1657 5038 vestrumfuerint
1670 4993 1752 5038 ser«

954 5066 1070 5128 vitium
1085 5067 1496 5142 representantem
1512 5071 1613 5150 hujus
1627 5088 1648 5134 a
1664 5075 1752 5136 Sede

954 5164 1142 5240 apostolica
1154 5168 1316 5242 perceptae
1324 5165 1487 5229 libertatis
1498 5185 1636 5232 aureum
1645 5187 1750 5239 unum
1767 5246 1774 5259 .

954 5259 1149 5337 persolvetis
1161 5264 1308 5325 Romano
1324 5266 1476 5327 Pontifici
1492 5268 1677 5328 annuatim.
1687 5287 1717 5328 »-

992 5360 1240 5420 «Decernlmus
1255 5376 1346 5438 ergo,
1370 5365 1406 5424 ut
1424 5364 1507 5424 nulli
1535 5364 1671 5425 omnino
1684 5365 1747 5426 ho-

953 5457 1077 5516 minum
1092 5456 1192 5519 liceat
1211 5458 1382 5535 praefatum
1406 5461 1643 5521 monasterium
1664 5478 1745 5538 per-

952 5554 1100 5625 turbare,
1138 5556 1196 5618 aut
1231 5559 1303 5633 ejus
1335 5557 1561 5634 possessiones
1593 5559 1741 5634 auferre,
