3774 6186
61 370 122 433 111
692 363 922 427 1111111111.
944 365 1024 427 111.
1047 366 1086 429 v.
1232 348 1237 363 ’
1644 366 1705 427 mo

62 530 135 593 sive
148 527 308 606 episcopi,
325 527 396 589 sive
411 525 551 589 alterins
563 524 677 587 clerici
692 526 750 587 aut
766 524 856 597 laici,
912 524 1105 602 sopiendam
1121 525 1292 589 subortam
1313 525 1457 590 fideliter
1475 525 1652 595 electuros,
1674 523 1709 586 et

60 643 124 691 rex
138 627 286 689 omnium
301 624 550 702 possessionum
566 622 657 684 illins
673 622 857 684 custodiam
912 622 961 684 sic
974 623 1063 700 qnod
1085 623 1183 685 electi
1200 624 1375 687 duodecim
1390 621 1469 703 (sic)
1486 621 1635 700 praestito
1646 622 1707 698 ju·

61 723 223 787 obtinebit
239 745 246 784 1
262 738 365 801 qnare
380 720 616 783 decedentibus
626 719 787 795 anglicis,
801 720 857 797 qui
912 721 1079 793 ramento,
1105 722 1192 798 quod
1221 722 1365 785 fideliter
1391 721 1566 784 veritatem
1591 718 1707 797 inqui-

61 822 290 900 possessiones
300 819 518 881 ecclesiarum
532 820 565 879 et
575 817 771 880 clericorum
786 817 858 879 dio-
911 819 986 879 rent
1011 820 1044 881 et
1063 819 1171 896 judici
1202 818 1359 881 referant.
1386 818 1496 882 111111
1525 816 1706 891 secundnm

60 921 104 983 111
123 919 304 996 provinciae
322 917 447 988 tenent,
466 932 533 978 non
553 915 595 977 ad
615 931 762 977 annuum
777 930 858 977 cen·
912 914 1018 978 relata
1038 916 1169 993 judicat
1191 920 1225 979 et
1249 917 1330 981 iacit
1355 917 1496 979 tirmiter
1520 913 1705 987 observari,

60 1034 146 1090 sum,
162 1017 250 1079 sicut
270 1015 542 1091 archiepiscopus
558 1013 690 1082 asserit,
706 1028 780 1075 cnm
795 1028 858 1073 ne·
911 1012 977 1073 nisi
993 1011 1077 1075 forte
1097 1013 1138 1074 ad
1153 1015 1323 1091 querelam
1345 1015 1450 1085 illius,
1476 1014 1592 1075 contra
1609 1027 1706 1090 quem

60 1130 226 1192 quaquam
241 1113 440 1189 temporales
462 1111 679 1174 conductores
698 1110 854 1181 existant.
907 1109 1094 1185 judicatum
1113 1114 1174 1183 est,
1191 1128 1251 1189 per
1264 1113 1383 1189 viginti
1403 1112 1546 1189 quatuor
1562 1110 1706 1172 aliorum

60 1210 125 1271 rite
139 1208 255 1271 ballivi
273 1208 362 1284 regis
376 1208 485 1283 ipsius
500 1206 731 1268 detunctorum
748 1206 859 1267 baere-
906 1210 1096 1284 juratorum
1111 1209 1361 1287 inquisitionem
1377 1207 1577 1273 contrariam
1590 1222 1708 1283 repro·

60 1307 120 1369 des
144 1322 218 1368 cnm
245 1303 510 1382 possessionibus
530 1304 613 1381 ipsis
634 1303 802 1379 recipiunt
823 1304 857 1363 et
911 1304 1708 1384 betur:undestatutumhujusmodieopersonis
1775 1360 1779 1365 .

60 1403 262 1475 custodiunt,
290 1402 394 1464 donec
420 1402 617 1478 perveniant
644 1401 685 1462 ad
712 1400 854 1462 aetatem.
910 1404 1147 1467 ecclesiasticis
1158 1405 1289 1467 ridetur
1299 1407 1441 1485 amplius
1455 1404 1624 1482 expedire,
1639 1417 1703 1479 qno

61 1500 308 1579 subsequenter
327 1515 457 1577 qnoque
473 1498 561 1561 idem
585 1497 857 1574 archiepiscopus
910 1502 1035 1564 arctius
1055 1503 1211 1565 tenentur
1232 1503 1308 1564 aliis
1323 1504 1488 1580 justitiam
1513 1501 1703 1563 observare.

59 1598 156 1660 nobis
178 1598 379 1675 conquestus
392 1597 513 1668 extitit,
530 1596 617 1674 quod
635 1611 736 1674 quum
748 1594 855 1656 telicis
910 1600 960 1660 Ne
973 1598 1076 1676 igitur
1092 1601 1289 1677 saepedictus
1304 1616 1366 1663 rex
1381 1600 1470 1663 intra
1492 1601 1622 1662 aetatem
1645 1614 1708 1675 po-

58 1696 302 1759 recordationis
317 1695 530 1757 Innocentius
548 1698 650 1771 Papa,
669 1693 857 1770 praedeoes·
910 1697 994 1758 situs
1007 1697 1128 1760 exinde
1141 1701 1353 1774 aggravetur,
1368 1714 1465 1776 quem
1475 1700 1632 1775 tanquam
1645 1694 1706 1756 sub

59 1810 116 1857 sor
141 1795 291 1857 noster...
314 1793 426 1856 abbati
455 1793 496 1855 11
516 1793 690 1870 loriponte
716 1808 756 1855 ac
782 1793 855 1868 ejus
910 1795 1050 1873 speciali
1064 1797 1263 1874 Apostolicae
1284 1797 1379 1859 Sedis
1393 1795 1599 1873 protectione
1614 1793 1706 1872 posi·

58 1891 198 1968 collegis
220 1892 291 1954 suis
311 1891 457 1953 dedisset
477 1891 598 1953 litteris
619 1891 655 1951 in
677 1890 854 1962 mandatis,
910 1894 979 1955 tum
995 1893 1151 1955 dehemus
1166 1894 1208 1956 ab
1225 1894 1384 1956 oneribus
1400 1893 1561 1965 relevare,
1578 1892 1706 1953 discre-

58 1992 95 2053 ut
117 1989 346 2067 possessiones
369 1989 520 2051 ecclesiae
542 2005 624 2060 suae,
647 1987 812 2050 alienatas
835 2002 855 2048 a
909 1988 993 2053 tioni
1007 1990 1074 2053 tuae
1086 2006 1147 2069 per
1158 1992 1349 2069 apostolica
1362 1991 1484 2071 scripta
1496 1988 1701 2059 mandamus,

57 2086 360 2165 praedecessoribus
375 2087 445 2148 suis
460 2087 494 2147 in
509 2086 616 2164 ipsius
630 2085 781 2149 ecclesiae
796 2085 856 2147 11-
910 2089 1073 2165 quatenus
1088 2089 1215 2151 vocatis
1232 2088 1438 2166 principibus
1458 2088 1631 2165 utriusque
1645 2101 1706 2147 re·

57 2186 199 2258 sionem,
225 2185 397 2248 studerent
416 2185 457 2246 ad
477 2187 535 2262 J'us
564 2187 598 2246 et
617 2184 855 2261 proprietatem
910 2185 978 2261 gni,
1001 2187 1068 2247 tam
1091 2186 1328 2249 ecclesiasticis
1356 2202 1455 2265 qnam
1474 2184 1703 2256 saecularibus,

57 2283 209 2360 ejusdem
224 2282 375 2344 ecclesiae
394 2283 541 2358 legitime
560 2296 732 2354 revocare,
748 2281 854 2358 justi-
909 2283 1060 2360 inquiras
1070 2300 1170 2362 snper
1180 2284 1233 2345 his
1247 2285 1400 2346 omnibus
1414 2283 1604 2361 diligentins
1619 2281 1705 2345 reri·

57 2381 152 2443 tiarii
169 2381 258 2456 regis
279 2382 313 2443 11
334 2381 467 2458 quidam
487 2380 547 2441 alii
563 2379 695 2456 anglici
709 2394 856 2441 commo·
910 2381 1022 2453 tatom,
1040 2381 1128 2455 etsi,
1149 2383 1185 2444 ut
1206 2398 1251 2443 111
1266 2382 1360 2460 parte
1381 2382 1471 2458 regis
1496 2378 1701 2459 propositum

57 2479 173 2541 rantes
194 2478 229 2539 in
252 2478 424 2556 provincia
440 2476 641 2539 cassellensi
660 2492 719 2539 ecs
742 2476 777 2537 in
794 2491 856 2537 ne·
910 2478 970 2550 est,
996 2478 1068 2541 haec
1087 2479 1256 2543 inveneris
1280 2495 1360 2542 vera
1386 2495 1470 2553 esse,
1494 2492 1704 2557 nequaqnam

57 2575 150 2652 gotio
166 2575 238 2652 ipso
253 2576 432 2652 procedere
450 2575 586 2636 minime
608 2572 852 2651 permittebant,
909 2575 1094 2638 litterarum
1107 2579 1295 2639 nostrarum
1312 2577 1510 2640 auctoritate
1529 2574 1705 2654 procedas,

57 2687 101 2735 11
123 2672 164 2734 11
187 2670 454 2750 possessionibus
476 2671 559 2748 ipsis
583 2687 620 2733 se
643 2671 853 2748 aliquatenus
910 2673 1095 2749 praesertim
1117 2689 1192 2735 cum
1215 2673 1303 2735 idem
1327 2690 1399 2746 rex,
1421 2672 1578 2751 quamdin
1602 2671 1704 2735 suerit

56 2771 330 2842 intromitterent,
349 2770 475 2831 arctius
496 2768 688 2842 inhibendo,
705 2771 738 2831 et
755 2783 854 2845 super
908 2770 996 2833 intra
1009 2770 1139 2834 aetatem
1152 2773 1291 2849 positus,
1308 2787 1374 2833 non
1388 2771 1506 2834 debeat
1519 2769 1701 2833 conveniri.

56 2867 256 2945 quibusdam
276 2868 388 2940 terris,
412 2866 530 2945 quibus
555 2882 592 2928 se
615 2865 811 2928 asserebant
834 2880 853 2927 a
909 2868 1026 2929 Datum
1042 2868 1210 2943 Laterani,
1224 2871 1300 2931 XIV
1310 2868 1471 2931 kalendas
1485 2867 1704 2947 aprilis,p0n·

57 2963 255 3042 quibusdam
272 2964 419 3042 praelatis
434 2963 603 3025 Hiberniae
617 2962 762 3026 indebite
777 2978 855 3040 spo·
907 2964 1053 3027 titicatns
1068 2966 1175 3028 nostri
1190 2981 1278 3031 anno
1296 2967 1422 3045 quinto.
1746 2968 1750 2975 '

58 3064 171 3149 liatos,
185 3064 274 3140 ipsos
289 3060 466 3125 trabebant
478 3061 513 3123 in
526 3075 661 3122 causam
674 3060 853 3138 subjudice

57 3160 225 3232 saeculari,
243 3175 355 3221 coram
370 3174 434 3236 quo
450 3157 622 3221 duodecim
637 3156 786 3233 Anglicis
796 3160 855 3235 ju·
1251 3162 1362 3250 0001

56 3257 210 3319 ramento
224 3257 365 3318 tirmiter
386 3256 432 3329 id,
449 3255 535 3333 qnod
560 3255 610 3316 illi
637 3255 792 3317 asserunt
813 3252 854 3316 de

56 3355 142 3432 ipsis
171 3352 438 3433 possessionibus
465 3368 582 3415 verum
616 3367 707 3424 esse,
738 3353 853 3413 contra

58 3452 215 3531 praelatos
233 3452 323 3528 ipsos
344 3450 616 3528 promulgabatur
631 3450 808 3521 sententia,
821 3450 855 3511 11

56 3550 105 3612 ita
118 3565 179 3627 per
191 3548 329 3612 abusum
345 3548 536 3626 hujusmodi
549 3563 685 3624 grauem
700 3546 854 3610 incurre-
1191 3525 1227 3582 ²⁰
1240 3531 1323 3582 00000·
1338 3525 1416 3583 ¹²²¹·

56 3645 138 3710 bant
152 3646 304 3709 ecclesiae
321 3646 449 3724 jugiter
467 3645 637 3707 laesionem
655 3665 662 3703 :
685 3644 771 3705 unde
792 3659 854 3706 nos
954 3642 1073 3705 [regest.
1086 3638 1173 3700 libv,
1187 3654 1228 3704 01)-
1242 3639 1300 3690 180·
1313 3639 1502 3691 0111111111
1514 3640 1549 3690 du
1562 3640 1656 3702 rudi]

56 3744 130 3821 regi
156 3744 351 3821 scripsimus
376 3743 564 3820 sepedicto,
588 3745 625 3803 nt
648 3742 853 3818 justitiarios
908 3744 1447 3816 11111111111111116111111111,
1467 3748 1602 3821 episcopo
1624 3749 1698 3806 Lau·

57 3842 149 3919 ipsos
165 3844 199 3905 et
214 3842 333 3903 alicsa
351 3841 497 3918 praetatis
514 3838 764 3916 gravaminibus
778 3839 853 3901 tra·
944 3835 1050 3892 dunen.
1071 3833 1235 3892 dioecesano
1257 3850 1309 3892 suo
1328 3834 1503 3907 respondero
1522 3844 1701 3904 renuentem,

58 3940 127 4003 dita
155 3939 220 4001 sibi
248 3940 409 4017 potestate
435 3953 666 4016 compescens,
696 3936 853 4014 ppaepajog
943 3924 997 3980 nisi
1013 3924 1201 3981 immunitatis
1215 3923 1397 3996 privilegium
1410 3923 1703 3997 ostendat,suoepis·

58 4038 193 4101 eosdem
208 4039 241 4099 11
260 4037 344 4099 alios
359 4037 450 4097 viros
464 4034 710 4097 ecclesiasticos
723 4050 790 4095 non
805 4034 855 4095 si·
942 4026 1016 4085 0000
1030 4011 1204 4085 0000000000
1215 4018 1332 4084 003000·

58 4137 153 4197 11111
173 4135 236 4196 1111
256 4135 309 4196 sni
330 4133 507 4211 privilegio
528 4131 677 4209 spoliari,
699 4147 761 4194 nec
775 4147 854 4209 per·
947 4130 1132 4200 Honorius,
1158 4130 1235 4200 etc,
1265 4127 1395 4192 dilectis
1425 4130 1503 4191 tiliis
1530 4129 1641 4191 abbati
1658 4132 1703 4196 ,11

57 4234 145 4296 verti
155 4232 317 4310 judicium
333 4230 491 4309 praedicto
502 4230 767 4308 juramentorum
792 4229 854 4291 ab·
907 4228 1011 4306 priori
1035 4228 1147 4289 Sancti
1160 4227 1325 4289 lobannis
1344 4227 1379 4288 in
1399 4228 1514 4290 Vincis
1529 4230 1562 4290 et
1564 4271 1624 4290 .....
1641 4229 1703 4292 11-

58 4348 131 4404 usn,
149 4346 245 4409 quem
262 4331 422 4407 tanquam
432 4329 502 4407 juri
517 4327 721 4391 contrarium
734 4343 853 4389 cense-
907 4341 991 4388 cauo
1006 4325 1221 4390 suessionen.

57 4427 175 4490 bamus
196 4428 329 4505 penitus
352 4426 561 4488 abolendum.
583 4425 660 4489 Fuit
677 4425 788 4489 autem
809 4439 853 4487 ex
945 4422 1155 4488 Venerabilis
1178 4421 1284 4486 irater
1301 4425 1415 4487 noster
1416 4468 1477 4486 .....
1504 4426 1699 4489 Laudunen.

57 4528 151 4603 parte
172 4526 261 4601 regis
282 4525 323 4587 nd
346 4525 505 4603 praedicta
530 4540 742 4601 responsum,
766 4521 852 4601 qnod
907 4523 1082 4601 episcopus
1106 4536 1168 4583 sna
1190 4521 1286 4585 nobis
1310 4523 1469 4600 petitione
1490 4524 1697 4596 monstravit,
1764 4522 1768 4535 '

58 4639 160 4700 quum
174 4625 242 4685 tam
260 4623 297 4684 in
311 4638 414 4698 regno
431 4621 572 4699 angliae,
588 4637 686 4699 quam
701 4621 736 4682 in
749 4636 851 4696 regno
907 4619 1043 4698 quod...
1060 4618 1161 4682 abbas
1175 4621 1282 4681 Vallis
1300 4621 1418 4693 Clarae,
1435 4621 1627 4683 cistercien.
1644 4636 1702 4682 or·

57 4721 228 4782 Hiberniae
242 4720 468 4782 dissensiones
483 4720 694 4796 multiplices,
707 4719 739 4781 et
749 4718 853 4780 variae
907 4718 1006 4789 diuis,
1023 4717 1216 4780 Laudunen.
1230 4718 1395 4789 dioecesis,
1407 4732 1561 4780 asserens
1572 4733 1712 4780 monas*

57 4819 258 4895 quaestiones
283 4833 384 4895 snper
411 4817 515 4878 variis
540 4816 794 4894 spoliationibus
820 4816 854 4877 11
906 4816 1027 4879 terium
1054 4831 1151 4876 snum
1172 4830 1246 4878 esse
1271 4815 1413 4877 liberum
1437 4816 1470 4877 et
1497 4818 1699 4895 exemptum,

57 4915 302 4979 detentionibus
310 4916 624 4992 jugiterorirentnr,
635 4914 675 4975 de
685 4912 853 4976 communi
907 4915 986 4978 licet
999 4914 1218 4991 exemptionis
1231 4913 1444 4991 privilegium
1457 4931 1524 4977 non
1533 4915 1699 4989 ostendat,

56 5013 196 5075 consilio
215 5016 249 5075 et
262 5028 427 5075 consensu
441 5014 509 5074 tam
530 5012 749 5075 ecclesiarum
765 5027 854 5089 prae·
906 5016 979 5090 ejus
1000 5028 1068 5074 non
1088 5013 1160 5074 vult
1180 5012 1421 5074 correctionem
1442 5013 1623 5090 suscipere,
1640 5029 1701 5075 neo

55 5112 210 5184 latorum,
227 5127 325 5188 qnam
341 5110 483 5173 aliorum
498 5113 702 5187 magnatum,
722 5125 852 5172 necnon
906 5112 938 5173 ei
953 5111 1040 5172 sicut
1058 5124 1119 5173 suo
1133 5109 1289 5187 episcopo
1309 5111 1522 5187 respondere.
1539 5111 1701 5185 Quocirca

56 5208 198 5271 aliorum
219 5212 381 5287 majorum
402 5211 435 5270 ot
449 5209 614 5270 minorum
630 5209 767 5286 provida
789 5207 853 5270 suit
907 5208 1100 5270 discretioni
1123 5210 1245 5271 vestrae
1273 5224 1335 5286 per
1358 5210 1546 5286 Apostolica
1576 5208 1702 5285 scripta

56 5306 294 5368 deliberatione
310 5307 480 5379 statutum,
496 5309 533 5367 ut
552 5307 593 5368 ad
616 5307 852 5369 inveniendum
908 5306 1123 5376 mandamus,
1151 5308 1326 5384 quatenns,
1349 5308 1378 5368 si
1410 5306 1568 5385 prelatus
1600 5305 1703 5368 abbas

55 5404 188 5466 facilins
203 5405 376 5466 veritatem
397 5405 430 5466 et
449 5404 613 5481 justitiam
638 5405 769 5482 plonius
792 5406 854 5467 do·
908 5405 1129 5482 exemptionis
1146 5404 1357 5481 privilegium
1374 5421 1440 5466 non
1455 5404 1637 5466 ostenderit
1649 5405 1703 5464 in-

56 5501 688 5580 111111111111111111111111111οηὶ
703 5504 777 5577 viri,
795 5503 852 5580 qui
908 5502 958 5565 sra
973 5504 1212 5581 competentem
1227 5504 1418 5574 terminum,
1435 5502 1576 5581 quernei
1591 5501 1702 5565 duxe-

51 5600 179 5678 jnrant,
194 5615 229 5660 so
242 5599 415 5661 duodecim
427 5600 522 5671 alios,
538 5617 621 5678 qnos
638 5600 807 5663 fideliores
820 5602 854 5663 et
908 5602 982 5663 ritis
1008 5601 1257 5679 praefigendum,
1279 5617 1340 5663 ros
1364 5601 1561 5663 auctoritate
1587 5600 1703 5663 nostra

55 5697 290 5777 prudentiores
312 5713 385 5759 esso
400 5698 551 5771 credunt,
572 5698 613 5761 ad
636 5698 853 5776 quaestionem
907 5699 1091 5777 injungatis
1105 5700 1224 5770 eidem,
1240 5698 1276 5760 nt
1286 5696 1425 5775 praelato
1439 5698 1595 5777 episcopo
1616 5699 1704 5761 sicut

909 3305 959 3365 Ad
973 3303 1129 3366 abbatam
1142 3305 1178 3366 et
1185 3307 1343 3379 priorem
1354 3304 1473 3367 Sarzctt
1487 3305 1703 3366 1111111111

983 3403 1098 3464 Vincta
1111 3402 1146 3463 ct
1156 3404 1324 3463 decertum
1336 3404 1629 3465 suessionensem.
