3774 6186
66 316 130 375 aas

438 483 492 567 VI

107 616 820 690 Adnitcoloumslestctcenscmepiscopum.

344 730 358 785 l
375 735 487 801 august.
511 728 590 784 1219.

192 834 293 897 [Solam.
304 832 414 884 ilistorie
427 835 453 883 31
464 834 601 894 Danmark,
613 834 656 890 lx,
670 834 738 897 tta]

66 933 212 990 Ecclesiae
232 933 260 988 in
276 932 378 1004 quibus
394 932 520 990 rixantes
539 933 710 1005 sanguinem
733 932 802 988 citra
819 933 859 989 le·

103 1021 181 1079 thale
195 1021 299 1078 vulnus
312 1019 461 1079 etiundunt
476 1036 532 1078 non
549 1028 659 1094 oportet
672 1020 766 1078 denuo
780 1021 859 1078 dedi-

101 1124 180 1166 care.

107 1218 275 1279 Honorius
286 1217 459 1294 episcopus
475 1233 592 1279 331333
608 1233 780 1279 servornm
788 1217 859 1287 Dei,

66 1312 370 1378 3333131111113111
396 1315 551 1392 episcopo
578 1314 788 1376 Sieswicensi
806 1329 862 1374 sa-

64 1413 168 1473 lutem
181 1414 215 1473 et
228 1412 445 1491 apostolicam
457 1412 733 1474 benedictionem.

105 1509 284 1581 Ecclesiae,
298 1511 333 1570 in
347 1509 465 1586 quibus
489 1509 639 1571 rixantes
664 1510 860 1585 sangninem

64 1605 151 1668 citra
166 1606 299 1668 lethalis
314 1606 463 1667 vulneris
479 1607 661 1668 illationem
674 1606 858 1677 effundunt,

65 1702 223 1764 dedicare
239 1703 347 1765 denno
360 1719 425 1764 non
442 1705 580 1779 oportet,
595 1704 652 1764 331
668 1720 725 1765 333
745 1719 862 1780 asper-

64 1799 161 1861 sione
189 1799 402 1862 reconciliari
441 1799 564 1862 suitlcit
598 1816 692 1877 aquae
724 1804 858 1861 sanctae.

64 1900 172 1958 Porro
182 1897 230 1969 hi,
247 1898 305 1975 qui
319 1897 598 1959 excommunicati
612 1897 778 1958 habentur
802 1913 860 1973 pro

62 1995 244 2071 injectione
257 2009 415 2055 manuum
429 1992 586 2064 violenta,
597 2011 617 2055 a
630 1996 663 2056 te
680 1996 758 2056 sunt
770 2010 861 2055 com·

64 2087 444 2149 333331133111311333
463 2087 644 2149 3113331131
668 2086 857 2158 131333311,

64 2184 169 2246 31331
184 2184 409 2261 apostolicam
423 2184 540 2246 sedem
556 2185 607 2245 vel
628 2183 744 2246 saltem
759 2200 861 2245 vene-

63 2281 210 2343 rabilem
220 2280 356 2343 fratrem
367 2283 516 2343 nostrum
528 2281 735 2343 Lundensem
749 2281 861 2342 archi·

62 2378 298 2457 episcoporum
331 2376 620 2455 metropolitanum
655 2395 762 2443 suum.
806 2377 860 2438 cni

64 2491 144 2537 cum
159 2475 337 2551 legationis
345 2475 455 2536 officio
467 2476 660 2551 potestatem
668 2474 860 2537 absolvendi

60 2571 153 2634 tales
178 2571 388 2643 contulimus,
414 2572 536 2634 adeant
563 2587 623 2649 pro
642 2571 860 2633 absolutionis

59 2668 230 2730 1311311313
243 2669 450 2747 postulando.

104 2768 227 2828 Datum
241 2767 343 2828 Reate
359 2764 520 2828 kalendas
535 2781 611 2842 aug.

424 2952 501 3039 vll

56 3088 116 3147 ald
137 3087 335 3147 conradum
352 3084 637 3159 Rottsponcnscm
660 3083 694 3145 et
711 3084 861 3146 iliricum

220 3181 470 3243 senoensem
495 3184 681 3256 episcopos.

354 3294 499 3366 tangust.
515 3293 595 3351 1119.

98 3399 242 3465 [11333311
251 3398 342 3451 nunu.
354 3400 490 3450 ecclesiast.
509 3400 541 3449 ad
556 3399 736 3456 3333311119,
749 3399 762 3463 1
774 3399 829 3461 ii]

55 3495 237 3555 otocharum
248 3493 391 3552 bohemia
400 3510 499 3567 regem
510 3503 538 3552 et
547 3509 679 3567 proceres
687 3493 771 3568 hujus
779 3495 861 3567 regul

97 3586 253 3643 eeclesiam
280 3583 464 3641 bohemicam
485 3584 690 3657 opprimentes,
715 3584 863 3656 redarguit

98 3672 231 3731 Pontifex
252 3680 280 3730 et
305 3673 426 3730 mandat
442 3673 585 3745 episcopis
599 3680 631 3729 ut
655 3674 719 3730 illos
733 3674 863 3731 33333113

97 3761 306 3821 ecclesiasticis
320 3769 514 3833 compescant.

104 3870 287 3931 omittitur
295 3884 384 3943 pars
402 3872 504 3942 prior
517 3884 538 3929 α
553 3872 738 3942 nanneno.
751 3899 793 3915 -
806 3869 863 3928 Li-

59 3969 119 4029 cet
146 3966 325 4042 saepedicto
355 3966 427 4041 regi
454 3966 612 4043 13333313
642 3966 860 4042 praecellenti,

60 4067 99 4125 et
114 4062 292 4125 baronibus
311 4065 468 4139 tanquam
481 4062 522 4125 ab
548 4078 588 4124 eo
603 4063 715 4123 missis
733 4062 863 4125 deferre

687 315 1018 374 3113333333.
1043 275 1097 374 13.

1604 264 1623 303 Χ

1654 324 1713 383 286

918 475 968 534 tes
984 473 1197 549 acquiescere
1227 473 1310 536 sorte
1334 476 1514 548 noluerint,
1535 478 1713 541 denuntia-

916 571 1041 639 tiamne,
1053 586 1110 631 eos
1136 588 1179 632 ex
1196 574 1274 634 tnnc
1300 575 1665 647 excommunicationis,
1680 578 1713 639 et

917 670 1019 729 totam
1048 670 1172 729 terram
1198 684 1313 730 eornm
1343 671 1512 732 interdicti
1538 674 1712 736 sententiis

917 765 1102 842 subjacere,
1131 782 1212 842 quas
1247 782 1307 826 vos
1347 773 1545 831 renovantes
1572 770 1713 847 singulis

917 862 1032 923 diebus
1043 863 1218 924 dominicis
1229 865 1262 924 et
1276 864 1414 936 festivis,
1431 866 1563 928 faciatis
1578 868 1711 928 easdem

917 959 1139 1035 appellatione
1151 964 1287 1031 remota,
1303 965 1369 1022 tam
1383 962 1423 1022 ab
1439 964 1602 1040 episcopm
1614 981 1712 1040 quam

917 1056 1136 1117 ecclesiarum
1151 1059 1309 1133 praelatis,
1328 1060 1361 1120 et
1371 1060 1447 1119 aliis
1462 1061 1613 1121 omnibus
1628 1062 1713 1121 rici-

916 1154 1712 1227 nisinviolabiliterobserrari‚donecredeuntes

915 1250 956 1310 ad
972 1265 1030 1310 cor
1044 1250 1191 1312 relaxari
1207 1252 1342 1313 easdem
1361 1254 1542 1315 sententias
1559 1270 1713 1316 merean-

915 1348 979 1407 tur.
996 1349 1114 1411 Datum
1128 1350 1243 1420 Reate,
1270 1351 1313 1410 lV
1328 1365 1434 1412 nonas
1446 1352 1591 1426 augusti,
1602 1353 1714 1430 ponti·

915 1442 1031 1505 ficatus
1041 1445 1147 1507 nostri
1160 1460 1249 1506 anno
1264 1449 1392 1522 quarto.

1264 1614 1363 1699 VIII

915 1747 967 1806 Ad
981 1747 1253 1816 Cutercteosem,
1280 1749 1576 1819 ereoattenscm,
1607 1750 1714 1814 0313-

1103 1845 1295 1903 ciacenceos
1303 1843 1450 1904 abbates.

1192 1955 1338 2027 languet.
1357 1956 1435 2012 lala.

928 2059 1066 2123 [bouquet
1076 2058 1181 2111 11333311
1191 2059 1235 2110 des
1244 2060 1318 2117 11131,
1331 2061 1465 2120 xlx‚eso;
1477 2062 1586 2125 Regem„
1597 2062 1643 2114 lib.
1658 2062 1701 2123 lv,

1233 2140 1386 2205 33131111]

913 2237 983 2294 Cum
1008 2237 1124 2294 llonorii
1151 2237 1288 2295 mandato
1320 2238 1445 2296 Erardns
1480 2240 1654 2297 brennensis
1683 2247 1713 2298 et

950 2324 1091 2397 Philippa,
1105 2340 1176 2382 uxor
1188 2326 1261 2399 ojus,
1269 2327 1468 2384 communioni
1477 2326 1602 2385 tidelinm
1615 2335 1713 2385 essent

950 2411 1097 2482 reddendi,
1115 2413 1250 2479 11133313,
1272 2415 1434 2487 campanie
1449 2417 1606 2484 comitissa,
1623 2415 1713 2473 noluit

949 2501 978 2558 id
996 2501 1079 2569 lierit,
1098 2502 1126 2558 ni
1142 2503 1219 2575 prins
1233 2502 1310 2560 illata
1326 2503 1379 2574 ipsi
1399 2502 1504 2561 damna
1517 2504 1706 2573 resarcireut3

951 2589 1026 2661 quod
1037 2597 1065 2649 et
1080 2605 1096 2646 a
1112 2590 1249 2648 Pontillce
1263 2593 1434 2664 imperatum
1447 2590 1509 2650 fuit.

956 2699 1124 2760 Honorius
1147 2700 1374 2776 episcopus...,
1391 2699 1521 2761 dilectis
1545 2700 1624 2762 tiliis
1637 2701 1711 2762 Cis·

915 2796 1083 2866 terciensi,
1094 2796 1330 2857 clarevallensi
1346 2800 1380 2857 et
1393 2797 1628 2868 Quinciacanci
1643 2797 1707 2859 ab·

915 2892 1046 2954 batibus
1071 2894 1302 2955 Cistercienois
1326 2895 1465 2963 ordinis,
1488 2884 1710 2972 lingonensis

915 2991 948 3051 et
959 2989 1190 3051 cabilonensis
1201 2989 1406 3060 dioecesium‚
1423 2992 1575 3064 33131313,
1592 2993 1655 3054 313.

955 3088 993 3146 13
1016 3086 1137 3149 litteris
1158 3086 1279 3149 3331113
1294 3087 1452 3149 exhibilis
1480 3089 1711 3165 perspeximus

916 3183 1090 3254 contineri,
1105 3184 1192 3260 qnod
1207 3200 1266 3245 vos
1279 3199 1379 3259 snper
1393 3183 1601 3246 absolutione
1614 3185 1713 3247 nobi-

915 3280 957 3342 lis
972 3280 1035 3341 viri
1051 3280 1169 3342 Erardi
1191 3281 1225 3342 et
1249 3280 1423 3358 Philippos,
1439 3282 1555 3344 uxoris
1576 3285 1661 3359 ejus,
1676 3283 1711 3344 et

916 3378 1145 3455 coadjutorum
1185 3393 1311 3448 eorum,
1342 3378 1590 3454 interponentes
1614 3381 1711 3456 juxta

916 3476 1107 3537 mandatum
1118 3476 1343 3551 Apostolicnm
1359 3477 1471 3552 partes
1481 3479 1623 3549 1331133,
1636 3493 1711 3537 cum

916 3573 1037 3633 dilecta
1051 3573 1087 3633 in
1098 3572 1231 3634 CltrIsto
1243 3572 1323 3645 tilia,
1337 3573 1459 3635 nobilis
1469 3574 1591 3635 mulier
1604 3573 1712 3636 comi·

916 3670 998 3731 tissa
1022 3670 1222 3746 Campaniae,
1252 3670 1456 3733 absolutioni
1483 3687 1519 3733 se
1541 3686 1711 3749 opponens

917 3768 1035 3838 eidem,
1057 3770 1234 3839 assereret,
1258 3767 1344 3844 quod
1370 3784 1436 3830 non
1463 3768 1627 3830 debebant
1653 3767 1713 3829 ab·

917 3864 1012 3935 solvi,
1027 3863 1092 3924 nisi
1109 3865 1289 3926 secundum
1304 3865 1444 3926 sormam
1460 3866 1611 3926 ecclesias
1626 3881 1711 3926 con·

917 3965 1067 4035 suetam;
1091 3977 1162 4033 ros,
1190 3955 1273 4024 ’31313
1301 3964 1334 4025 31
1370 3962 1493 4024 3311113
1515 3979 1556 4023 33
1581 3964 1711 4040 plenius

917 4059 1095 4120 intellectis
1111 4058 1296 4120 rationibus
1313 4061 1346 4120 et
1364 4059 1619 4135 allegationibus
1634 4059 1713 4120 hinc

61 4160 219 4232 velimus,
241 4160 319 4236 quia
345 4161 458 4222 tamen
481 4176 549 4223 nou
574 4160 625 4221 331
648 4159 862 4221 1313133133
916 4155 994 4217 1313
1015 4155 1206 4232 propositis,
1236 4156 1315 4232 quia
1337 4156 1431 4217 vobis
1447 4156 1594 4218 constitit
1606 4172 1665 4235 per
1674 4156 1713 4216 li·

62 4257 256 4319 hominibus
283 4258 397 4319 eontra
424 4260 539 4326 Deum,
577 4257 630 4318 cni
658 4260 710 4319 est
748 4258 862 4320 contra
916 4253 1713 4330 13133133313113333131313131131131331313·

62 4370 182 4417 omnes
208 4354 358 4415 homines
395 4353 627 4426 deserendum,
655 4353 695 4415 13
723 4354 862 4415 fratrum
917 4366 987 4411 rem
1015 4353 1087 4426 ejus
1117 4365 1190 4411 esse
1214 4350 1364 4425 pluribus
1390 4352 1710 4413 excommunicatio-

63 4455 257 4515 nostrorum
278 4451 430 4522 consilio,
444 4451 638 4513 discretioni
663 4454 782 4514 3331133
804 4467 864 4528 per
917 4464 1008 4518 num,
1047 4445 1245 4524 quibusdam
1284 4449 1418 4525 propter
1454 4449 1710 4520 contumaciam,

63 4549 256 4625 apostoliea
302 4548 425 4625 scripta
462 4549 602 4610 tirmiter
640 4549 862 4625 praecipiendo
918 4545 1114 4622 quibusdam
1156 4547 1290 4621 propter
1323 4544 1517 4606 manifestas
1553 4546 1710 4617 offensas,
1738 4601 1746 4612 .

64 4645 275 4718 mandamus,
290 4648 452 4723 33313333
467 4661 580 4721 regem
591 4648 625 4708 et
636 4646 779 4708 barones
792 4662 862 4708 eos·
917 4642 1092 4703 sententiis
1103 4642 1289 4712 innodatos,
1303 4640 1343 4703 de
1354 4643 1551 4719 prudentum
1562 4643 1712 4704 virorum

64 4744 153 4815 1313,
171 4747 208 4805 31
219 4743 357 4821 praelato
371 4744 525 4820 episcopo
541 4743 581 4803 13
602 4743 733 4803 1313313
759 4743 861 4805 1113113
917 4740 1059 4801 consilio
1072 4738 1262 4800 interlocuti
1277 4739 1388 4800 fuistis
1400 4737 1459 4818 (1).
1475 4739 1566 4810 Quod
1582 4740 1609 4799 si
1622 4742 1713 4816 jam-

65 4843 101 4902 et
128 4840 308 4903 subtractis
339 4841 517 4909 fructibus,
544 4856 674 4901 necnon
704 4841 861 4915 irrogatis
918 4838 996 4898 dicti
1012 4837 1158 4898 Erardus
1173 4838 1205 4897 et
1219 4836 1372 4912 Philippa
1397 4837 1437 4896 13
1458 4837 1604 4911 parendo
1617 4853 1713 4897 man-

65 4938 201 5014 injuriis
209 4936 473 4999 satisfactionem
484 4936 665 4999 exhibeant
677 4934 863 5014 co'mpeten·
918 4936 1004 4997 13113
1019 4934 1170 4996 ecclesiae
1185 4933 1500 5009 supercontumacIa
1511 4935 1712 5009 juratoriam

65 5035 133 5097 tem
161 5037 197 5096 et
221 5033 265 5095 ab
293 5035 398 5111 ipsius
422 5034 463 5097 de
488 5036 609 5096 caetero
629 5034 861 5097 molestatione
917 5031 1508 5109 313313133313311313331333333
1517 5031 1712 5094 satisfacere

65 5130 240 5201 desistent
255 5134 388 5208 recepta
407 5146 508 5207 super
522 5131 575 5192 bis
590 5130 631 5192 ab
647 5132 728 5207 ipsis
743 5133 863 5208 pigno-
918 5129 1097 5191 secundum
1123 5128 1375 5204 possibilitatem
1395 5144 1491 5189 suam
1515 5129 1555 5190 de
1582 5130 1712 5190 damnis

64 5229 185 5290 raticia
201 5227 254 5291 vel
279 5228 487 5304 fidejussoria
501 5227 667 5299 cautione,
699 5228 861 5289 moneatis
917 5244 991 5305 quae
1011 5228 1078 5303 ipsi
1092 5227 1269 5287 comitissae
1283 5241 1322 5286 ac
1337 5229 1410 5302 ejus
1425 5227 1495 5287 tilio
1515 5227 1711 5294 intulerunt,

65 5326 246 5404 prudenter
264 5327 297 5387 et
316 5325 497 5386 3113331131
519 5324 695 5385 inducatis.
720 5325 811 5398 Quod
833 5326 862 5387 si
917 5329 996 5387 tunc
1023 5324 1155 5385 demum
1183 5324 1232 5384 eis
1266 5323 1484 5385 absolutionis
1512 5322 1712 5384 benetlcium

66 5424 202 5487 monitis
216 5421 348 5494 restris,
360 5422 448 5499 quod
459 5421 561 5491 absit,
571 5422 659 5485 iutra
674 5422 757 5483 duos
768 5439 863 5485 nran-
917 5422 1125 5500 impendatis.
1139 5422 1208 5485 Nos
1218 5421 1331 5498 igitur,
1349 5421 1632 5482 interlocutoriam
1648 5421 1713 5481 iru-

101 5624 881 5701 (11111331331331333111111313111.11,33131.
897 5625 1010 5697 (XXII,
1025 5624 1260 5693 3311113111.
1278 5627 1328 5693 111,
1344 5626 1428 5697 epist.
1450 5624 1575 5691 LXXVI,
1596 5624 1652 5682 col.
1668 5627 1712 5682 ill.
