3824 6180
128 282 186 342 res
338 301 341 306 .
520 268 534 276 “
738 285 917 347 moroan
936 285 982 346 111
1002 286 1150 348 ornas.
1352 285 1356 291 ·
1720 285 1776 346 scs

127 439 190 503 sub
199 444 500 521 consanguinitatis
511 447 673 523 pretextu
686 445 774 508 intra
786 452 921 508 monm-
973 444 1031 507 tiae
1063 445 1107 507 ln·
1131 441 1372 522 spiritualibus,
1400 441 1434 506 et
1460 437 1704 520 temporalibus
1731 443 1772 505 ad

123 539 202 602 terii
216 539 376 603 ambitum
391 542 592 620 colloquium
606 543 732 605 habere
750 558 825 604 cam
846 559 921 604 mu·
973 539 1081 602 iorum
1093 541 1183 603 trabi
1198 557 1266 602 non
1281 540 1383 603 iaciat
1396 539 1570 613 mantare,
1583 538 1644 603 sed
1659 538 1702 602 ad
1716 552 1775 602 ec·

125 636 263 698 lienibus
272 637 424 714 juniores
440 639 595 701 monachi
609 639 842 717 permittantur
853 639 918 700 nisi
973 637 1196 701 clesiasticnm
1219 638 1342 715 potins,
1361 653 1404 699 ne
1423 637 1569 715 peilatau
1582 635 1773 698 sacristiam

123 734 354 808 praesentibus,
383 735 426 796 ad
454 736 566 798 minus
592 735 722 799 duobus
745 735 918 798 monacbis
973 733 1014 797 ab
1042 735 1093 796 eis
1126 735 1263 810 exigere
1287 735 1375 796 rdtra
1400 733 1486 796 duas
1516 732 1772 811 procurationes

124 829 270 905 senibrm,
286 831 488 896 etlronestis.
973 830 1603 903 inanno,aicutolimdoriconsuevit.

16 918 19 929 '
160 926 210 989 nd
225 928 448 992 imitationem
469 944 599 1008 qnoque
620 929 729 992 islicis
749 930 918 992 memorie
1011 931 1180 992 preterea
1208 944 1284 991 cum
1314 928 1456 991 consilio
1484 929 1688 1001 conventus,
1716 928 1770 991 vel

120 1024 215 1086 Lucii
229 1038 325 1103 pape
337 1025 592 1104 predecessoris
605 1026 714 1089 nostrl
728 1027 915 1100 statuimus,
971 1028 1109 1106 neoris
1133 1029 1166 1091 et
1193 1027 1337 1090 sanioris
1358 1026 1464 1104 partis
1489 1026 1591 1103 eligat
1614 1025 1705 1087 duos
1728 1026 1771 1089 de

120 1123 157 1184 ut
171 1121 273 1184 abbas
288 1124 517 1200 possessiones
539 1123 710 1186 demanias
724 1124 918 1187 monasterii
972 1123 1054 1202 ipso,
1081 1125 1139 1202 qui
1168 1125 1272 1202 jurati
1298 1124 1480 1202 proventu
1503 1122 1770 1186 obedientiarum

119 1218 280 1291 alienare,
295 1220 347 1282 rel
358 1220 532 1283 infeudare
545 1235 612 1282 non
631 1221 746 1299 possit,
761 1221 918 1299 adjicien-
971 1237 1045 1299 que
1062 1222 1303 1284 consueverant
1324 1221 1433 1284 terem
1454 1235 1515 1299 per
1538 1220 1724 1282 monachos
1747 1237 1771 1285 a

118 1315 169 1377 tes
184 1318 222 1379 nt
235 1317 404 1380 idemum
419 1317 620 1392 molendina,
637 1325 712 1396 qne
735 1317 831 1380 bone
846 1332 918 1381 me·
969 1316 1091 1381 balivis
1110 1319 1287 1396 diligenter
1300 1318 1477 1396 recipiant,
1494 1319 1528 1380 st
1547 1317 1592 1380 de
1610 1317 1770 1381 manduc

119 1413 236 1475 morie
253 1413 356 1477 abbas
371 1415 541 1478 arundus
554 1415 591 1476 in
606 1429 742 1492 gravem
756 1415 917 1479 alienavit
970 1414 1098 1479 abbatis
1110 1432 1185 1479 cum
1197 1416 1338 1479 consilio
1350 1417 1547 1488 conversore,
1558 1415 1616 1478 rel
1627 1415 1771 1493 morie

118 1511 315 1573 monasterii
339 1513 523 1585 lesionem,
547 1528 646 1590 quam
674 1512 755 1586 alia,
777 1528 851 1591 qnae
874 1512 917 1576 de
969 1513 1074 1590 partis
1101 1513 1211 1591 ipsius
1227 1527 1289 1576 eos
1318 1513 1354 1575 in
1385 1511 1574 1575 debitorum
1598 1511 1768 1574 celatim

116 1607 224 1684 ipsius
253 1609 449 1671 monasterii
480 1609 634 1672 domania
665 1609 813 1672 elimata
839 1611 916 1672 sunt
969 1610 1163 1673 convertant
1179 1610 1341 1672 reddituri
1359 1625 1475 1672 ceram
1485 1607 1769 1682 abbatenccon-

117 1702 247 1778 illicite,
261 1705 315 1767 vel
329 1704 499 1779 distracta,
518 1722 578 1769 seu
598 1707 686 1768 male
699 1718 858 1769 concaua
872 1707 914 1769 ad
968 1706 1070 1769 ventu
1092 1706 1212 1769 balivis
1235 1706 1461 1785 presentibus·
1479 1706 1522 1768 de
1545 1706 1712 1784 receptis,
1734 1707 1769 1768 et

115 1817 200 1880 opus
229 1803 377 1881 ejusdem
405 1803 536 1866 studeat
563 1803 712 1880 legitime
742 1816 913 1866 revocare,
968 1804 1124 1882 expensis
1148 1802 1288 1880 singulis
1317 1802 1487 1866 mensibus
1520 1801 1699 1865 rationem.
1727 1803 1768 1865 lit

117 1898 380 1976 Preposituram
409 1914 488 1962 vero
524 1899 744 1962 ecclesiarum
777 1914 915 1963 suarum
968 1901 1038 1964 tam
1054 1901 1209 1963 monaobi
1229 1900 1349 1979 quibus
1367 1902 1488 1974 cestra,
1504 1913 1603 1977 qaam
1624 1897 1677 1961 illi
1692 1898 1769 1977 qni·-

50 2020 53 2025 ·
119 1995 450 2059 conteratmonacbis
463 1995 689 2074 prudentibus,
707 1997 913 2070 ethonestis,
967 1996 1030 2060 bns
1043 1998 1197 2060 ecclesie
1208 1998 1468 2070 committuntur,
1484 1995 1712 2075 personaliter
1721 1995 1764 2058 ad

115 2109 199 2170 quos
234 2092 335 2155 iaciat
356 2094 546 2172 juramento
570 2093 715 2166 firmare,
741 2093 827 2172 quod
847 2109 914 2156 non
968 2095 1151 2158 oleastrum
1167 2096 1204 2157 ln
1218 2095 1320 2159 Feldc
1334 2092 1556 2158 dedicationis
1568 2091 1767 2155 monmeril

115 2189 310 2253 alienabunt
331 2190 480 2269 ipsorum
500 2191 742 2267 possessiones,
764 2193 800 2253 et
816 2193 913 2269 jum
968 2192 1140 2255 annuatim
1167 2193 1328 2256 accedant
1360 2191 1526 2254 rationem
1549 2189 1768 2253 villicationis

119 2287 205 2365 quod
221 2289 252 2349 si
265 2286 351 2350 torta
363 2287 635 2366 presumpserint
646 2288 740 2365 ipsos
753 2288 915 2365 perpetuo
967 2306 1037 2351 sue
1046 2305 1160 2351 coram
1170 2288 1300 2362 abbate,
1312 2289 1490 2361 decerent
1500 2287 1577 2350 aliia
1586 2286 1767 2350 reddituri.

119 2384 341 2447 aministerio
365 2385 439 2447 sine
460 2401 519 2462 spe
530 2385 752 2448 restitutionis
766 2385 914 2448 decerni·
1008 2386 1102 2459 Quod
1114 2386 1356 2449 observandum
1369 2386 1545 2449 statuimus
1557 2385 1660 2447 etiarn
1673 2385 1766 2448 circa

116 2497 192 2543 mus
205 2482 420 2554 amovendos,
439 2482 526 2543 alias
551 2483 699 2558 graviter
715 2482 912 2559 puniendos.
967 2483 1073 2561 ipsius
1107 2483 1303 2546 monasterii
1336 2482 1593 2555 thesaurarium,
1631 2481 1768 2545 uellera·

157 2579 243 2642 Dicti
260 2580 371 2641 antem
383 2578 565 2656 praepositi,
578 2578 702 2655 singuli
713 2581 835 2651 certos,
846 2592 914 2641 mo·
966 2580 1065 2653 mum,
1079 2580 1312 2652 infirmarium,
1326 2579 1595 2658 hospitalarium,
1604 2581 1639 2642 et
1648 2579 1768 2641 sacris·

119 2675 241 2749 destos,
263 2678 298 2740 et
317 2679 493 2738 manetes
516 2675 664 2738 redditus
682 2675 823 2738 mddant
840 2691 914 2738 mo·
966 2677 1059 2750 dam,
1072 2678 1109 2739 ut
1122 2678 1180 2754 qni
1193 2677 1406 2739 laudabiliter
1423 2676 1554 2753 egerint
1570 2673 1685 2738 debila
1697 2675 1768 2738 tra-

120 2774 268 2836 nasterio
282 2773 454 2835 annuatim
473 2772 655 2834 secundnm
682 2772 913 2845 ecclesiarum,
966 2773 1768 2851 trumcommendationeletentur,quiveromals

120 2870 240 2948 quibus
266 2867 471 2947 prefuerint,
488 2869 675 2941 tacultates,
695 2871 734 2931 et
755 2872 801 2941 ut,
827 2870 914 2932 sicut
966 2870 1175 2942 contusione,
1188 2887 1229 2933 ac
1243 2871 1427 2948 ignominia
1449 2870 1704 2948 perfundantur.
1717 2869 1767 2933 Ad

118 2965 248 3029 melida
259 2966 387 3028 malitia
402 2981 544 3044 poenam,
561 2966 609 3029 ita
620 2965 698 3028 boni
713 2966 754 3028 de
766 2965 913 3030 bonitate
967 2967 1057 3042 heo,
1093 2967 1337 3041 thesaurarius,
1375 2966 1582 3041 cellerarius,
1618 2968 1654 3030 et
1675 2967 1768 3030 infir·

117 3064 256 3143 premia
293 3065 556 3140 consequentum
587 3062 689 3125 abbas
718 3063 913 3141 prepositos
966 3066 1092 3128 marius
1107 3066 1248 3142 singulis
1269 3065 1387 3128 diebus
1402 3063 1556 3128 sabbathi
1569 3061 1613 3128 ad
1627 3079 1766 3128 monas·

60 3160 80 3206 -“
116 3162 253 3240 ipsese
279 3160 521 3238 praeposituris,
548 3159 725 3238 inquibus
744 3175 806 3222 eos
829 3159 913 3224 bene
966 3164 1087 3227 terium
1100 3162 1566 3226 secundumconsuetudinem
1576 3163 1765 3242 antiquam,

117 3257 370 3320 administrasse
384 3255 571 3319 consumsit
593 3271 661 3318 non
674 3257 828 3319 amorsat
841 3256 914 3319 abs·
966 3266 1001 3324 et
1019 3259 1236 3338 approbatam
1257 3259 1417 3323 accedant
1443 3259 1480 3321 in
1506 3259 1654 3324 uacans
1688 3276 1766 3323 cnm

55 3392 57 3403 ›
117 3371 181 3434 que
217 3354 427 3428 necemitate,
458 3353 512 3416 vel
540 3352 685 3417 uidete
718 3353 913 3417 mosanarii
968 3356 1128 3420 maumas
1149 3372 1254 3435 nsque
1268 3357 1310 3419 ad
1323 3356 1503 3419 eamdem
1522 3356 1641 3421 teriam
1656 3372 1764 3421 mora·

117 3453 304 3515 manifesta.
966 3453 1046 3526 turi,
1068 3453 1154 3532 qnod
1173 3454 1207 3515 et
1226 3452 1327 3516 abbas
1341 3453 1453 3516 iacere
1468 3453 1600 3517 studeat
1612 3469 1689 3516 cum
1711 3466 1767 3532 po·

156 3548 340 3612 Monacbos
361 3561 441 3611 vero
467 3546 510 3610 de
535 3548 666 3621 metris,
693 3549 726 3611 et
751 3548 840 3610 villis
869 3548 912 3610 ad
966 3550 1048 3613 terit
1060 3552 1293 3627 competenter.
1310 3549 1508 3628 supradicta
1521 3565 1603 3626 crgo
1616 3549 1766 3629 capitula

116 3647 299 3710 claustrum
316 3643 528 3722 precipimus
552 3645 715 3717 revocari,
739 3645 807 3707 nisi
828 3643 913 3722 torte
967 3648 1180 3727 precipimus
1202 3646 1442 3710 inviolabiliter
1464 3646 1656 3722 observari,
1673 3649 1708 3712 el
1723 3662 1767 3711 ae

117 3745 160 3808 ad
188 3742 373 3806 custodiam
400 3741 539 3803 illarum
570 3740 811 3814 munitionum,
834 3757 913 3820 que
967 3746 1099 3824 quisse
1129 3760 1191 3822 per
1213 3744 1437 3822 ignorantiam
1460 3744 1573 3809 valeat
1597 3758 1764 3810 exonam

116 3842 241 3904 tuerint
253 3840 288 3902 in
301 3838 423 3900 dumus
438 3837 580 3901 abbatie
597 3839 664 3900 sint
677 3839 782 3917 aliqui
796 3854 914 3901 nsces-
966 3842 1119 3906 volumus
1133 3843 1168 3905 el
1178 3841 1385 3916 mandamus,
1412 3843 1449 3904 ut
1464 3857 1505 3904 ea
1519 3840 1663 3919 singulis
1677 3856 1767 3905 maa·

118 3938 211 4012 sarii,
228 3937 375 4017 quesibi
392 3951 453 4015 pro
467 3937 616 4013 tempore
630 3936 822 4010 toleramus,
843 3936 914 4015 qui·
968 3939 1060 4001 sibus
1072 3939 1108 4001 in
1120 3938 1307 4011 abbatiani
1318 3939 1460 4001 matrum
1473 3939 1654 4016 presentia
1671 3939 1765 4003 reci-

118 4036 181 4100 bus
198 4035 301 4099 abbas
320 4033 474 4112 iniungat
496 4033 532 4095 in
558 4033 681 4096 virtute
703 4032 913 4107 obedientiae.
966 4039 1088 4100 tantm.
1112 4038 1203 4109 Quod
1228 4036 1257 4098 si
1277 4036 1312 4097 in
1341 4035 1564 4104 observantia,
1585 4037 1765 4113 predicto·

118 4138 154 4198 ut
167 4136 328 4211 quantam
342 4131 498 4210 poterunt
511 4129 669 4207 religiose
680 4131 829 4194 urente
841 4147 913 4209 per·
966 4150 1041 4196 rum
1057 4134 1189 4196 inventi
1215 4133 1346 4196 fueritis
1369 4133 1490 4210 tepidi,
1518 4133 1573 4195 vel
1596 4134 1762 4207 renense,

117 4247 233 4294 sonam
251 4231 288 4292 in
304 4229 432 4308 jndicio
453 4243 522 4290 aon
542 4227 719 4306 accipiant,
735 4229 793 4292 ssd
806 4244 914 4306 equa·
967 4247 1042 4293 cum
1063 4230 1206 4293 fructum
1229 4246 1274 4292 en
1293 4230 1393 4292 vinea
1410 4230 1504 4293 vobis
1518 4229 1765 4294 commissaia-

118 4330 195 4392 liter
208 4327 376 4406 justitiam
391 4325 517 4388 iaciant
530 4327 669 4404 pauperi
684 4341 724 4388 ac
738 4326 845 4399 diviti,
860 4326 914 4388 de·
967 4329 1092 4390 ciamus
1106 4327 1233 4406 requiri
1249 4326 1388 4406 perditis
1402 4328 1489 4390 male
1501 4328 1609 4390 malis.
1622 4327 1763 4391 Vineam

117 4426 177 4489 bili
198 4441 238 4487 ec
261 4424 398 4503 potanti.
418 4425 481 4485 lios
503 4439 599 4496 vero,
623 4423 680 4501 qui
700 4423 913 4486 declinabunt
966 4425 1073 4502 ipsam
1097 4424 1174 4487 aliis
1200 4424 1359 4500 agricolis
1384 4422 1530 4502 proiecto
1558 4423 1763 4498 locabimus,

117 4523 159 4585 ad
170 4523 352 4591 dexteram,
363 4519 417 4581 vel
430 4519 600 4581 sinistram
613 4518 724 4582 debita
734 4520 913 4583 severitate
967 4523 1023 4601 qui
1037 4522 1178 4584 reddant
1192 4522 1332 4584 Domino
1352 4521 1556 4598 temporibus
1577 4521 1649 4584 auis
1672 4522 1764 4585 fruc-

116 4621 233 4700 puniat
244 4616 442 4696 ipseabbas,
452 4617 486 4678 in
497 4632 638 4694 qnorum
651 4632 761 4694 pena,
771 4617 800 4677 si
812 4617 914 4694 negli-
965 4622 1046 4693 tum,
1062 4636 1137 4681 cum
1143 4622 1216 4698 jam
1231 4633 1298 4682 non
1308 4621 1411 4681 restet
1420 4617 1628 4682 aliudvinee
1638 4619 1762 4683 taciem

117 4735 199 4796 gens
223 4717 335 4789 inerit,
357 4718 416 4778 aut
437 4714 598 4776 remissus
615 4713 813 4791 apostolice
836 4730 913 4777 con
967 4717 1056 4780 dum.

116 4815 275 4879 rectionis
289 4813 482 4891 experiatur
498 4811 697 4874 senentiam
716 4812 751 4872 in
769 4828 807 4874 se
826 4812 910 4888 ipso.
1006 4814 1098 4876 Nulli
1118 4829 1198 4891 ergo
1220 4814 1356 4875 omnino
1375 4812 1548 4875 hominum
1559 4813 1662 4876 liceat
1677 4814 1764 4876 hanc

117 4918 191 4993 lpse
214 4928 294 4976 vero
309 4910 437 4973 nullum
453 4909 594 4971 invitum
614 4925 728 4985 agere,
742 4909 795 4970 vel
818 4924 913 4972 accu-
943 4912 1121 4990 ¹paginam
1142 4914 1264 4975 nostre
1290 4909 1537 4973 constitutionis
1558 4910 1773 4995 intringere,

117 5026 193 5074 sare
212 5009 398 5086 compellat,
412 5023 475 5069 nec
495 5006 821 5086 praeponatjudiciis
834 5022 913 5071 ven·
965 5009 1019 5074 rel
1041 5007 1075 5071 ei
1104 5025 1188 5071 ausu
1215 5008 1395 5071 temerario
1427 5007 1606 5070 contraire.
1632 5007 1765 5087 siquis

72 5173 76 5178 ,
115 5111 242 5173 ditores
261 5107 412 5187 justitie,
436 5104 494 5166 sed
513 5105 604 5168 viros
624 5104 778 5166 umentes
795 5107 909 5177 Deum,
943 5094 1077 5183 {auem
1101 5106 1166 5168 hoc
1195 5107 1360 5168 stenaro
1384 5105 1653 5184 presumpserit,
1675 5105 1766 5166 indi-

116 5210 148 5270 et
162 5207 288 5285 peritos
311 5205 441 5281 inJure,
461 5201 517 5278 qui
537 5201 609 5260 sine
630 5200 825 5277 acceptione
840 5218 913 5279 per·
944 5202 1160 5285 ,gestionem
1174 5201 1409 5280 omnipotentis
1428 5200 1500 5272 Dei,
1528 5202 1562 5262 et
1591 5199 1765 5264 beatorum

114 5319 273 5368 sonarum
290 5298 647 5375 exhibeantjuatitiam
667 5300 913 5377 conquerenti-
944 5292 1057 5383 {aaut
1079 5301 1222 5364 et.Panli
1239 5299 1466 5378 apostolorum
1484 5300 1558 5375 ejus
1577 5313 1615 5360 ss
1629 5298 1764 5362 noverit

114 5405 193 5478 bus3
210 5400 386 5464 interdicto
404 5397 536 5475 penitus
557 5410 600 5457 ns
614 5395 748 5473 aliquod
767 5395 912 5474 datpac-
943 5394 1187 5487 {incursurum

113 5506 195 5574 tum,
210 5503 247 5562 at
269 5496 395 5575 aliqrnd
416 5494 519 5556 curiae
537 5493 734 5555 monasterii
746 5494 912 5558 erriatnr
1004 5498 1123 5559 Datum
1147 5495 1315 5560 Laterani.
1330 5494 1474 5556 amando
1493 5509 1602 5586 nonas
1628 5494 1759 5570 aprilis,

114 5616 175 5679 pro
194 5597 325 5675 justitia
343 5591 507 5658 iacienda.
525 5590 670 5652 elericos
686 5593 798 5657 autem
813 5591 913 5655 abba·
944 5614 947 5667 ι
966 5593 1177 5670 pontificatus
1192 5592 1297 5666 posui
1316 5606 1405 5653 anno
1422 5591 1531 5654 tertio.

59 5750 134 5813 ln..
