3774 6186
121 110 180 169 aar
563 180 566 187 ,
735 112 911 173 aosonn
932 112 976 174 111
999 114 1147 176 orsas.
1454 194 1460 206 .
1704 119 1750 180 aa

119 267 329 350 semitribus
339 267 469 340 edictis,
476 269 565 346 juris
580 269 698 331 ordine
708 270 744 331 ln
759 270 912 331 omnibus
967 269 1117 333 volentes
1145 287 1206 350 per
1231 274 1276 345 te,
1296 275 1338 336 de
1359 290 1426 353 quo
1447 274 1605 338 fiduciam
1619 275 1750 352 gerimus

118 363 305 435 observato,
320 365 495 441 praefatum
504 365 703 439 iohannem,
719 368 821 447 quise
835 368 914 429 tuuc
968 366 1160 444 pleniorem,
1172 368 1214 431 de
1227 371 1409 447 premissis
1423 372 1549 450 inquiri
1567 371 1750 448 diligentius

118 461 254 535 gerebat
268 477 327 538 pro
342 463 498 539 episcopo
514 463 722 534 trifenensi,
753 465 793 525 ad
819 479 911 525 suam
966 466 1150 539 ueritatem,
1180 467 1374 529 discretioni
1402 473 1468 531 tuae
1494 486 1555 546 per
1573 471 1748 546 Apostolice

120 560 327 634 praesentiam
343 560 540 629 citauerunt,
563 561 800 631 exhibiturum,
826 560 912 636 quod
967 563 1089 639 scripte
1104 564 1310 635 mandamus,
1327 568 1491 642 quatenus
1516 566 1658 637 vocatis,
1683 583 1750 644 quos

118 672 218 731 super
232 657 274 716 iis
289 656 369 717 ordo
379 659 573 733 poposcerat
587 658 736 719 rationis.
750 658 912 720 iamdicto
968 658 1090 720 videris
1105 661 1303 733 evocandos
1314 663 1341 722 si
1349 663 1480 739 judices
1490 664 1583 740 ipsos
1594 663 1749 726 inveneris

117 753 393 815 eutemlobenne
408 770 468 814 nec
489 754 529 814 ad
543 755 694 830 primam,
712 770 773 816 nec
788 770 911 815 secun·
967 756 1114 831 legitime
1137 760 1364 833 processisse,
1392 761 1540 837 ipsorum
1564 761 1748 823 sententiam

118 850 205 922 dem,
221 866 283 911 nec
311 851 443 912 tertiam
469 851 659 913 citationem
679 853 778 914 etiem
800 867 859 927 per
877 868 913 913 se
966 853 1155 914 executioni
1177 855 1390 929 demandans,
1405 859 1438 919 et
1451 856 1579 919 faciens
1594 873 1668 918 eam
1683 873 1750 920 auc·

116 946 170 1007 vel
194 948 419 1024 responsalem
439 948 594 1009 idoneum
615 951 836 1025 comparente,
854 949 911 1010 sed
966 951 1101 1012 toritate
1115 952 1240 1020 nostra,
1257 953 1388 1016 sublato
1401 955 1638 1031 appellationis
1650 955 1750 1015 obsta·

118 1045 204 1105 sicut
217 1044 402 1117 videbatur,
420 1048 456 1107 ut
470 1046 661 1110 mandatum
676 1046 824 1106 nostrum
840 1047 914 1107 elu-
967 1049 1054 1120 culo,
1067 1048 1209 1113 tirmiter
1223 1050 1405 1123 observari,
1427 1051 1692 1113 contradictores
1706 1069 1752 1129 per

117 1142 219 1213 deret,
245 1143 403 1218 quasdem
432 1143 672 1219 appellationes
694 1142 833 1204 frivolas
854 1159 914 1221 per
966 1147 1226 1209 ecelesiasticam
1240 1163 1426 1221 censuram,
1437 1149 1662 1226 appellatione
1673 1148 1754 1225 posi-

117 1239 259 1299 humiles
279 1239 510 1316 interponente
527 1255 698 1316 personas,
723 1241 810 1302 sicut
832 1242 911 1302 ten·
966 1244 1085 1320 posite,
1103 1246 1353 1322 compescendo,
1376 1247 1555 1323 injungens
1578 1246 1756 1322 archiepis·

116 1337 257 1412 dem'per
271 1336 491 1412 allegationes
506 1337 764 1414 pertisadversae
778 1336 840 1398 fuit
854 1337 914 1400 de-
966 1355 1049 1417 copo
1059 1341 1227 1418 saepefato,
1249 1345 1286 1405 ut
1300 1343 1406 1403 eidem
1421 1343 1527 1404 electo
1544 1359 1666 1403 munus
1682 1359 1757 1404 con·

116 1433 278 1495 cleratum
292 1435 426 1511 injure,
442 1435 541 1496 iidem
553 1435 696 1513 judices,
713 1449 912 1511 quamquam
967 1439 1165 1500 secretionis
1180 1439 1358 1516 impendat,
1376 1440 1462 1501 sicut
1474 1440 1514 1502 ad
1526 1456 1603 1500 eum
1616 1440 1760 1500 noscitur

116 1532 156 1590 de
182 1531 293 1606 rigore
315 1533 402 1609 jnris
429 1532 564 1608 possent
589 1532 768 1609 procedere
796 1534 911 1593 contre
966 1536 1143 1611 pertinere.
1174 1537 1334 1598 Praefatos
1367 1539 1476 1598 autem
1508 1537 1703 1613 episcopos,
1732 1537 1759 1596 si

115 1644 210 1698 ouum,
247 1628 289 1688 ad
324 1628 583 1690 convincendam
618 1631 726 1689 temen
764 1628 911 1705 ejusdem
965 1631 1024 1692 tibi
1038 1633 1233 1704 constiterit,
1249 1649 1306 1694 eos
1317 1636 1391 1711 post
1404 1634 1588 1710 legitimam
1615 1633 1760 1711 appella·

114 1725 278 1786 iohannis
292 1726 452 1787 malitiam
468 1727 618 1802 quartam
632 1726 717 1786 diem
734 1727 764 1787 ei
776 1741 834 1802 pro
848 1742 911 1802 pe·
966 1729 1088 1790 tionem
1117 1730 1280 1792 intrusum
1304 1746 1517 1794 consecrasse
1543 1731 1759 1808 praedictum,

115 1824 294 1899 romptorio
317 1824 458 1884 termino
487 1823 715 1898 assignarunt,
740 1823 909 1885 canonicis
965 1842 1024 1902 pro
1038 1828 1139 1889 tantae
1154 1829 1352 1890 temeritatis
1363 1844 1505 1890 excessu
1524 1843 1707 1906 suspensos
1719 1827 1757 1888 ad

116 1919 490 1982 Arisertensisecclesiae
507 1921 547 1981 ed
563 1921 714 1982 eumdem
732 1920 909 1982 terminum
965 1924 1175 1998 praesentiam
1190 1928 1338 1986 nostram
1359 1927 1576 1996 transmittes,
1603 1925 1642 1986 nt
1662 1923 1759 1985 iidem

2 2068 5 2081 ι
115 2019 262 2079 evocatis
280 2035 287 2077 :
306 2034 421 2079 rerum
447 2019 647 2079 memoratus
668 2020 698 2080 J.
719 2016 909 2078 mandatum
964 2020 1103 2096 inpoene
1119 2021 1224 2097 culpae
1245 2022 1461 2099 quantitatem
1489 2021 1703 2097 cognoscant,
1729 2023 1762 2092 et

116 2115 334 2191 apostolicum
351 2116 604 2191 parvipendens
632 2118 666 2175 et
692 2115 758 2176 tem
782 2114 823 2176 de
848 2129 909 2175 sua
964 2116 1017 2187 iis,
1035 2117 1154 2193 quibus
1176 2119 1389 2194 praesumptio
1409 2118 1471 2179 fuit
1492 2119 1526 2179 in
1552 2117 1758 2185 scandalum,

114 2214 382 2290 presumptione,
412 2229 510 2290 quem
537 2213 577 2273 de
604 2212 716 2274 laicali
741 2211 909 2273 confidens
964 2213 1007 2273 sit
1018 2213 1146 2289 punitio
1163 2213 1199 2275 in
1215 2216 1412 2292 exemplum.
1429 2217 1543 2277 Testes
1557 2217 1681 2285 autem,
1698 2215 1748 2275 etc

115 2312 273 2387 potentia,
288 2326 349 2372 nec
364 2310 585 2388 personaliter
597 2311 781 2387 comperuit
797 2325 908 2371 coram
964 2311 1038 2371 Non
1061 2310 1215 2373 obstante
1236 2312 1470 2374 constitutione
1495 2312 1636 2375 Consilii
1657 2328 1765 2387 gene-

116 2407 176 2479 sis,
194 2423 255 2468 nec
267 2424 327 2484 pro
342 2424 379 2469 se
393 2407 618 2484 responsalem
633 2405 787 2468 idoneum
807 2407 911 2469 desti·
964 2408 1056 2478 reiis,
1081 2410 1142 2469 etc.
1173 2409 1291 2470 Datum
1308 2411 1409 2472 Reate
1424 2411 1515 2470 lell
1527 2409 1595 2470 isal.
1614 2411 1761 2484 august..

116 2505 218 2576 nevit,
241 2505 381 2580 quodem
404 2505 560 2565 (tertione
574 2505 746 2576 dumtaxat,
768 2503 824 2581 qui
847 2504 910 2563 mi·
965 2505 1175 2580 pontificatus
1191 2507 1296 2568 nostri
1308 2521 1396 2568 anno
1410 2507 1520 2569 tertio.

118 2617 178 2662 nas
203 2617 246 2662 ex
261 2603 354 2679 parte
365 2601 539 2677 justitiarii
562 2604 630 2663 tam
649 2601 731 2678 ipsis
742 2600 910 2677 judicibus

117 2714 214 2774 quem
230 2698 334 2760 electo
351 2700 383 2759 et
396 2697 595 2760 electoribus
608 2701 681 2775 ejus
697 2697 844 2769 inferret,
867 2697 908 2758 ed
1267 2701 1456 2788 CCLVIII

118 2811 232 2856 eorum
246 2795 456 2871 presentiam
480 2795 655 2857 destinato.
667 2796 828 2857 Caeterum
839 2797 909 2871 jam

116 2893 214 2957 dictis
246 2892 415 2953 senonicis
451 2891 712 2954 Artfertensibus
742 2892 908 2968 tamquam
1310 2963 1316 2974 .
1351 2964 1366 2976 ..

101 2987 312 3053 obedientiae
328 2989 406 3056 filiis
420 2990 542 3050 statuto
556 2989 697 3051 termino
710 3004 909 3065 comparen-
1261 2963 1294 3020 ¹⁶
1306 2963 1367 3035 J¹¹¹¹¹
1385 2963 1465 3021 ¹²¹⁹·

116 3087 205 3148 tibus
229 3104 340 3149 coram
365 3088 424 3159 eis,
443 3104 482 3148 ec
510 3088 630 3163 gratia,
646 3087 722 3147 odio
737 3102 777 3148 eo
791 3087 913 3147 timore
990 3071 1107 3135 [aegest.
1121 3070 1165 3120 ¹⁵¹³·
1177 3070 1220 3127 111,
1235 3069 1309 3133 ΨΜ·
1323 3068 1378 3120 ¹⁵²²·
1389 3069 1446 3119 ¹¹⁸⁸·
1458 3069 1494 3118 2⁸
1505 3067 1628 3118 romeon
1641 3068 1740 3132 ΜΗ

1073 2844 1126 2901 Ad
1140 2845 1433 2917 arctiepiscopum
1439 2846 1658 2904 lismensem.

17 3258 21 3265 .
118 3186 323 3261 postpositis,
362 3186 552 3247 constanter
591 3183 817 3245 asserentibus
855 3198 908 3254 so,
995 3177 1110 3235 blandai
1123 3185 1155 3234 ut
1169 3175 1204 3233 ed
1220 3174 1449 3235 reformationem
1462 3175 1628 3231 monasterii
1640 3175 1735 3231 Sancti

117 3281 208 3344 trullo
232 3281 273 3343 de
297 3280 539 3358 congentilibus
563 3281 697 3351 omisso,
719 3278 911 3365 saepefatum
1129 3264 1252 3337 Remigii
1268 3264 1418 3322 R⁰ffl0⁰⁸i⁸
1433 3262 1599 3336 limini·

118 3383 154 3437 tt.
175 3378 209 3438 in
229 3379 349 3455 majori
369 3377 567 3440 Artfertensi
590 3376 731 3438 ecclesie
753 3376 911 3437 canonice
1004 3373 1183 3442 Honorius,
1197 3369 1465 3443 etc.,venerebili
1480 3369 1615 3433 fratri...
1632 3370 1762 3434 archie-

117 3492 156 3537 ac
175 3475 384 3536 concorditer
405 3475 439 3535 in
460 3473 698 3536 artfertensem
720 3474 911 3550 episcopum
965 3470 1262 3547 piscopoRemen.,
1275 3468 1426 3540 salutem,
1439 3470 1501 3529 etc.

117 3574 261 3649 elegisse
288 3594 296 3632 ε
325 3571 401 3648 ipsi,
431 3572 499 3633 tem
527 3571 568 3632 de
596 3571 776 3632 idoneitate
805 3569 910 3646 ipsius
1004 3567 1111 3634 Officii
1120 3558 1227 3627 nostri
1238 3565 1382 3626 debitum
1400 3562 1614 3626 laudabiliter
1625 3579 1764 3625 exerce-

118 3670 226 3743 electi,
251 3684 348 3746 quem
382 3669 423 3730 de
451 3667 548 3728 modo
579 3667 752 3729 electionis
783 3668 816 3728 et
845 3666 910 3728 eii·
965 3681 1049 3737 mus,
1074 3665 1102 3724 si
1127 3663 1167 3724 ad
1194 3661 1462 3724 reformationem
1487 3662 1708 3723 ecclesiarum
1728 3661 1765 3722 in

119 3767 265 3842 gentium
290 3766 410 3827 studiis
431 3765 571 3827 veritate
594 3765 785 3840 diligentius
810 3764 909 3825 inda·
965 3760 1176 3839 quibuslima
1192 3762 1243 3821 est
1256 3759 1473 3820 correctionis
1490 3759 1691 3836 apostolicas
1704 3775 1765 3820 ne·

116 3867 218 3940 geta,
253 3881 327 3925 cum
352 3864 557 3925 invenissent
582 3862 776 3924 electionem
805 3862 910 3939 ipsam
965 3857 1124 3930 cessarie,
1137 3859 1260 3919 nostrae
1275 3855 1511 3918 sollicitudinis
1526 3855 1634 3918 eciem
1647 3857 1762 3917 inten-

119 3963 307 4023 unenimem
321 3963 355 4024 et
364 3960 571 4030 concordem,
584 3958 708 4036 etquod
720 3975 763 4019 ex
771 3959 910 4021 adversa
965 3956 1190 4018 damascum
1215 3954 1317 4029 igitur
1342 3952 1531 4030 frequentes
1546 3953 1586 4012 ed
1614 3968 1674 4013 nos
1693 3953 1767 4014 cle·

117 4061 210 4136 parte
225 4060 272 4120 nil
286 4057 449 4134 objectum
462 4056 590 4128 fuisset,
607 4056 694 4134 quod
715 4056 910 4117 electionem
964 4069 1074 4114 mores
1111 4051 1351 4128 pervenerint,
1393 4051 1480 4128 quod
1523 4049 1763 4111 monesterium

117 4157 265 4235 eJ'usdem
278 4155 430 4216 Giliberti
445 4154 606 4231 impedire
619 4153 755 4225 valeret,
778 4153 910 4217 tandem
966 4151 1078 4213 Sancti
1091 4149 1235 4224 Remigii
1249 4150 1385 4209 Romen.
1405 4148 1439 4208 in
1456 4146 1619 4224 plurimis,
1635 4163 1714 4224 quae
1727 4148 1764 4208 in

117 4256 191 4331 post
214 4251 456 4315 admonitiones
479 4252 514 4314 et
537 4251 712 4313 citationes
739 4250 853 4312 varies
870 4249 911 4311 de
964 4248 1212 4323 derogationem
1240 4246 1317 4306 sunt
1342 4244 1407 4306 loci
1421 4243 1574 4320 quedem
1589 4245 1623 4305 et
1645 4259 1767 4321 perso·

118 4351 195 4413 dicti
223 4349 387 4413 iohannis
418 4348 606 4410 intrusione
630 4363 670 4409 ec
702 4348 911 4410 contumacia
965 4360 1083 4406 nerum
1098 4342 1220 4404 ibidem
1232 4342 1485 4410 consistentium
1509 4342 1552 4403 sit
1566 4341 1764 4418 collapsum,

118 4445 408 4519 certiores,effecti
419 4445 615 4507 electionem
624 4444 730 4522 ipsius
744 4447 782 4506 (i.
799 4446 913 4522 utpote
965 4442 998 4505 id
1012 4440 1072 4507 sub
1084 4440 1349 4508 dissimulatione
1359 4439 1507 4501 transire
1521 4438 1688 4511 nolentes,
1705 4440 1764 4500 sed

118 4545 277 4609 canonice
289 4543 489 4605 celebratam
510 4543 707 4604 auctoritate
722 4542 911 4618 apostolica
965 4539 1117 4602 volentes
1130 4553 1231 4613 super
1249 4552 1289 4597 eo
1309 4535 1632 4614 potiuslipostolioae
1648 4537 1764 4612 provi-

118 4644 380 4711 coniirmarunt,
423 4639 667 4716 possessionem
697 4639 910 4701 Artfertensis
966 4636 1069 4697 sionis
1084 4634 1216 4696 oculum
1231 4633 1378 4710 aperire,
1401 4631 1602 4696 fraternitati
1616 4633 1685 4695 tuae
1705 4649 1765 4710 per

119 4743 328 4819 episcopatus
348 4738 575 4816 adjudicantes
590 4737 707 4798 eidem.
726 4736 819 4799 Unde
829 4750 910 4813 pos·
965 4732 1154 4809 Apostolice
1173 4731 1297 4808 scripta
1312 4730 1518 4798 mandamus,
1539 4732 1707 4807 quatenus
1721 4730 1762 4791 ed

118 4838 306 4902 inlabente
335 4837 454 4909 nobis,
484 4837 520 4898 ut
542 4851 616 4897 cum
639 4833 913 4911 metropolitanus
965 4830 1114 4907 ejusdem
1154 4827 1347 4892 monasterii
1384 4827 1656 4889 reformationem
1691 4829 1766 4890 vice

118 4953 198 4999 suus
214 4934 277 4996 sibi
291 4949 411 4994 munus
440 4932 702 4995 consecrationis
721 4931 912 5007 impendere
966 4930 1079 4989 nostra
1102 4925 1315 4997 descendens,
1332 4925 1378 4985 ibi
1392 4926 1498 4987 Deum
1525 4923 1679 4987 babendo
1695 4941 1764 5003 prae

74 5090 77 5095 .
118 5050 185 5095 non
201 5030 337 5102 curarit,
360 5029 442 5089 iliud
468 5029 500 5091 ei
524 5030 564 5091 de
587 5028 791 5104 benignitate
818 5027 912 5089 Sedis
967 5025 1083 5096 oculis,
1098 5023 1227 5085 sublato
1239 5022 1471 5099 appellationis
1486 5021 1671 5095 obstaculo,
1686 5039 1764 5085 cor-

117 5129 316 5208 Apostolicae
338 5123 531 5203 impendere
566 5125 789 5200 dignaremur.
822 5124 914 5186 Licet
967 5124 1059 5197 riges
1086 5122 1120 5182 et
1145 5121 1329 5191 reformes,
1357 5135 1435 5195 quae
1468 5121 1691 5182 correctionis
1730 5122 1761 5181 et

118 5232 228 5293 eutem
257 5224 419 5288 nominati
437 5223 567 5301 judices
589 5223 695 5299 ipsius
715 5222 839 5299 negotii
854 5237 912 5282 se·
967 5217 1330 5280 reformationisofticio
1338 5216 1461 5279 rideris
1470 5216 1634 5292 indigere.
1646 5219 1764 5279 Datum

119 5328 214 5392 riom.
237 5324 322 5386 sicut
349 5321 504 5399 superius
541 5322 592 5383 est
614 5335 820 5396 expressum,
855 5336 914 5396 per
968 5317 1082 5386 Reate,
1107 5316 1182 5376 XVI
1204 5315 1364 5377 kalendas
1388 5313 1533 5391 augusti,
1550 5314 1766 5392 pontificatus

119 5441 196 5486 sues
221 5422 316 5483 nobis
343 5421 470 5483 litteras
499 5418 694 5485 intimarint
722 5434 782 5481 nos
803 5418 914 5479 temen
969 5414 1073 5475 nostri
1089 5412 1300 5475 annotertio.
