3774 6186
118 305 176 369 eal
732 301 907 362 HONORII
930 301 974 362 111
996 303 1144 367 OPERA.
1705 304 1763 367 692

118 461 324 534 cabilonen..
340 463 374 525 et
395 460 525 524 dilectis
550 461 628 522 tiliis
654 504 714 522 .....
739 459 851 523 abbati
872 461 913 523 de
965 461 1040 523 in...
1061 461 1208 540 priorem
1226 463 1260 525 S.
1281 464 1416 525 Pauli...
1440 464 1610 527 cantorem
1634 466 1668 526 S.
1690 465 1760 526 Ste-

119 560 304 630 Firmitate,
331 558 522 621 Cistercien.
550 557 688 633 ordinis,
720 557 910 620 cabilonen.
967 559 1107 636 phani...
1124 560 1395 621 archidiaconum
1412 560 1455 622 de
1472 561 1598 623 Salluis
1613 563 1685 623 et...
1701 577 1758 622 ca-

118 656 284 719 dioecesis.
967 655 1147 717 mererium
1179 657 1343 718 Bisuntin.
1375 658 1579 719 unanimiter
1611 658 1761 719 contule-

122 788 125 793 ·
159 754 388 832 Multiplicatis
408 753 561 831 precibus
580 752 783 819 venerabilis
797 751 910 816 fratris
967 753 1056 813 runt.
1071 752 1195 824 Quibus
1212 754 1422 817 concorditer
1439 754 1692 819 nominantibus
1712 756 1760 815 di-

119 851 275 913 nostri....
307 851 473 929 quondam
516 851 732 914 Matisconen.
765 851 912 928 episcopi
968 848 1088 910 lectum
1103 849 1208 911 tilium
1221 853 1258 912 G.
1271 853 1459 915 musanen.
1475 852 1664 923 electum,a
1680 852 1760 913 Sede

117 947 295 1024 benignius
310 951 506 1021 annuentes,
519 949 627 1027 ipsum
642 965 663 1010 a
683 964 762 1010 eura
776 947 914 1025 regimi-
969 946 1156 1023 apostolica
1178 947 1422 1029 postulandum,
1441 948 1572 1026 prefati
1596 949 1717 1011 decani
1731 951 1761 1011 et

118 1046 172 1107 nis
182 1046 333 1108 ecelesiae
346 1047 567 1107 Matisconen.
579 1044 793 1116 absolvimus,
806 1044 912 1107 eidem
967 1043 1121 1106 canonici
1130 1045 1362 1120 procuratores
1374 1061 1453 1108 suos
1465 1045 1507 1106 ad
1520 1046 1673 1108 nostram
1685 1061 1761 1122 pra·

51 1164 54 1171 ·
121 1145 157 1204 ut
178 1143 422 1220 pontificalibus
448 1143 561 1205 utatur
584 1140 772 1221 insignibus
793 1157 914 1203 conce·
967 1140 1107 1204 sentiam
1122 1141 1326 1205 destinantes
1348 1143 1561 1219 postularunt
1582 1143 1760 1204 eoncordi-

118 1239 246 1303 dcntes.
263 1239 404 1318 ideoque
417 1239 610 1301 discretioni
622 1241 741 1303 vestrae
756 1241 915 1317 perdpo-
967 1241 1018 1298 ter
1038 1240 1071 1299 et
1089 1238 1264 1311 instanter,
1286 1241 1323 1301 ut
1344 1240 1494 1301 eumdem
1511 1239 1658 1302 electum
1670 1239 1760 1301 eisin

119 1336 237 1398 stolica
260 1337 384 1413 scripta
408 1337 621 1410 mandamus,
644 1338 807 1414 quatenus
826 1351 914 1412 prae-
967 1336 1133 1413 pastorem
1146 1335 1328 1399 concedere
1343 1335 1567 1417 dignaremur.
1585 1336 1681 1399 Licet
1698 1352 1760 1398 au-

119 1431 187 1495 lato
198 1433 364 1511 episcopo,
375 1435 409 1494 et
418 1433 502 1496 bene
510 1433 689 1506 merito,de
699 1432 912 1511 proventibus
967 1431 1032 1493 tem
1045 1435 1113 1494 tam
1128 1433 1203 1510 ipsi,
1220 1448 1320 1510 quam
1340 1422 1493 1496 nonnulli
1505 1434 1579 1506 alii,
1589 1434 1650 1511 qui
1665 1451 1761 1511 super

119 1530 337 1593 Matisconen.
374 1531 535 1609 episcopii
570 1531 793 1609 provisionem
828 1545 912 1590 con·
967 1528 1030 1592 boc
1045 1529 1140 1592 nobis
1159 1546 1237 1591 suas
1256 1530 1384 1593 litteras
1400 1530 1606 1600 direxerunt,
1622 1531 1760 1594 electum

118 1642 238 1704 gruem
264 1628 453 1703 assignetis,
481 1629 528 1690 ita
552 1627 638 1705 quod
665 1630 738 1705 ejus
767 1625 912 1704 provisio
967 1627 1074 1703 ipsum
1087 1626 1365 1704 multipliciterde
1375 1627 1576 1702 litteratura,
1586 1627 1759 1705 prudentia

119 1738 181 1785 nec
195 1723 260 1786 sibi
275 1724 414 1787 nimium
429 1725 552 1796 tenuis,
568 1740 630 1786 neo
642 1726 715 1801 ejus
727 1722 912 1785 successori

118 1821 258 1885 nimium
287 1822 419 1900 pinguis
452 1822 570 1884 merito
598 1821 762 1884 videatur.
792 1823 911 1883 Datum

116 1918 286 1993 Laterani,
297 1922 340 1982 lv
353 1919 486 1982 kalend.
499 1918 671 1987 februarii,
683 1933 771 1981 anno
784 1917 910 1996 quinto.

415 2115 618 2203 CCXXXV

216 2249 268 2310 Ad
282 2250 478 2324 episcopum
491 2248 790 2310 matisconensem.

411 2369 447 2429 30
457 2369 519 2443 jen.
537 2370 616 2429 ital.

147 2482 266 2548 [Regni.
278 2484 323 2534 lib.
334 2483 370 2543 v,
377 2484 451 2549 epist.
463 2483 518 2533 382.
532 2483 590 2534 lias.
603 2483 640 2535 La
652 2484 728 2534 Porto
739 2483 774 2533 dn
784 2481 879 2548 Theti]

208 2590 372 2650 Cessionem
388 2589 499 2663 eiusab
514 2592 680 2664 episcopatu
695 2589 826 2648 admittit.

161 2708 339 2779 Honorius,
363 2710 439 2781 etc,
454 2707 640 2770 venerabili
654 2707 750 2769 tratri
769 2709 806 2768 P.
823 2706 913 2784 epis·

118 2820 202 2882 copo
215 2805 380 2881 quondam
395 2805 611 2867 Matisconen.

159 2900 388 2978 Multiplieatis
408 2903 560 2979 precibus
584 2902 649 2964 tuis
669 2901 801 2964 tandem
823 2899 914 2961 beni·

117 2999 218 3075 gulas
237 3000 421 3061 annuentes
438 3002 471 3062 te
489 3016 508 3061 a
523 3015 603 3061 cura
617 2999 789 3075 regiminis
804 2997 914 3061 ecele-

118 3096 177 3157 siae
199 3097 417 3158 Matisconen.
443 3095 656 3168 absolvimus,
682 3095 910 3166 concedentes,

116 3195 153 3254 ut
168 3193 413 3271 pontificalibus
427 3195 533 3255 utaris
548 3193 749 3269 insignibus,
766 3206 804 3254 ao
823 3208 913 3253 man·

117 3290 235 3353 dantes
250 3307 325 3352 ven.
343 3291 438 3355 tratri
448 3294 600 3354 nostro...
613 3290 806 3352 cabilonen.
822 3290 913 3367 epis·

117 3404 199 3465 copo
218 3390 252 3450 et
271 3389 392 3451 dilecto
417 3390 525 3451 tilio...
545 3387 657 3449 abbati
678 3388 719 3450 de
741 3386 914 3450 Firmitate

116 3485 311 3547 Cistercien.
328 3486 467 3558 ordinis,
488 3485 681 3547 cabilonen.
696 3485 860 3557 dioecesis,
878 3485 914 3545 ut

114 3579 158 3643 de
179 3582 394 3659 proventibus
418 3583 636 3644 Matisconen.
659 3582 831 3660 episcopii,
856 3581 912 3642 cui

116 3678 330 3741 laudabiliter
347 3679 527 3757 praeluisti,
554 3695 733 3756 congruam
751 3677 811 3741 tibi
832 3695 911 3755 pro-

116 3775 280 3839 visionem
295 3777 478 3853 assignent.
495 3777 612 3839 batum
627 3777 796 3849 Laterani,
813 3777 911 3838 tertio

115 3872 277 3936 kalendas
288 3874 460 3947 februarii,
478 3890 566 3937 anno
582 3875 709 3953 quinto.

404 4069 626 4158 cdxxxvi

115 4206 167 4266 Art
180 4206 355 4281 episcopos
371 4206 573 4267 brenensem
594 4203 628 4266 et
647 4204 909 4278 disponeremus.

412 4326 447 4385 30
457 4325 518 4401 jan.
536 4325 615 4384 tati.

143 4443 263 4507 targosa,
277 4440 324 4493 lib.
336 4441 369 4502 V,
380 4440 454 4505 epist.
467 4439 524 4490 eol.
538 4442 597 4492 tiss.
611 4441 646 4493 ba
658 4439 733 4492 Perta
743 4439 777 4490 du
792 4437 886 4505 rnen]

117 4549 172 4606 liat
190 4548 233 4605 ele
252 4547 428 4621 provinciam
443 4546 479 4603 de
495 4546 528 4604 G.
547 4546 724 4605 hennensi
746 4545 851 4614 electo,
863 4544 911 4618 oui

152 4636 188 4694 ad
203 4635 301 4695 sedem
317 4635 494 4697 bisuntinum
506 4649 522 4692 a
535 4635 682 4693 canonicis
696 4634 861 4703 vocabatur,
872 4635 912 4690 tn·

150 4725 292 4800 quirendl,
305 4731 333 4787 et
348 4723 507 4784 aidoneus
526 4723 678 4794 videretur,
691 4723 785 4797 ipsum
804 4721 908 4783 contir-

152 4815 259 4873 mandi.

156 4931 338 5003 Honorius,
364 4931 445 5003 etc,
474 4927 722 4992 venerabilibus
753 4927 912 4990 iratribus

117 5030 255 5092 Trecen.
267 5029 302 5089 et
315 5028 499 5103 Lingonen.
515 5027 692 5105 episcopis.

156 5120 306 5184 Ecclesia
317 5122 491 5184 Bisuntina
507 5121 652 5199 pastoris
667 5118 788 5182 solatio
807 5117 914 5182 desti-

117 5223 199 5292 tuta,
211 5218 324 5281 dilecti
339 5217 401 5279 tilii
413 5221 448 5280 S.
461 5218 632 5297 Stephani,
649 5219 718 5281 et...
735 5219 769 5278 S.
784 5217 914 5279 lohan-

116 5320 169 5381 nis
181 5316 346 5381 Bisuntin.
360 5315 489 5386 decani,
501 5318 535 5379 et
545 5315 709 5387 canonici,
721 5316 914 5378 convocatis

116 5417 173 5494 qui
187 5415 320 5479 luerent
330 5413 546 5486 convocandi,
559 5413 599 5474 de
610 5428 702 5474 more
715 5413 914 5476 convenien-

115 5518 166 5576 tes
191 5515 224 5574 in
254 5529 368 5581 unum,
399 5512 596 5590 potestatem
624 5510 819 5588 providendi
849 5511 913 5572 sibi

118 5628 294 5689 personam
315 5611 469 5673 idoneam
496 5608 656 5673 canonice
679 5608 713 5669 in
735 5611 911 5684 pastorem,

966 1725 1001 1785 et
1014 1723 1187 1786 honestate
1207 1725 1447 1798 commendent,
1468 1727 1501 1789 et
1515 1741 1577 1788 nos
1592 1725 1636 1788 ad
1652 1727 1760 1802 provi-

967 1820 1094 1882 sionem
1114 1821 1219 1897 ipsius
1243 1822 1394 1885 eeclesiae
1407 1821 1604 1899 jamdudum
1619 1823 1759 1900 pastoris

967 1918 1087 1979 solatio
1102 1918 1278 1991 destituta,
1288 1918 1398 1981 debita
1413 1919 1641 1981 sollicitudine
1653 1920 1761 1979 inten-

966 2014 1094 2088 damus,
1118 2015 1195 2092 quia
1221 2018 1333 2079 tamen
1357 2016 1446 2079 eirca
1467 2031 1648 2093 personam
1666 2032 1759 2077 suam

967 2128 1034 2174 nou
1047 2112 1154 2175 solum
1164 2112 1254 2185 aliis,
1269 2113 1327 2175 sed
1342 2113 1444 2179 etiam
1457 2114 1625 2190 episcopis
1640 2113 1758 2190 praete-

967 2207 1104 2271 rendam
1123 2209 1360 2287 impensiorem
1378 2209 1587 2287 diligentiam
1607 2211 1759 2273 convenit

966 2304 1139 2379 adbibere,
1154 2307 1189 2368 ln
1203 2308 1337 2383 negotio
1356 2308 1441 2384 ipso,
1457 2323 1557 2385 quum
1571 2307 1655 2368 dieti
1666 2307 1759 2370 electi

967 2419 1111 2482 persona
1130 2404 1174 2466 sit
1193 2404 1289 2466 nobis
1307 2404 1488 2480 incognita,
1509 2404 1669 2466 duximus
1686 2421 1756 2465 eum

967 2502 1157 2564 maturitate
1192 2501 1303 2564 debita
1332 2501 1589 2579 procedendum.
1621 2501 1759 2579 ideoque

966 2598 1169 2660 fraternitati
1194 2600 1314 2661 vestrae
1339 2614 1398 2675 per
1422 2599 1615 2675 apostolica
1639 2599 1759 2676 scripta

967 2697 1174 2768 mandamus,
1190 2699 1354 2772 quatenus
1381 2695 1524 2757 electum
1542 2695 1654 2773 ipsum
1675 2697 1758 2757 circa

967 2793 1198 2865 litteraturam,
1212 2794 1245 2857 et
1256 2793 1335 2864 alia,
1352 2808 1426 2869 quae
1435 2792 1472 2853 in
1484 2793 1645 2870 pontifice
1658 2793 1758 2870 requi·

967 2891 1096 2962 rantur,
1110 2889 1288 2966 diligenter
1306 2889 1499 2953 examinare
1524 2890 1664 2962 curetis,
1680 2892 1714 2952 et
1734 2890 1757 2950 si

966 3003 1042 3049 eum
1059 2986 1210 3049 ecclesias
1233 2986 1416 3051 Bisrmtinae
1438 2986 1603 3063 regimine
1618 2987 1754 3049 invene·

967 3084 1041 3147 ritis
1055 3100 1128 3147 esse
1147 3085 1295 3160 dignum,
1312 3084 1419 3160 ipsum
1437 3083 1545 3145 eidem
1561 3085 1754 3146 auctoritate

966 3185 1079 3244 nostra
1090 3182 1124 3245 in
1133 3184 1299 3260 pastorem
1312 3183 1345 3243 et
1354 3181 1545 3258 episcopum
1558 3182 1753 3250 concedatis,

967 3294 987 3342 a
1004 3294 1083 3341 cura
1100 3281 1287 3341 Lausanen.
1303 3278 1454 3340 ecclesiae
1478 3277 1681 3341 absolutum.
1697 3281 1754 3340 Da·

967 3378 1036 3441 tum
1051 3376 1219 3448 Laterani,
1231 3377 1277 3437 lli
1289 3375 1450 3437 kalendas
1459 3374 1636 3447 februarii,
1653 3374 1753 3453 ponti·

968 3474 1086 3537 doetus
1101 3474 1207 3536 nostri
1219 3489 1307 3537 anno
1322 3473 1449 3551 quinto.

1243 3694 1487 3782 cdxxxvii·

965 3840 1018 3901 Ad
1029 3838 1205 3901 andream
1219 3839 1514 3912 archiepiscopum
1531 3836 1754 3901 cumeneo..

1262 3957 1297 4016 ³0
1308 3957 1377 4032 jan..
1386 3957 1467 4017 tait.

1124 4071 1216 4138 [θεῖα.
1229 4071 1352 4137 *omrai-
1362 4071 1403 4131 it·
1412 4084 1440 4123 n.
1453 4070 1492 4130 ¹⁸·
1503 4070 1607 4137 tm]

984 4188 1101 4249 llandat
1114 4195 1145 4246 ut
1156 4188 1276 4260 recipiet
1290 4194 1318 4245 et
1334 4185 1475 4244 custodiat
1489 4187 1644 4260 penum
1659 4199 1734 4259 quam

1020 4276 1186 4349 Upsatensis
1201 4273 1433 4349 archiepiscopus
1448 4274 1599 4348 assignare
1613 4273 1704 4331 debet.

1006 4403 1184 4476 Honorius,
1210 4417 1326 4464 servus
1354 4415 1527 4463 servorum
1550 4398 1623 4474 Dei,
1651 4398 1758 4463 arebb-

966 4500 1121 4580 episeopo
1141 4499 1245 4561 Lund.
1261 4495 1443 4578 (andrea),
1457 4497 1612 4567 salutem,
1629 4499 1690 4561 etc.

1006 4597 1221 4661 Fraternitati
1257 4598 1323 4658 tuae
1356 4595 1569 4667 mandamus,
1599 4596 1750 4674 quatenus

966 4695 1152 4775 pecuniam,
1170 4696 1199 4756 si
1219 4709 1317 4772 quam
1331 4692 1393 4755 tibi
1411 4693 1525 4754 noatm
1540 4693 1676 4757 nomine
1694 4705 1748 4752 ve·

966 4789 1748 4867 nerabilistraternosterllpsalensisarcbiepis·

966 4906 1069 4968 copus
1093 4888 1287 4966 assignabit,
1307 4887 1451 4964 recipias
1472 4888 1506 4948 et
1522 4887 1690 4949 custodias
1709 4885 1752 4946 di·

967 4976 1122 5063 ligenter,
1134 4986 1239 5047 donec
1261 4997 1362 5060 super
1384 4980 1448 5045 hoe
1468 4996 1489 5044 a
1508 4982 1606 5044 nobis
1625 4981 1760 5045 manda·

967 5086 1036 5148 tum
1051 5083 1218 5160 receperis
1233 5081 1400 5152 iteratum,
1417 5081 1486 5143 etc..

1008 5216 1197 5298 (Excerpsit
1211 5213 1428 5292 Lagerbring,
1445 5214 1487 5275 Η.
1498 5213 1577 5286 s.,t
1591 5214 1635 5291 11,
1646 5231 1677 5295 p.
1689 5213 1757 5281 tlt..

967 5331 1012 5379 ex
1039 5313 1230 5393 apographo
1258 5328 1320 5393 per
1343 5311 1527 5384 Malletum,
1552 5310 1637 5393 prot.
1662 5311 1749 5373 Heln.

968 5414 1081 5477 Rcmae
1101 5428 1176 5474 oum
1200 5410 1277 5473 aliis
1304 5408 1502 5472 Pontificum
1523 5409 1685 5487 epistolis,
1702 5423 1751 5469 re·

967 5525 1108 5589 gnorum
1128 5506 1437 5589 septentrionalium
1466 5505 1643 5571 historiam
1664 5506 1752 5570 illus·

967 5607 1144 5679 trantibus,
1160 5603 1385 5681 transmisso.)
