3774 6186
112 320 172 381 oor

346 552 349 557 .
433 486 590 581 CCVIII

115 626 167 684 Ad
185 622 466 694 archiepiscopos,
493 622 677 692 episcopos,
701 618 909 691 ceterosque

308 721 529 785 ecclesiorron
542 714 715 789 prolatos.

410 829 444 885 18
456 829 517 901 jun.
536 829 613 885 thil.

217 938 332 1002 [tripolis
345 936 412 987 null.
425 935 633 989 Prmdicatorum,
650 934 669 991 l,
681 948 710 994 u,
724 944 751 981 n·
762 932 812 996 l8.]

115 1035 303 1096 Commendat
323 1035 503 1091 Dominicum
525 1033 695 1089 canonicum
724 1030 831 1087 ordinis
852 1028 908 1086 lra-

327 1132 401 1181 trum
418 1122 637 1179 predicatorum
652 1120 703 1191 (l).

157 1232 826 1307 Honoriusepiscopus,servasservorum
838 1226 909 1293 Dei,

117 1329 364 1393 venerabilibus
394 1328 553 1389 iratribus
590 1325 849 1401 archiepiscopis
880 1326 912 1385 et

118 1428 295 1511 episcopis,
318 1431 351 1487 et
371 1425 500 1486 dilectis
521 1424 598 1484 tiliis
620 1422 804 1492 abbatibus,
822 1420 913 1498 prio-

117 1525 211 1586 ribus
225 1527 256 1585 et
272 1524 348 1584 aliis
364 1522 580 1584 ecclesiarum
596 1520 755 1597 praelatis,
771 1519 812 1580 ad
829 1534 911 1595 quos

117 1622 237 1684 litterae
257 1622 329 1681 istae
353 1619 578 1697 pervenerint,
600 1619 752 1685 salntem,
768 1620 829 1677 etc.

158 1713 912 1792 Quoniamabundavitiniquitasetrelrigescit

117 1817 240 1879 caritas
270 1815 499 1893 plurimorum,
530 1829 607 1874 ecce
636 1810 784 1873 ordinem
809 1811 912 1871 dilec-

117 1916 227 1977 torum
248 1914 392 1974 illiorum
414 1913 553 1973 fratrum
570 1910 828 1971 praedicatorum
843 1910 911 1968 Do-

118 2012 230 2073 minus
245 2009 429 2079 suscitavit,
442 2010 497 2085 qui
514 2022 579 2068 non
591 2022 664 2084 quae
679 2022 751 2076 sua,
769 2005 825 2064 sed
839 2021 912 2081 qnae

118 2110 197 2169 sunt
216 2107 339 2168 Christi
361 2108 558 2184 quaerentes,
575 2107 643 2165 tam
663 2106 778 2164 contra
798 2101 913 2179 proili-

117 2204 244 2281 gandas
266 2203 422 2273 hareses
444 2218 541 2278 quam
561 2203 677 2262 contra
699 2201 807 2276 pestes
828 2198 912 2260 alias

117 2300 317 2371 mortiteras
325 2299 540 2376 extirpandas
551 2314 586 2358 se
600 2297 796 2358 dedicarunt
808 2311 914 2357 evan-

117 2397 307 2473 gelisationi
327 2397 419 2458 verbi
440 2397 510 2469 Dei,
527 2396 559 2456 in
581 2395 766 2472 abjectione
789 2392 911 2453 volun·

117 2495 213 2556 tariae
238 2496 452 2572 paupertatis.
473 2494 541 2555 Nos
560 2493 660 2568 igitur
679 2507 793 2552 eorum
814 2505 913 2550 sanc-

118 2592 188 2653 tum
198 2593 402 2671 propositum
413 2590 680 2652 etnecessarium
691 2587 912 2648 ministerium

50 2712 62 2739 1
119 2688 234 2751 lavore
265 2688 426 2749 benevolo
461 2688 708 2764 prosequentes
740 2685 912 2745 caritatem

118 2788 262 2847 vestram
278 2799 433 2859 rogamus
448 2785 481 2843 et
494 2782 710 2842 exhortamur
724 2782 759 2841 iu
774 2781 912 2841 Domino

117 2898 157 2944 ac
172 2898 232 2959 per
246 2881 435 2957 apostolica
456 2879 548 2939 vobis
566 2879 689 2955 scripta
704 2878 911 2949 mandamns,

118 2980 281 3055 quatenus
303 2976 457 3039 dilectum
477 2976 583 3036 illium
606 2975 741 3037 fratrem
764 2975 914 3036 Domini-

119 3072 912 3150 curn,latorempraesentiumcanonicumordiuis

116 3171 301 3242 memorati,
312 3171 564 3246 proreverentia
576 3170 699 3242 divina,
713 3171 753 3231 ad
767 3170 912 3231 cilicium

118 3268 382 3345 praedicandi,ad
391 3267 475 3344 quod
487 3267 662 3344 deputatus
671 3271 730 3338 est,
743 3268 913 3344 recipiatis

117 3365 259 3441 benigne
281 3381 321 3425 ac
335 3365 474 3441 populos
488 3364 582 3425 vobis
596 3366 801 3436 commissos,
817 3367 852 3425 ut
870 3380 913 3425 ex

117 3478 179 3524 ore
208 3462 315 3539 ipsius
337 3461 431 3521 verbi
456 3461 514 3522 Dei
537 3477 650 3522 semen
671 3461 788 3523 devote
807 3463 914 3521 susci-

119 3561 223 3639 piant,
234 3559 349 3620 sedulo
362 3558 589 3619 admomeutes
602 3574 661 3634 pro
670 3562 782 3619 nostra
791 3559 914 3635 etApo·

118 3657 243 3718 stolicae
260 3655 355 3717 Sedis
369 3656 570 3727 reverentia,
587 3656 622 3715 in
638 3656 707 3716 suis
720 3655 750 3716 ei
764 3657 912 3717 necessi·

51 3784 55 3795 ,
118 3754 239 3815 tatibus
263 3753 448 3814 liberaliter
472 3753 635 3814 assistatis
664 3754 837 3829 quatenus,
870 3754 910 3814 ad

23 3916 33 3933 Ι
117 3851 199 3911 illud
220 3850 468 3927 suscipiendum
485 3851 605 3911 vestris
624 3851 911 3912 exhortationibus

117 3948 228 4025 populi
243 3948 421 4025 praeparati
432 3950 588 4025 tanquam
603 3947 688 4009 bona
699 3950 732 4009 et
742 3947 911 4010 fructifera

1 4086 6 4091 -
116 4047 205 4107 terra
226 4061 285 4121 pro
300 4044 456 4106 vitiorum
478 4045 612 4106 tributis
630 4046 791 4122 incipiant
811 4061 910 4121 sege-

52 4178 58 4187 ·
115 4146 181 4204 tam
205 4142 394 4219 germinare
424 4142 594 4214 virtutum,
615 4145 648 4204 et
673 4142 779 4203 dictus
810 4158 913 4204 cano·

117 4240 211 4300 nicus
231 4255 290 4316 per
309 4240 575 4316 cooperationem
590 4242 746 4310 vestram,
764 4241 910 4316 suscepti

116 4337 294 4399 ministerii
317 4353 452 4397 cursum
478 4336 609 4399 felicius
637 4339 907 4409 consummando,

117 4437 264 4511 optatum
288 4437 435 4511 reportet
465 4435 518 4493 sni
549 4434 673 4495 laboris
703 4434 847 4497 fructum
879 4438 912 4497 et

19 4596 22 4605 ,
117 4532 227 4603 tinem,
241 4532 380 4593 salutem
397 4531 551 4592 videlicet
573 4531 770 4592 animarum.
792 4535 910 4597 natum

116 4629 283 4700 Laterani,
304 4630 363 4689 XV
377 4628 446 4689 kal.
461 4626 557 4698 febr„
578 4628 790 4705 pontiocatus
805 4630 910 4691 nostri

116 4742 204 4787 anno
219 4728 344 4803 quinto.

453 4843 568 4929 cclx

404 4979 456 5037 Act
470 4979 615 5038 eosdem.

413 5098 447 5154 le
458 5097 518 5169 jan.
536 5098 615 5156 lili.

285 5200 421 5265 [Strehlke
435 5203 453 5252 l.
469 5218 501 5261 c.,
517 5218 541 5266 p.
554 5203 609 5263 299,
626 5218 651 5253 n.
667 5204 736 5268 33L]

68 5380 72 5389 Ι
116 5299 270 5360 &afirmat
292 5299 384 5358 ordini
410 5299 585 5358 Thentonico
613 5301 718 5359 liberes
736 5301 909 5359 contratrum

160 5391 334 5461 sepulturam
349 5389 652 5462 eleemosynarumque
668 5392 864 5462 questionem.

157 5506 826 5583 Honoriusepiscopns,servusservorum
837 5508 907 5579 Dei,

654 330 657 335 '
727 316 901 377 bonomi
924 314 973 378 111
990 318 1138 380 OPERA.

1701 322 1764 381 ees

963 476 1210 537 venerabilibus
1244 477 1402 541 iratribus
1434 479 1700 557 archiepiscopis
1730 480 1764 542 et

963 573 1127 649 episcopis
1149 576 1181 635 et
1202 575 1331 637 dilectis
1355 575 1434 636 filiis
1458 576 1644 647 abbatibus,
1669 576 1764 653 prio-

964 669 1067 740 ribus,
1092 669 1238 741 decanis,
1269 672 1527 742 archidiaconis,
1559 674 1760 750 praepositis,

964 766 1261 845 archipresbyteris
1282 771 1315 830 et
1334 769 1410 830 aliis
1430 770 1648 832 ecclesiarum
1669 786 1762 847 pree-

964 863 1051 934 latis,
1069 864 1109 924 ad
1127 881 1209 941 quos
1229 866 1347 927 litterae
1368 867 1442 929 istae
1464 869 1691 944 pervenerint,
1708 883 1764 929 sa-

964 959 1066 1020 lutern
1081 964 1114 1023 et
1128 963 1342 1037 apostolicam
1358 963 1632 1026 benedictionem.

1005 1060 1084 1118 Cum
1097 1061 1287 1136 Apostolica
1299 1063 1399 1122 Sedes
1410 1062 1541 1123 dilectis
1554 1062 1633 1122 illiis
1647 1060 1763 1123 iratri-

965 1155 1026 1215 bus
1043 1157 1160 1216 domus
1178 1159 1358 1235 Hospitalis
1380 1161 1509 1222 Sanctae
1528 1161 1646 1221 hieriae
1659 1160 1763 1221 Theu-

964 1253 1150 1313 tonicorum
1182 1255 1474 1332 hierosolymitani
1506 1257 1696 1329 indulserit,
1728 1260 1763 1320 ut

966 1366 1104 1428 corpora
1120 1352 1258 1413 fratrum
1274 1370 1409 1414 sitorum
1426 1356 1666 1417 ecclesiasticae
1682 1372 1761 1432 pos-

966 1448 1033 1510 sint
1047 1448 1178 1510 tradere
1199 1450 1389 1525 sepulturae,
1411 1452 1546 1528 dignum
1568 1456 1631 1524 est,
1651 1454 1686 1514 ut
1700 1470 1760 1513 su·

966 1561 1026 1620 per
1038 1546 1100 1607 hoc
1112 1547 1300 1622 apostoliea
1318 1550 1442 1611 statuta
1463 1551 1651 1611 serventur.
1668 1551 1761 1610 bian-

967 1644 1083 1703 damus
1097 1645 1208 1721 itaque
1220 1644 1313 1705 vobis
1326 1647 1424 1723 atque
1436 1647 1663 1723 praecipimus,
1680 1663 1761 1723 qua·

967 1743 1759 1805 tenusmemoretisiratribusnullammolestiam

967 1838 1118 1899 inieratis
1138 1840 1191 1899 vel
1215 1855 1234 1899 a
1257 1840 1397 1901 subditis
1419 1840 1538 1902 vestris
1562 1842 1759 1917 permittatis

967 1935 1095 2006 inferri,
1112 1938 1289 2012 quominus
1305 1938 1488 2000 confratres
1507 1954 1597 2009 suos,
1616 1939 1682 1998 nisi
1697 1954 1758 1999 ex-

967 2032 1200 2094 communicati
1221 2034 1274 2095 vel
1296 2036 1489 2097 nominatim
1510 2035 1682 2096 interdicti
1704 2035 1760 2096 de-

967 2130 1138 2201 cesserint,
1169 2129 1272 2191 libera
1304 2147 1397 2193 more
1428 2133 1569 2194 aliorum
1602 2132 1755 2203 fidelium,

967 2227 1229 2304 quandocunque
1254 2229 1345 2305 ipsos
1371 2229 1455 2290 mori
1481 2230 1672 2305 coritigerit,
1698 2246 1756 2289 va-

967 2324 1057 2384 leant
1084 2324 1235 2401 sepelire.
1264 2326 1402 2387 Eosdem
1427 2341 1557 2404 quoque
1581 2325 1702 2388 iratres
1720 2327 1756 2386 al

967 2421 1161 2497 quaerendas
1196 2422 1423 2500 eleemosynas
1458 2439 1640 2500 pauperum
1664 2426 1756 2499 Juxta

968 2517 1205 2593 indulgentiam
1232 2521 1378 2581 nostram
1409 2521 1443 2580 in
1467 2521 1621 2581 ecclesiis
1642 2522 1755 2581 vestris

966 2615 1070 2690 recipi
1086 2616 1216 2677 iacietis
1232 2619 1274 2687 et,
1292 2619 1321 2677 si
1340 2618 1396 2694 qui
1412 2616 1618 2679 subditorum
1634 2622 1756 2678 vestro-

969 2727 1040 2772 rum
1056 2713 1104 2773 eis
1120 2730 1220 2791 super
1234 2714 1296 2775 hoc
1311 2714 1582 2791 impedimentum
1597 2716 1754 2791 praestite-

966 2810 1045 2881 rint,
1069 2810 1199 2872 sublato
1222 2812 1454 2889 appellationis
1475 2811 1660 2883 obstaculo,
1682 2828 1753 2873 cen·

967 2923 1045 2968 sura
1056 2910 1217 2970 canonica
1227 2911 1453 2987 compescatis.
1464 2914 1581 2972 Datum
1592 2910 1748 2979 Laterum,

966 3007 1041 3066 XIV
1055 3006 1122 3067 kal.
1140 3006 1309 3079 februarii,
1328 3008 1538 3086 pontificatus
1554 3007 1660 3070 nostrl
1672 3022 1748 3067 anuo

968 3104 1092 3179 quinto.

1317 3213 1411 3299 dcx

1256 3349 1308 3407 Ao
1321 3349 1466 3408 eosdem.

1266 3458 1370 3532 seyen.
1388 3460 1466 3515 man

1150 3564 1285 3630 [Strablke
1298 3565 1317 3615 l.
1329 3580 1360 3623 c.,
1373 3580 1400 3629 p.
1411 3564 1466 3623 300,
1480 3578 1506 3613 n.
1519 3564 1587 3629 332]

968 3663 1051 3719 Vetat
1066 3663 1197 3735 prelatos
1211 3662 1343 3723 debonis
1358 3663 1449 3720 ordini
1461 3662 1636 3722 theutonico
1647 3661 1736 3719 collatis

1002 3765 1053 3822 pro
1074 3751 1301 3823 expeditionibus
1321 3760 1349 3809 et
1372 3751 1500 3809 excubiis
1520 3751 1656 3810 iaciendis
1675 3752 1732 3806 vice·

1001 3839 1104 3895 simam
1120 3841 1164 3897 vel
1179 3842 1250 3897 alias
1261 3841 1426 3904 exectiones
1437 3848 1616 3913 extorquere.

1006 3945 1731 4024 Honoriusepiscopus,servasservorumhei,

965 4044 1211 4105 venerabilibus
1245 4044 1401 4106 iratribus
1433 4044 1685 4121 archiepiscopis
1710 4043 1733 4103 et

966 4142 1131 4218 episcopis
1150 4144 1183 4204 et
1205 4142 1336 4204 dilectis
1356 4142 1434 4203 tiliis
1456 4142 1639 4214 abbatibus,
1659 4142 1731 4218 prio-

966 4239 1069 4311 ribus,
1101 4240 1248 4311 decanis,
1275 4239 1531 4309 archidiaconis,
1557 4238 1731 4317 praepositis,

966 4337 1263 4414 archipresbyteris
1286 4340 1320 4399 et
1338 4338 1415 4398 aliis
1435 4338 1649 4399 ecclesiarum
1669 4350 1733 4414 pra·

966 4435 1052 4507 latis,
1071 4435 1110 4495 ad
1128 4451 1210 4511 quos
1229 4434 1348 4496 litterae
1370 4435 1442 4496 istae
1460 4436 1677 4512 pervenerint,
1690 4446 1732 4493 sa·

966 4532 1066 4593 lutem
1082 4535 1114 4593 et
1126 4533 1343 4608 apostolicam
1358 4532 1630 4595 benedictionem.

1005 4632 1085 4690 Cum
1098 4631 1139 4692 de
1154 4630 1236 4692 viris
1250 4630 1500 4700 ecclesiasticis,
1517 4630 1635 4707 quibus
1651 4625 1735 4707 pluri·

965 4742 1052 4788 mum
1066 4728 1223 4805 expedire
1237 4728 1452 4804 dignoscitur,
1467 4731 1502 4790 ut
1514 4729 1549 4788 in
1565 4727 1687 4789 cunctis
1697 4738 1736 4787 eo·

966 4825 1053 4886 tibus
1073 4827 1142 4886 suis
1165 4826 1296 4886 modum
1314 4825 1530 4902 ordinemque
1549 4824 1734 4889 conservent.

965 4922 1060 4982 nobis
1083 4923 1194 5000 aliqua
1213 4923 1414 4991 reseruntur,
1442 4940 1515 5000 quae
1541 4924 1617 4986 illos
1638 4935 1736 4998 repre·

964 5020 1145 5081 hensibiles
1160 5020 1308 5091 reddant,
1322 5024 1460 5096 paterno
1474 5019 1624 5083 dolemus
1636 5020 1738 5081 affectu

964 5119 997 5178 et
1013 5118 1054 5178 de
1070 5118 1216 5194 ipsorum
1232 5118 1461 5179 emendatione
1477 5134 1591 5179 curam
1605 5119 1737 5180 volumus

964 5230 1080 5290 gerere
1095 5216 1307 5290 pastoralem.
1324 5215 1594 5291 Significantibus
1611 5230 1687 5277 sene
1698 5212 1739 5273 di·

964 5312 1059 5374 lectis
1096 5312 1185 5385 tiliis,
1225 5312 1383 5374 iratribus
1425 5312 1540 5374 domus
1577 5309 1739 5390 Hospitalis

965 5411 1095 5471 Sanctae
1119 5410 1233 5470 Mariae
1261 5410 1541 5471 Tbeutonicorum
1565 5408 1741 5482 llierosoly·

965 5506 1091 5577 mitani,
1109 5506 1307 5583 accepimus,
1323 5506 1408 5584 quod
1423 5508 1464 5568 de
1479 5506 1738 5585 possessionibus.

152 5635 192 5707 (l)
210 5634 249 5693 Ci.
266 5636 392 5707 Epistola
407 5637 517 5707 CXXV,
532 5636 567 5693 ed
583 5636 829 5710 archiepiscopum
842 5638 1012 5711 Terragon,
1028 5637 1076 5695 lib.
1095 5638 1143 5705 lV,
1156 5638 1210 5694 col.
1226 5637 1287 5693 tas.
