3774 6186
70 250 75 255 ’
114 272 170 332 eos
240 286 244 293 ·
282 242 292 247 ’
735 271 911 345 nononu
933 238 977 331 nr
999 274 1166 347 ornan„
1483 328 1490 351 ,
1702 272 1758 332 oco

54 466 62 477 ·
116 430 159 493 ab
179 433 315 503 eisdem,
334 436 368 494 et
390 433 457 494 alia
475 434 559 510 ipsis
584 433 781 509 gravamina
802 432 910 495 multi·
963 432 1156 508 religiosam
1173 432 1306 492 domum
1320 414 1757 492 inimmensa'multitudino

19 556 24 561 ·
115 530 212 590 moda
223 531 421 605 irrogantes,
434 547 493 607 pro
505 530 625 591 litteris
635 531 769 600 nostris,
784 530 908 591 nullam
963 530 1112 601 visitare,
1124 530 1157 590 et
1171 528 1280 589 lautas
1293 528 1408 605 epulas
1423 543 1576 605 quaerere
1587 527 1694 597 illum,
1704 528 1755 603 qui

116 628 166 687 eis
181 627 305 688 curatis
314 628 476 704 justitiam
489 627 657 688 exhibere.
672 628 834 699 Quoniam
844 628 910 702 igi·
964 627 998 687 in
1014 626 1110 688 domo
1125 626 1259 703 propria
1280 626 1531 701 procurationes
1552 624 1686 684 sobrias
1706 625 1756 686 vix

116 721 233 782 tursio
248 721 341 782 vobis
355 721 472 783 adesse
493 721 661 793 volumus,
678 720 763 798 qnod
780 738 909 782 memo·
965 723 1129 784 interdum
1144 723 1222 784 aliis
1236 723 1309 783 sine
1323 722 1480 783 scandalo
1493 721 1682 783 exhiberet.
1698 725 1755 782 Ac-

116 819 199 879 ratis
227 818 385 880 fratribus
414 820 529 881 deesse
557 821 591 880 in
616 819 747 897 justitia
774 819 910 879 minime
964 821 1251 897 cepimusautem,
1275 820 1518 901 quodquidam
1534 822 1686 880 vestrum
1704 818 1756 879 do-

117 915 304 991 videamur;
328 916 536 977 universitati
551 919 673 977 vestrm
690 931 750 992 per
765 917 909 992 Aposto-
965 933 1036 978 mos
1049 917 1243 979 dilectorum
1264 917 1408 977 filiorum
1424 916 1564 977 fratrum
1580 915 1756 991 Hospitalis

13 1082 16 1087 ,
118 1012 183 1074 lica
205 1013 328 1090 scripta
351 1013 546 1074 mandamus
568 1016 667 1090 atque
686 1012 908 1089 praecipimus,
967 1015 1218 1075 SanctaeMariae
1231 1014 1511 1075 Tbeutonicorum
1521 1013 1755 1088 Hierosolymi-

14 1130 17 1135 ·
118 1113 281 1187 quatenus
300 1112 342 1172 de
356 1112 425 1183 his,
446 1129 519 1188 quae
538 1112 728 1173 memoratis
753 1109 910 1170 fratribus
964 1113 1046 1182 tani,
1063 1112 1097 1171 in
1114 1127 1234 1186 magna
1251 1110 1463 1171 multitudine
1478 1125 1643 1186 equorum
1659 1112 1691 1170 et
1705 1110 1756 1171 bo-

17 1274 21 1279 ,
118 1208 241 1269 dantur
255 1208 296 1268 ab
311 1208 477 1286 aliquibus
492 1210 526 1269 iu
542 1210 684 1269 sanitate
699 1208 751 1268 vel
767 1208 801 1266 in
816 1206 912 1267 infir-
966 1210 1091 1269 minum
1104 1209 1274 1277 adeuntes,
1287 1209 1322 1268 in
1340 1208 1401 1279 eis,
1415 1206 1578 1268 fratribus
1594 1207 1755 1266 contradi-

1 1317 3 1325 ’
117 1306 243 1375 mitate,
264 1306 335 1365 sive
355 1309 467 1382 postea
491 1305 720 1367 convaluerint
742 1306 801 1365 aut
824 1303 910 1380 apud
966 1304 1126 1377 centibus,
1135 1304 1753 1380 hospitanturetexpensisgravissimis

118 1404 203 1465 alios
218 1402 342 1464 fuerint
357 1405 527 1474 tumulati,
544 1406 669 1480 partem
685 1402 829 1478 aliquam
846 1417 911 1461 non
966 1403 1163 1478 inquietant,
1184 1418 1268 1478 quos
1290 1400 1453 1463 debebant
1474 1401 1515 1461 ad
1540 1402 1752 1462 reverentiam

120 1500 293 1576 qnaeratis;
310 1499 350 1560 de
365 1500 441 1560 aliis
459 1516 537 1561 vero
552 1499 765 1577 parochianis
777 1497 909 1567 vestris,
967 1502 1132 1569 nostram,
1150 1499 1191 1559 ad
1206 1501 1303 1576 cnjus
1326 1499 1553 1560 defensionem
1574 1499 1752 1573 specialiter

118 1598 175 1674 qui
198 1596 386 1659 laborantes
407 1598 443 1658 in
466 1597 623 1658 extremis
636 1596 722 1672 apud
738 1595 912 1672 praedictos
967 1597 1143 1671 pertinent,
1160 1597 1193 1656 et
1208 1596 1475 1657 consideratione
1491 1595 1663 1671 obsequii,
1680 1596 1750 1671 quod

118 1694 239 1756 fratres
255 1696 382 1770 eligunt
395 1696 547 1771 sepeliri,
568 1696 686 1771 quiarta
710 1693 784 1754 sitis
808 1691 911 1753 testa-
967 1693 1152 1754 defensioni
1168 1692 1421 1753 christianitatis
1436 1691 1598 1753 exhibent
1613 1692 1646 1750 in
1663 1694 1749 1768 parti-

119 1794 223 1853 menti
235 1796 329 1869 parte
345 1794 490 1855 contenti
507 1808 568 1853 uec
583 1791 707 1867 aliquid
723 1789 765 1851 ab
777 1790 826 1850 eis
841 1804 913 1848 am-
966 1790 1028 1850 hus
1042 1791 1294 1855 transmarinis,
1310 1792 1426 1852 contra
1441 1789 1526 1850 alios
1544 1789 1687 1849 sollicite
1702 1788 1749 1848 ad·

119 1887 208 1964 plius
224 1887 377 1962 exigatis.
401 1887 464 1948 Sed
488 1902 550 1946 nec
571 1886 792 1962 sepulturam,
814 1898 912 1960 quam
963 1891 1093 1963 juvare.
1105 1887 1187 1958 Quia
1201 1887 1304 1962 igitur
1312 1887 1457 1948 tolerare
1471 1887 1507 1946 in
1523 1887 1683 1961 patientia
1696 1902 1746 1946 non

119 2000 179 2062 per
198 1983 438 2061 indulgentiam
456 1985 654 2061 apostolicae
677 1982 771 2043 Sedis
790 1979 913 2040 babere
967 1984 1139 2054 debemus,
1165 1985 1202 2044 ut
1219 1984 1254 2044 in
1281 1983 1397 2044 diebus
1417 1984 1540 2044 nostris
1560 1999 1663 2044 onera
1677 1999 1747 2058 prae·

120 2085 313 2153 noscuntur,
340 2083 515 2143 occasione
542 2082 606 2143 ista
634 2080 806 2158 quisquam
832 2092 911 2136 ves·
967 2082 1064 2143 dictis
1080 2081 1237 2143 fratribus
1252 2082 1475 2158 imponantur,
1492 2097 1567 2156 quae
1583 2082 1680 2141 antea
1694 2095 1745 2140 uon

119 2183 207 2243 trum
222 2180 382 2258 impedire
397 2181 585 2255 praesumat.
608 2178 733 2237 Taliter
747 2177 856 2236 autem
872 2173 912 2234 ab
969 2180 1157 2254 portarunt,
1189 2178 1399 2240 universitati
1425 2180 1545 2239 vestrae
1567 2178 1744 2239 auctoritate

120 2279 268 2356 ipsorum
285 2277 445 2338 molestiis
458 2278 490 2338 et
503 2293 563 2337 vos
577 2274 744 2336 abstinere
761 2273 794 2333 et
810 2286 912 2347 paro·
968 2275 1156 2352 Apostolica
1177 2276 1360 2338 districtius
1376 2275 1583 2345 inhibemus,
1599 2291 1640 2335 ne
1656 2275 1686 2334 in
1701 2274 1744 2335 do·

120 2377 260 2437 chianos
274 2376 403 2437 vestros
418 2387 626 2449 compescere
641 2369 811 2440 studeatis,
827 2367 910 2445 quod
968 2372 1076 2433 mibns
1107 2389 1222 2435 eorum
1254 2373 1335 2449 ipsis
1364 2374 1523 2450 quaeratis
1545 2371 1743 2432 renitentibus

121 2488 183 2534 nec
197 2473 262 2550 ipsi
277 2487 336 2549 pro
351 2472 479 2532 defectu
491 2470 629 2547 justitiae
647 2468 688 2529 ad
701 2467 912 2543 praesentiam
968 2472 1141 2547 hospitari,
1157 2471 1222 2531 nisi
1241 2470 1326 2532 forte
1336 2471 1371 2530 in
1385 2470 1605 2530 concessione
1618 2470 1741 2545 ipsarum

124 2572 270 2632 nostram
280 2569 442 2640 laborent,
454 2583 515 2628 nec
525 2583 584 2627 vos
595 2567 635 2627 de
650 2564 913 2641 negligentiavel
968 2568 1138 2628 domorum
1166 2567 1260 2628 vobis
1292 2567 1479 2642 vestrisque
1515 2565 1740 2627 successoribus

121 2668 311 2744 contemptu
331 2666 478 2726 mandati
497 2664 679 2740 Apostolici
693 2662 828 2740 possitis
844 2676 914 2723 me-
968 2664 1574 2740 manifesteapparueritreservatum,
1587 2662 1642 2723 sed
1653 2677 1741 2738 eapo-

120 2763 408 2840 ritoreprehendi.
431 2764 500 2823 Nos
523 2761 627 2834 enim,
648 2777 722 2822 cum
748 2758 913 2821 universis
968 2763 1033 2823 tius
1049 2762 1234 2821 reverentia
1260 2763 1293 2822 et
1314 2760 1482 2837 obsequiis
1501 2761 1575 2822 sitis
1596 2759 1737 2829 contenti,

122 2861 245 2923 Christi
258 2859 410 2922 fidelibus
421 2861 525 2921 simus
539 2874 582 2920 ex
595 2859 744 2935 injuncto
759 2856 854 2917 nobis
868 2855 915 2916 of·
969 2859 1053 2936 quod
1069 2874 1128 2934 per
1143 2859 1302 2935 scriptum
1320 2858 1548 2919 authenticum
1563 2856 1736 2917 declaratur.

119 2960 195 3021 flcio
223 2958 405 3029 debitores,
438 2956 605 3035 praedictis
635 2955 794 3016 fratribus
820 2955 913 3016 tanto
968 2958 1085 3016 Datum
1101 2955 1272 3026 Laterani,
1288 2957 1378 3015 XVII
1393 2954 1461 3014 hal.
1487 2953 1661 3025 februarii,
1675 2969 1737 3029 pon·

122 3057 241 3119 fortius
256 3057 408 3117 tenemur
418 3055 552 3125 adesse,
568 3056 690 3131 quanto
708 3068 758 3122 ea,
775 3068 849 3130 quae
862 3052 915 3128 ip-
967 3054 1114 3115 tiflcatus
1130 3054 1236 3115 nostri
1251 3068 1340 3113 anno
1356 3051 1483 3128 quinto.

121 3158 169 3217 sis
178 3154 339 3216 beneficia
351 3153 576 3222 conferuntur,
586 3152 628 3212 ad
637 3151 914 3227 majoremorien-

121 3254 199 3316 talis
214 3252 365 3314 ecclesiae
382 3251 608 3312 defensionem
626 3264 693 3310 non
711 3249 761 3309 est
779 3246 913 3307 dubium
1288 3267 1445 3353 CXCIII

121 3351 315 3429 provenire3
340 3365 402 3410 nec
422 3364 537 3425 parum
559 3348 665 3422 potest
684 3345 833 3406 divinum
845 3342 914 3403 for·

124 3448 251 3510 midare
262 3447 445 3523 judicium,
462 3444 611 3521 quisquis
627 3459 701 3513 eos,
718 3443 786 3502 imo
800 3441 915 3502 Chris-

120 3544 191 3605 tum
206 3544 240 3603 in
256 3543 320 3612 eis,
338 3541 437 3601 fuerit
456 3542 664 3615 persecutus,
679 3553 753 3598 cum
766 3536 913 3597 dicturus
1264 3522 1297 3579 ¹5
1310 3522 1370 3594 l'flss·
1388 3523 1468 3579 ¹²²¹·

122 3640 282 3701 Dominus
297 3640 332 3698 in
347 3638 413 3698 flne
427 3637 556 3713 legatur
572 3658 579 3695 :
596 3637 690 3702 Quod
703 3638 765 3695 atati
779 3648 826 3695 cac
841 3636 912 3693 ml·
1146 3626 1284 3691 [suenum
1298 3627 1316 3676 ¹·
1327 3642 1360 3685 c,
1373 3643 1399 3692 r·
1411 3627 1467 3686 ¹8⁸,
1478 3643 1505 3677 ¹¹·
1516 3628 1585 3693 ³¹¹¹]

120 3740 226 3798 nilne
253 3739 340 3797 lueis
363 3735 509 3808 fecistis,
530 3736 615 3794 mihi
633 3733 774 3805 fecistis.
796 3732 913 3791 Datum
969 3736 1053 3792 Vetat
1072 3734 1204 3806 prelatos
1225 3734 1406 3804 vicariorum,
1422 3734 1458 3791 ab
1473 3735 1575 3791 ordine
1588 3732 1737 3792 Tbeutonioo

121 3833 294 3902 Laterani,
311 3833 400 3891 XVII
416 3830 483 3890 hal.
504 3828 681 3895 februarii,
704 3826 914 3903 pontificatus
1004 3821 1039 3878 ad
1051 3822 1189 3879 ecclesias
1204 3822 1276 3894 ejus,
1288 3824 1334 3879 vel
1346 3821 1464 3879 fratrum
1477 3822 1541 3895 ejus
1556 3840 1571 3879 a
1588 3819 1738 3895 petroniani

122 3931 228 3992 nostri
241 3946 329 3991 anno
343 3928 468 4005 quinto,
1004 3911 1085 3979 elias,
1098 3919 1333 4008 praesentaturum
1349 3911 1557 3968 institutionem
1572 3911 1712 3984 denegare.

1009 4028 1176 4088 Honorius
1184 4028 1371 4103 episcopus,
1380 4043 1497 4088 servus
1511 4044 1678 4090 servorum
1685 4025 1737 4090 bei,

449 4140 586 4227 CXCII
968 4123 1214 4184 venerabilibus
1248 4124 1407 4184 fratribus
1437 4124 1692 4202 archiepiscopis
1717 4124 1739 4182 et

969 4221 1134 4297 episcopis
1158 4225 1191 4282 et
1213 4221 1342 4282 dilectis
1367 4221 1447 4282 filiis
1464 4221 1651 4294 abbatibus,
1666 4220 1738 4299 prio·

468 4395 473 4406 ¹
969 4317 1072 4385 ribus,
1087 4317 1343 4390 archidiaconis,
1360 4318 1497 4379 decanis
1510 4321 1543 4379 et
1561 4318 1638 4381 aliis
1656 4317 1739 4380 eccle·

418 4397 524 4467 16180-
541 4396 620 4452 ¹²²¹·
969 4416 1094 4476 siarum
1110 4414 1268 4491 praelatis,
1285 4415 1327 4476 ad
1347 4431 1430 4492 quos
1452 4417 1573 4478 litterae
1596 4418 1667 4479 istae
1683 4428 1739 4491 per·

294 4502 431 4567 [strenue
447 4501 464 4550 ¹·
477 4516 510 4556 ⁰··
523 4499 614 4563 1¹²²&
628 4500 732 4564 ΜΠ·]
969 4514 1131 4583 venerint,
1154 4512 1293 4574 salutem
1313 4514 1347 4573 et
1365 4514 1583 4589 apostolicam
1602 4511 1737 4576 benedic·

121 4613 208 4671 Vetat
220 4610 354 4684 prelatos
366 4608 401 4664 ab
411 4606 510 4664 ordine
522 4605 698 4663 l'beutonico
707 4605 915 4680 hospitatioues
969 4610 1102 4671 tionem.

452 4696 579 4768 exigere.
1009 4710 1058 4767 Ex
1081 4706 1306 4767 insinuatione
1322 4707 1517 4769 dilectorum
1536 4704 1701 4769 filiorumf
1725 4731 1737 4745 -

1033 3403 1086 3462 Ad
1099 3403 1371 3475 archiepiscopos
1386 3401 1419 3462 et
1432 3403 1617 3475 episcopos,
1633 3401 1686 3461 cto.

184 4283 236 4341 Ad
249 4279 521 4350 archiepiscopos
536 4276 569 4334 et
583 4277 767 4348 episcopos,
782 4273 843 4332 etc.

161 4809 330 4870 Honorius
341 4806 652 4882 episcopusservus
662 4818 833 4865 servorum
843 4804 913 4870 Dei,
968 4803 1737 4880 mumdomusHospitalis'S.Mariael'heutonico

122 4900 532 4966 venerabilibusfratribus
541 4900 801 4977 archiepiscopis
810 4899 916 4976 etepi·
969 4916 1042 4960 rum
1056 4901 1365 4977 Hierosolymitani,
1381 4901 1421 4961 ad
1437 4903 1642 4977 apostolatus
1657 4893 1736 4961 nostri

123 5001 243 5078 scopis,
260 5002 293 5061 et
304 5000 433 5060 dilectis
449 4999 528 5059 filiis
539 4997 723 5069 abbatibus,
736 4996 913 5074 prioribus,
969 4996 1171 5058 audientiam
1187 5000 1238 5059 est
1249 4998 1404 5069 delatum,
1418 4998 1516 5075 quod,
1526 5015 1601 5060 oum
1613 5002 1645 5060 in
1655 4994 1737 5059 eccle·

122 5096 384 5167 archidiaconis,
406 5096 542 5157 decanis
556 5097 591 5158 et
603 5095 680 5156 aliis
699 5094 915 5155 ecclesiarum
970 5094 1029 5154 siis
1042 5095 1256 5166 vacantibus,
1273 5111 1347 5172 quae
1362 5096 1509 5157 interris
1532 5097 1674 5173 ipsorum
1687 5093 1737 5154 fun

123 5194 287 5273 praelatis,
304 5192 344 5253 ad
361 5208 442 5269 quos
457 5194 576 5255 litterae
595 5193 668 5254 istae
688 5192 913 5269 pervenerint,
970 5192 1055 5253 datae
1071 5194 1158 5263 sunt,
1175 5192 1227 5252 vel
1243 5193 1277 5252 in
1293 5193 1381 5259 aliis,
1396 5209 1537 5269 quarum
1552 5195 1594 5255 ad
1609 5196 1691 5270 ipsos
1699 5186 1738 5250 ad

122 5293 263 5355 salutem
278 5289 826 5367 etapostolicambenedictionem.
971 5289 1103 5350 vocatio
1136 5289 1341 5364 dignoscitur
1372 5290 1557 5365 pertinere,
1591 5308 1648 5368 pro
1678 5286 1739 5365 ipsis

163 5388 373 5464 Evangelicae
385 5387 556 5457 doctrinae,
571 5403 645 5463 quae
659 5386 812 5463 prohibet
832 5386 917 5449 alte-
971 5385 1086 5446 volunt
1100 5384 1244 5445 vicarios
1261 5385 1446 5457 instituere,
1457 5387 1511 5447 vel
1526 5403 1601 5448 oum
1618 5387 1678 5464 ipsi
1691 5384 1742 5444 fra-

123 5504 197 5548 rum
211 5487 310 5547 alteri
325 5485 450 5557 facere,
468 5484 552 5561 quod
570 5484 633 5544 sibi
653 5484 727 5545 fieri
748 5484 861 5555 nollet,
884 5486 917 5546 et
970 5485 1038 5542 tres
1060 5482 1101 5542 ad
1121 5482 1280 5543 ecclesias
1302 5482 1386 5543 alias
1411 5488 1570 5544 vac-antes
1584 5501 1603 5545 a
1617 5480 1743 5561 patronis

1 5651 2 5658 χ
125 5584 290 5646 honestati
306 5582 540 5643 ecclesiastica
554 5581 915 5660 contradicitaliquam
972 5579 1128 5655 legitimis
1149 5580 1346 5641 dioecesanis
1365 5581 1531 5659 episcopis
1547 5583 1604 5642 aut
1619 5579 1746 5659 praelatis
