3774 6186
114 287 178 350 ata

116 462 262 508 moerore
275 446 417 519 detinet,
432 447 461 508 si
475 463 541 509 non
560 445 713 509 itabuerit
727 446 911 525 adjtttorem

115 546 159 605 ad
187 545 466 622 comprimendam
495 546 653 622 apostata
671 545 819 622 praedicti
836 561 911 606 ma-

117 642 238 711 iitiam,
253 643 410 703 insistere
425 643 648 718 dignaremur.
665 642 826 714 Quocirca
841 643 912 703 dis·

113 740 261 802 crationi
276 743 396 802 restrae
415 740 672 817 parapostoiica
686 740 807 817 scripta
819 757 914 802 man-

116 837 913 914 damusquatenusdictamexccmmunicationis

117 936 320 997 sententiam
337 935 560 1013 persingulas
579 935 704 996 circum
725 935 914 1012 adjacentes

117 1033 311 1112 provincias
331 1033 364 1094 et
378 1033 550 1104 dioeceses,
565 1032 705 1109 singulis
720 1031 835 1093 diebus
850 1032 913 1094 do-

118 1130 253 1192 minicis
267 1131 300 1193 et
314 1130 453 1201 festivis,
469 1130 607 1206 pulsatis
618 1130 789 1206 campanis
800 1131 915 1191 atcan-

116 1229 204 1289 delis
223 1229 390 1304 accensis,
416 1227 543 1288 tamdiu
567 1227 698 1288 faciatis
717 1227 915 1294 auctoritaie

118 1328 235 1387 nostra
254 1325 447 1386 solemniter
460 1324 633 1401 publicari,
653 1324 728 1385 loca
743 1325 777 1384 in
796 1323 914 1400 quibus

118 1423 193 1499 ipse
201 1425 236 1483 B.
251 1437 378 1483 moram
393 1420 510 1482 fecerit
523 1420 557 1481 et
570 1420 690 1481 dictam
713 1422 756 1480 bl.
773 1420 915 1481 detineri

116 1519 308 1596 contigerit,
325 1519 547 1595 supponentes
563 1517 788 1579 ecclesiastico
806 1518 914 1579 inter-

118 1617 221 1689 dicto,
232 1617 337 1677 donec
350 1615 436 1676 idem
444 1615 498 1676 vir
507 1614 653 1690 iniquus,
665 1614 707 1675 ab
714 1630 829 1675 errore
841 1630 913 1684 suo,

118 1716 151 1775 si
178 1730 198 1776 a
222 1715 290 1775 Deo
316 1712 427 1774 datum
451 1711 563 1781 fuerit,
589 1711 799 1788 resipiscens,
818 1697 938 1788 Juxta

120 1811 350 1889 prescriptam
368 1809 517 1880 formam,
536 1808 659 1871 dictam
673 1810 717 1868 ld.
733 1808 798 1884 ipsi
812 1809 914 1868 resti-

119 1907 389 1978 tuatccmitissae,
403 1906 613 1967 satisfaciens
626 1921 771 1980 congrue
780 1905 821 1966 de
831 1920 917 1966 com·

121 2006 235 2066 missis
259 2006 293 2066 ei
310 2003 352 2064 ad
372 2004 659 2065 conversationem
685 2003 858 2064 honestam
882 2004 917 2063 et

119 2102 369 2163 observantiam
389 2099 555 2161 clericalis
575 2087 702 2161 ordinis
718 2100 914 2173 reuertatur.

119 2200 235 2261 Dictus
262 2199 372 2260 autem
407 2196 536 2258 nobiles
565 2199 598 2258 et
632 2196 717 2258 alios
752 2196 917 2275 quoslibet

120 2296 270 2358 fautores
295 2295 454 2372 apostatae
490 2294 688 2371 supradicti,
723 2309 851 2355 necnon
884 2294 918 2354 et

120 2394 245 2455 dictam
268 2392 368 2455 etiam
390 2394 622 2465 Margaretam
638 2391 666 2451 si
681 2393 773 2452 tanto
790 2390 917 2465 flagitio

121 2491 260 2552 inventa
282 2490 383 2551 fuerit
401 2488 599 2560 consentire,
616 2503 678 2549 nec
702 2487 827 2548 monita
847 2491 919 2547 stu-

119 2587 245 2655 duerit,
274 2602 350 2647 cum
372 2586 527 2664 potuerit,
549 2601 569 2647 a
593 2600 653 2646 auo
673 2583 829 2645 recedere
843 2599 918 2645 cor-

123 2685 272 2761 ruptore,
288 2682 708 2761 perexcommunicationis
722 2681 918 2743 nominatim

120 2781 160 2843 in
172 2796 345 2859 personas,
367 2782 399 2842 et
411 2780 448 2841 in
469 2779 613 2840 familias
634 2782 669 2840 et
680 2780 789 2840 terras
802 2793 918 2840 eorum

120 2878 293 2941 interdicti
308 2878 489 2939 sententias
502 2892 522 2936 a
536 2876 648 2936 favore
660 2876 776 2952 ipsius,
786 2875 919 2937 subiato

124 2975 359 3053 appellationis
375 2973 556 3044 obstaculo,
573 2974 801 3050 compescatis,
823 2971 883 3034 etf
901 3004 920 3017 -

123 3072 223 3134 ciatis
236 3072 410 3148 utramque
425 3070 621 3131 senteutiam
637 3085 740 3146 usque
758 3069 799 3131 ad
816 3070 918 3131 satis-

123 3169 301 3230 factionem
326 3167 523 3243 ccndignam
542 3166 782 3227 inviolabiliter
804 3166 921 3227 obser-

123 3267 215 3340 vari;
230 3264 385 3343 praefatos
396 3264 583 3325 sacerdotes
592 3263 625 3324 ei
635 3263 811 3324 clericoset
821 3263 918 3335 alios,

124 3363 155 3424 si
172 3363 228 3440 qui
248 3362 361 3423 forsan
378 3361 501 3422 similia
518 3362 710 3437 perpetrare
731 3375 919 3437 praesump-

124 3460 243 3530 serint,
263 3474 361 3537 poena
382 3459 556 3530 canonica,
586 3457 715 3519 sublato
741 3456 922 3533 cujuslibet

122 3556 398 3619 contradictionis
421 3557 455 3617 et
475 3553 711 3632 appellationis
736 3553 919 3625 obstaculo,

110 3655 354 3733 percellentes,
366 3653 557 3715 mandatum
571 3653 720 3713 nostrum
733 3651 846 3712 taliter
857 3651 922 3710 im·

123 3752 261 3831 pleturi,
285 3752 371 3829 quod
399 3766 467 3811 non
491 3751 626 3828 possitis
651 3750 693 3809 de
718 3747 920 3825 negligentia

121 3847 343 3926 reprehendi,
378 3849 412 3910 et
444 3863 505 3908 nos
536 3844 769 3907 sollicitudinis
799 3846 921 3906 vestras

120 3943 390 4020 studiumdignis
402 3944 567 4020 possimus
577 3942 612 4002 in
621 3941 760 4002 Domino
768 3939 921 4001 laudibus

120 4039 583 4127 commendare.Quodsinon
591 4052 718 4110 omnes,
730 4039 793 4098 etc.
801 4039 921 4099 Datum

120 4140 251 4210 Roma,
275 4136 363 4214 apud
388 4135 546 4198 Sanctum
574 4135 727 4206 Petrum,
753 4135 831 4195 vill
851 4132 919 4194 isal.

122 4234 220 4306 maii,
233 4233 443 4311 pontificatus
453 4231 559 4293 nostri
569 4246 658 4293 anuo
669 4230 779 4293 tertio.

472 4417 576 4505 dull

306 4561 358 4622 Ad
371 4561 539 4622 Remensc
559 4560 756 4634 capitutum.

403 4680 550 4753 alapatus
567 4679 645 4738 lile.

160 4798 279 4862 [iiam.
289 4795 334 4848 tib.
342 4795 388 4852 ill.
397 4794 475 4859 spist.
486 4793 541 4846 dli.
550 4795 607 4844 lisa.
619 4795 655 4845 La
667 4795 741 4847 Pom
751 4793 785 4844 du
796 4792 890 4857 rnen]

124 4901 353 4960 fraudationem
366 4899 494 4973 episcopi
508 4897 700 4971 lingonensis
711 4896 748 4955 ad
763 4897 919 4970 archiepis·

213 4997 349 5064 copatun
368 4989 539 5046 liemensem
552 4985 692 5061 approbat
704 4985 841 5061 pontifex.

168 5115 347 5187 Honorius,
373 5115 449 5186 etc,
472 5111 601 5174 diiecds
613 5111 694 5172 filiis
709 5114 845 5174 Reman
864 5126 924 5172 ca-

128 5213 311 5373 pltllslilgeras
331 5309 463 5370 vestrm
488 5306 676 5384 recepimus
701 5307 921 5374 confluentes,

126 5409 232 5488 quod,
247 5405 389 5469 amesia
409 5406 523 5466 vestra
545 5407 677 5480 pastore
691 5406 840 5476 vacante,
864 5420 923 5465 vos

128 5503 364 5569 convenientes
378 5504 414 5565 in
425 5501 748 5563 unumdeelactione
759 5501 924 5578 pontificis

129 5602 318 5673 tractaturi,
341 5601 417 5662 vota
437 5600 584 5663 omnium
600 5600 634 5660 in
649 5598 762 5660 decem
777 5602 923 5662 vestrum

620 240 624 259 ⁸
736 287 963 350 erraneam.
987 288 1065 350 nm.
1089 289 1145 351 111.
1221 287 1230 307 ²

1703 291 1763 354 att

967 465 1105 526 quorum
1132 448 1225 510 vobis
1250 449 1330 511 fides
1355 451 1455 527 atque
1483 449 1654 528 prudentia
1683 451 1761 513 nota

967 549 1049 618 erat,
1072 547 1273 608 unanimiter
1287 547 1492 619 contulistis,
1509 549 1641 625 recepto
1654 547 1695 609 ab
1713 547 1763 609 eis

968 644 1186 722 corporaliter
1202 646 1402 720 juramento,
1425 645 1509 723 quod
1530 645 1594 722 ipsi
1613 643 1763 706 ecclesiae

969 759 1027 819 per
1039 742 1234 803 electionem
1250 758 1309 803 seu
1325 742 1579 820 postulationem
1594 742 1680 803 bona
1699 743 1763 802 fide

968 840 1009 901 de
1026 855 1166 917 persona
1187 840 1306 901 idonea
1322 840 1496 917 providere
1517 841 1683 901 curarent.
1701 840 1763 913 Qui

970 938 1170 999 unanimiter
1184 938 1220 998 in
1228 938 1452 999 venerabilem
1463 937 1599 1000 fratrem
1612 940 1763 999 nostrum

969 1035 1151 1110 lingonen.
1176 1035 1378 1112 episcopum,
1393 1034 1504 1096 virum
1521 1034 1600 1107 vita,
1620 1034 1763 1097 scientia
1851 1063 1856 1067 -

968 1132 1112 1194 etfama
1138 1132 1349 1208 conspicuum
1379 1132 1629 1203 concordantes,
1656 1131 1764 1208 ipsum
1790 1131 1793 1149 ¹

968 1229 1202 1310 postulandum
1222 1230 1352 1292 anobis
1367 1231 1402 1290 in
1412 1230 1557 1307 capitulo
1573 1225 1766 1291 solemniter
1861 1240 1873 1251 ⁴

968 1329 1194 1400 norninarunt,
1210 1328 1295 1405 quod
1310 1343 1369 1388 vos
1390 1328 1462 1404 pari
1476 1328 1554 1389 voto
1569 1329 1603 1389 et
1613 1326 1764 1387 unanimi

970 1424 1133 1486 desiderio
1149 1426 1358 1501 acceptantes
1376 1425 1472 1485 nobis
1486 1423 1658 1485 humiliter
1680 1439 1764 1498 sup-

970 1522 1129 1599 plicastis,
1155 1522 1192 1583 ut
1211 1522 1361 1582 eumdem
1395 1522 1586 1598 episcopum
1611 1519 1706 1583 vobis
1729 1520 1765 1581 in

970 1621 1135 1696 pastorem
1147 1619 1563 1694 concederedignaremur.
1576 1618 1646 1678 Nos
1663 1614 1766 1692 igitur
1873 1637 1885 1650 ³

971 1733 1161 1795 processum
1181 1717 1326 1778 vestrum
1350 1730 1410 1792 per
1434 1715 1572 1777 dilectos
1596 1712 1685 1775 tilios
1709 1713 1763 1773 W.

970 1817 1139 1877 cantorem
1149 1814 1181 1876 et
1194 1814 1379 1877 iohannem
1390 1811 1702 1889 canonicumipsius
1714 1825 1766 1872 ec·

971 1914 1093 1985 clesiae,
1111 1928 1194 1990 quos
1215 1913 1350 1990 propter
1363 1912 1427 1972 hoc
1447 1910 1487 1972 ad
1506 1909 1654 1971 nostram
1678 1922 1768 1985 prae-

972 2012 1112 2071 sentiam
1124 2010 1325 2080 destinastis,
1335 2008 1521 2070 examinari
1533 2007 1575 2068 de
1587 2021 1679 2067 mcre
1691 2018 1766 2065 cum

971 2106 1143 2183 diligentia
1175 2107 1349 2176 facientes,
1376 2104 1632 2182 postulationem
1658 2102 1765 2179 ipsam

972 2205 1164 2266 invenimus
1176 2203 1370 2265 canonicam
1385 2204 1419 2262 at
1438 2201 1647 2262 concordem.
1671 2197 1764 2260 Unde

972 2318 1045 2363 cum
1059 2302 1221 2379 praeclara
1241 2301 1308 2361 sint
1322 2299 1440 2360 merita
1451 2297 1620 2375 postulati,
1638 2311 1698 2357 nos
1710 2310 1768 2356 ec-

971 2400 1083 2461 clesiae
1092 2400 1224 2470 vestrae,
1233 2413 1331 2475 quam
1345 2395 1483 2474 speciali
1496 2395 1636 2456 caritate
1649 2390 1766 2467 diligi·
1781 2408 1784 2415 ·

972 2512 1055 2568 mus,
1070 2496 1207 2573 patema
1224 2494 1412 2570 satagentes
1424 2490 1647 2554 sollicitudine
1660 2489 1768 2565 provi·

973 2594 1061 2665 dere,
1085 2592 1339 2670 postulationem
1351 2592 1457 2668 ipsam
1470 2589 1626 2650 duximus
1646 2587 1768 2647 admit-

972 2691 1115 2763 tendam,
1141 2689 1292 2751 eumdem
1312 2690 1503 2768 episcopum
1521 2702 1632 2750 ecura
1649 2685 1768 2760 binga

975 2782 1763 2867 nenecclesiaeabsolutum,v0bisinpontiilcem

974 2887 1202 2948 concedentes.
1231 2885 1391 2958 Quocirca
1418 2880 1625 2945 universitati
1644 2881 1766 2942 vestrae

975 3000 1033 3060 per
1047 2983 1234 3060 Apostolica
1247 2982 1369 3058 scripta
1382 2980 1589 3050 mandamus,
1601 2978 1767 3054 quatenus

974 3083 1005 3142 ei
1020 3085 1177 3158 tanquam
1192 3079 1279 3157 patri
1296 3081 1329 3140 et
1346 3078 1470 3156 pastori
1485 3078 1597 3139 vestro
1609 3088 1769 3135 reveren-

973 3180 1054 3239 tiam
1071 3180 1104 3239 et
1129 3175 1349 3238 obedientiam
1366 3175 1529 3244 devotam,
1552 3173 1585 3233 et
1608 3169 1767 3231 humilem

974 3275 1181 3346 exhibentes,
1198 3272 1386 3334 salubribus
1396 3271 1543 3341 monitis,
1555 3270 1588 3330 et
1603 3267 1767 3328 mandatis

976 3373 1079 3450 ipsius
1100 3371 1280 3433 intendatis
1303 3370 1482 3439 humiliter,
1499 3368 1533 3428 et
1549 3366 1677 3428 devote.
1702 3365 1771 3424 Da-

974 3473 1043 3531 tum
1067 3472 1181 3532 Roma
1200 3467 1286 3546 apud
1312 3469 1468 3529 Sanctum
1495 3466 1630 3526 Petrum
1651 3462 1769 3521 octavo

976 3566 1136 3628 kalendas
1170 3565 1262 3638 maii,
1288 3563 1500 3642 pontificatus
1534 3559 1640 3623 nostri
1679 3572 1769 3619 anno

974 3661 1087 3724 temo.

1313 3766 1435 3855 CCIII

1114 3899 1166 3960 Ad
1190 3897 1377 3971 capitulum
1402 3898 1628 3971 trigamus.

1250 4009 1285 4067 ti
1300 4008 1398 4084 aprilis
1414 4007 1493 4065 litt.

1006 4113 1126 4180 [lisgest.,
1138 4114 1184 4165 lib.
1195 4114 1240 4173 ill,
1254 4111 1395 4179 epistili.
1406 4113 1508 4164 lissba
1519 4111 1595 4162 Porta
1605 4109 1743 4175 delusit]
1823 4159 1826 4162 ,

1063 4210 1179 4271 banda
1192 4221 1223 4272 ut
1236 4212 1347 4288 eligam
1359 4210 1492 4270 canonici
1502 4210 1683 4283 episcopum.

1015 4325 1192 4397 Honorius,
1204 4326 1280 4397 etc,
1296 4322 1426 4385 dilectis
1439 4320 1518 4382 nilis
1532 4317 1678 4396 capitulo
1690 4317 1770 4378 Liu-

976 4438 1096 4500 gonen.

1016 4523 1121 4592 Quum
1157 4521 1292 4583 liemon.
1328 4517 1511 4595 capitulum
1544 4511 1770 4577 venerabilem

977 4616 1112 4679 fratrem
1128 4619 1276 4680 cosmum
1295 4618 1349 4677 W.
1365 4616 1557 4693 episcopum
1568 4612 1715 4675 vestrum
1730 4608 1771 4669 ad

977 4715 1127 4777 ecclesia
1141 4730 1211 4776 suae
1232 4714 1382 4790 regimen
1401 4709 1604 4772 unanimiter
1623 4706 1774 4783 postula-

975 4812 1055 4883 rint,
1072 4814 1105 4874 et
1120 4828 1179 4872 nos
1194 4811 1449 4888 postulationem
1463 4808 1572 4884 ipsam
1590 4803 1773 4865 admitten-

976 4913 1038 4982 tes,
1053 4909 1205 4972 eumdem
1223 4909 1414 4985 episcopum
1432 4904 1529 4970 eisin
1547 4900 1772 4980 pontincama

977 5024 1057 5069 cura
1084 5008 1265 5083 lingonen.
1292 5004 1442 5066 ecclesia
1470 5001 1668 5072 absolutum,
1696 4996 1773 5060 uni-

977 5104 1128 5167 versitati
1139 5104 1259 5167 uestras
1274 5101 1531 5180 parapostolis
1545 5099 1669 5176 scripta
1683 5111 1774 5158 man·

978 5203 1105 5274 damus,
1121 5202 1286 5280 qnatenus
1301 5215 1572 5279 personamque
1585 5198 1678 5261 tanto
1692 5207 1773 5256 con-

978 5303 1076 5375 gruat
1099 5301 1195 5362 oneri
1220 5301 1254 5362 et
1285 5299 1416 5369 honori,
1432 5296 1526 5359 vobis
1551 5291 1710 5358 canorum
1739 5288 1772 5349 in

980 5403 1145 5478 pastorem
1156 5402 1189 5461 et
1201 5399 1394 5476 episcopum
1412 5392 1555 5469 eligatis.
1571 5390 1690 5453 Datum
1706 5390 1774 5450 lio-
1878 5458 1883 5468 ἱ

979 5515 1041 5562 ma
1055 5498 1142 5576 apud
1157 5499 1315 5559 sanctum
1329 5495 1468 5556 Petrum
1482 5490 1598 5552 octavo
1611 5485 1773 5553 kalendas

981 5597 1060 5659 maii
1074 5612 1162 5656 anno
1175 5594 1283 5656 tertio.
