3774 6186
746 283 975 346 EPleOLaat.
998 281 1077 342 Lao.
1101 282 1139 344 V.

439 407 595 563 cccxc

118 615 912 689 antoaannemoeumntemilroaraposctnm,

158 715 369 790 impetrem
407 716 453 776 Η.
487 715 768 776 archidiaconum
792 712 826 775 et
853 727 915 776 so-

158 812 301 875 cristam
317 813 588 890 Moootonenscs

411 945 444 1003 tr
462 943 531 1002 maii
551 943 630 1003 tarr.

166 1060 279 1125 [Netioes
291 1064 316 1110 et
327 1059 439 1113 Brtraits
449 1059 493 1110 des
505 1058 667 1118 manuscrits,
680 1059 748 1112 xlll.
761 1071 791 1117 rr,
802 1057 868 1122 lta]

119 1174 237 1234 mandat
265 1177 307 1234 eis
330 1191 367 1233 ne
394 1175 598 1234 monesterium
620 1173 836 1233 psalmodiense
858 1175 913 1232 lte·

155 1280 285 1325 mansan.
301 1265 435 1324 dioecesis
456 1280 472 1322 a
495 1278 638 1337 quoquam
656 1263 802 1321 molestari
820 1263 916 1320 sinent

156 1355 267 1412 ratione
281 1354 514 1426 debitoremque
528 1355 560 1411 B.
573 1353 637 1424 ejus
650 1351 816 1409 monasterii
829 1365 917 1423 quon·

152 1442 221 1500 dam
236 1441 335 1512 abbas,
351 1441 386 1500 ab
399 1442 571 1515 Apostolioa
584 1439 666 1498 Sedis
681 1440 777 1512 legato
790 1446 914 1508 amotus,

154 1539 336 1591 contraxerat
360 1537 426 1604 post
451 1545 533 1589 suem
556 1529 778 1603 ablegationem,
805 1535 916 1594 retento

155 1622 322 1681 monasterii
332 1622 440 1694 sigillo.

160 1748 834 1825 Honoriuseplscopns,serrasservorum
844 1744 914 1816 Dei,

120 1846 252 1908 dilectis
268 1846 347 1906 tiliis
362 1845 551 1922 praeposito,
567 1845 726 1920 magistro
745 1845 785 1904 Η.
799 1842 916 1903 arohi-

119 1943 261 2005 diacono
286 1944 318 2005 et
342 1934 491 2005 sacristae
521 1940 825 2018 magalonensibus,
856 1954 916 2001 sa-

121 2041 224 2103 lutem
234 2042 268 2102 et
278 2040 493 2118 apostolicam
506 2039 782 2101 benedictionem.

163 2139 282 2200 Dilecti
315 2137 377 2197 tilii
409 2137 511 2198 abbas
539 2139 574 2198 et
603 2137 784 2197 conventus
819 2132 918 2195 Psal-

119 2236 302 2297 modiensis
324 2235 519 2296 monasterii
540 2234 778 2296 Nemausensis
799 2231 918 2295 dicece-

120 2334 178 2406 sis,
198 2349 259 2394 sua
285 2331 380 2394 nobis
405 2332 564 2409 petitione
577 2332 815 2401 monstrarunt,
830 2328 916 2406 quod

119 2445 195 2491 cum
213 2430 353 2491 dilectus
375 2429 464 2490 tilius
484 2432 597 2490 noster
612 2431 661 2499 B.,
674 2428 764 2489 tituli
779 2429 836 2511 ξε.
852 2429 914 2488 Jo-

120 2525 243 2587 hannis
258 2529 291 2588 et
312 2526 408 2588 Pauli
437 2526 610 2604 presbyter
629 2525 821 2596 cardinalis,
837 2527 917 2587 tunc

118 2623 318 2701 Apostolicae
335 2624 429 2686 Sedis
445 2624 585 2700 legatus,
606 2626 657 2692 B„
681 2622 845 2700 quondam
860 2623 916 2699 ip-

121 2723 191 2783 sius
206 2721 271 2783 loci
284 2722 447 2794 abbatem,
464 2722 645 2783 amovisset
658 2720 700 2783 ab
715 2735 766 2792 eo,
783 2720 918 2795 exigen-

119 2820 209 2882 tibus
233 2820 340 2897 oulpis
356 2820 437 2892 suis,
455 2822 489 2882 et
509 2819 612 2880 alium
638 2818 838 2880 instituisset
853 2817 918 2878 ibi-

118 2918 207 2990 dem,
224 2917 382 2995 praetatus
392 2920 441 2989 B.,
454 2917 619 2995 praetextu
634 2915 806 2994 cujusdam
819 2914 918 2977 trivo·

117 3016 161 3077 lae
177 3015 420 3093 appellationis,
437 3030 537 3092 quam
553 3030 589 3075 se
603 3012 810 3090 interjecisse
825 3012 918 3073 dico-

118 3113 186 3185 hat,
201 3114 316 3174 contra
337 3111 459 3174 tactum
479 3113 583 3189 ipsius
604 3111 785 3173 cardinalis
799 3111 917 3172 venire

120 3227 338 3290 praesumens,
364 3211 397 3272 et
425 3211 570 3287 sigillum
599 3209 704 3286 ipsius
723 3207 917 3270 monasterii

120 3308 285 3381 detinens,
322 3308 432 3370 debita
460 3308 611 3385 quaedam
633 3306 831 3368 contrahere
857 3305 917 3366 sub

121 3408 257 3468 nomine
269 3407 462 3468 monasterii
471 3421 559 3483 saepe
570 3405 648 3467 dicti
657 3403 915 3482 praesumpserit,

124 3520 165 3566 ac
177 3506 250 3582 ipso
262 3504 372 3581 sigillo
391 3505 580 3566 contractus
595 3502 780 3563 debitorum
795 3502 917 3578 hujus-

122 3601 212 3664 modi
241 3603 461 3675 communire;
493 3617 596 3678 quare
629 3600 728 3660 iidem
756 3597 858 3660 abbas
886 3599 919 3661 et

119 3702 303 3764 conventus
318 3699 413 3761 nobis
426 3699 598 3760 humiliter
611 3697 851 3775 supplicarunt,
868 3698 916 3765 ut,

117 3814 195 3861 cum
208 3799 446 3861 monasterium
462 3797 570 3874 ipsum
583 3796 632 3856 sic
641 3808 784 3871 gravare
799 3794 918 3870 nequi-

117 3898 206 3959 verit
229 3897 299 3973 jam
327 3896 469 3962 amotus,
505 3890 740 3970 tranquillitati
768 3891 916 3968 ejusdem

117 3994 327 4066 monasterii,
342 3991 396 4054 cui
409 4009 452 4053 ex
464 3992 527 4052 hoo
539 4005 642 4067 grave
652 3990 763 4066 posset
777 3989 915 4066 dispen-

117 4093 209 4154 dium
222 4092 368 4163 evenire,
387 4090 527 4168 paterna
547 4103 648 4165 snper
663 4087 725 4148 hoe
741 4087 916 4169 providere

116 4189 342 4252 sollicitudine
381 4188 607 4264 dignaremur.
651 4185 795 4262 Ideoque
832 4185 914 4245 uni-

116 4287 269 4350 versitati
282 4288 404 4348 vestrae
415 4301 475 4363 per
488 4284 679 4362 apostolica
691 4283 814 4360 scripta
826 4298 916 4344 man·

117 4386 247 4458 damus,
256 4387 420 4463 quatenus
431 4380 917 4446 occasionecontractuumtac·

116 4488 226 4547 torum
241 4483 283 4545 ab
305 4483 377 4560 ipso
404 4485 454 4553 B..
482 4482 656 4558 postquam
671 4481 803 4540 amotus
818 4479 916 4553 tulta

115 4581 280 4658 regimine
289 4579 483 4642 monasterii
498 4577 683 4650 memorati,
704 4592 771 4638 non
784 4576 916 4653 permit·

115 4680 224 4742 tentos
239 4678 347 4755 ipsum
358 4677 596 4738 monasterium
611 4691 630 4737 a
645 4688 776 4752 quoqne
791 4676 915 4736 temere

115 4776 300 4848 molestari,
337 4775 568 4837 molestatores
607 4772 789 4834 monitione
824 4787 914 4849 prae-

116 4876 232 4946 missa,
243 4890 302 4952 per
316 4888 492 4934 censuram
508 4871 783 4942 ecclesiasticam,
798 4869 916 4947 appel-

116 4973 244 5035 latione
270 4972 408 5044 remota,
433 4970 574 5032 veritate
602 4969 745 5044 cognita,
765 4982 917 5043 compes-

116 5070 234 5142 cendo,
255 5069 384 5131 litteras
397 5084 498 5145 super
510 5066 699 5145 hujusmodi
716 5066 820 5127 tactas
835 5081 918 5126 con-

103 5167 278 5231 tractibus
294 5166 480 5228 decernatis
494 5166 610 5227 irritas
626 5166 660 5226 et
679 5165 807 5224 inanes.
823 5162 915 5236 Quod

117 5267 146 5329 si
163 5281 229 5327 non
254 5280 381 5336 omnes,
407 5265 470 5325 etc.
501 5264 619 5324 Datum
648 5261 816 5333 Laterani,
841 5262 916 5321 XVI

119 5363 281 5425 kalendas
311 5362 416 5441 junii,
451 5361 662 5439 pontificatus
692 5360 798 5421 nostri
828 5373 916 5420 anno

118 5463 247 5542 quinte.

1280 468 1458 557 cccxci

969 612 1021 672 Ad
1055 609 1210 673 abbatom
1242 611 1276 673 ct
1319 611 1525 674 convolutum
1560 608 1766 672 mollostertt

1162 710 1311 771 Udotrtct
1334 709 1570 787 aacpastelasts.

1259 832 1292 889 tr
1312 831 1379 888 muti
1397 832 1474 889 llil.

1137 954 1312 1020 [Monumenta
1324 954 1410 1014 Bnica,
1427 955 1507 1013 xl'll,
1525 954 1593 1021 aot-l

970 1060 1028 1120 Sub
1053 1060 1129 1120 beati
1154 1062 1230 1120 Petri
1260 1068 1289 1120 et
1314 1076 1366 1120 sua
1392 1061 1569 1135 protectione
1593 1067 1767 1118 conventum

1005 1152 1101 1209 Sancti
1128 1150 1251 1211 Udatrlcl
1277 1159 1306 1209 et
1333 1152 1430 1210 omnia
1453 1150 1528 1209 bona
1555 1166 1618 1223 qua
1640 1150 1767 1224 possidet

1005 1242 1136 1314 suscipit.

1010 1358 1177 1420 Honorius
1188 1358 1373 1435 episcopus,
1384 1373 1500 1419 servus
1511 1372 1682 1418 servorum
1694 1356 1764 1429 Dei,

971 1455 1100 1518 dilectis
1117 1456 1195 1516 tiliis
1206 1454 1317 1517 abbati
1332 1455 1365 1518 et
1385 1455 1563 1518 conventui
1574 1455 1767 1516 monasterii

972 1554 1086 1616 Sancti
1124 1553 1272 1616 Udalrici
1304 1554 1534 1630 augustensis,
1568 1552 1768 1615 salutemet

971 1651 1187 1729 apostolicam
1211 1650 1486 1714 benedictionem.

1013 1751 1231 1812 sacrosancta
1254 1750 1403 1811 Romana
1423 1749 1564 1810 ecclesia
1585 1747 1721 1812 devotos
1736 1748 1769 1810 et
1801 1740 1807 1745 ’

972 1846 1115 1909 humiles
1142 1847 1228 1908 tilios
1255 1862 1298 1910 ex
1321 1849 1463 1909 assuetae
1492 1846 1625 1922 pietatis
1658 1845 1768 1907 otflcio

971 1945 1169 2022 propensius
1185 1945 1324 2021 diligere
1338 1945 1521 2016 consuevit,
1538 1947 1571 2006 et
1585 1960 1627 2005 ne
1642 1960 1767 2021 pravo-

971 2059 1045 2104 rum
1061 2043 1232 2104 hominum
1247 2043 1408 2104 molestiis
1418 2044 1597 2119 agitentur,
1615 2057 1671 2103 eos
1687 2045 1767 2103 tam·

971 2157 1070 2218 quam
1086 2141 1140 2218 pia
1155 2144 1262 2202 mater
1274 2156 1343 2202 suae
1353 2141 1569 2218 protectionis
1584 2140 1768 2201 munimine

972 2238 1159 2300 contovere.
1170 2238 1363 2315 Eapropter,
1373 2237 1486 2299 dilecti
1496 2238 1531 2298 in
1541 2237 1680 2298 Domino
1692 2236 1763 2308 filii,

971 2336 1092 2397 vestris
1103 2335 1204 2414 justis
1219 2335 1497 2413 postulationibus
1513 2336 1608 2410 grato
1621 2351 1767 2396 concur-

971 2435 1083 2495 rentes
1105 2449 1258 2506 assensu,
1277 2449 1437 2511 personas
1462 2434 1591 2511 vestras
1605 2433 1637 2494 et
1659 2432 1768 2493 locum

971 2531 1006 2591 in
1043 2546 1107 2610 quo
1136 2531 1248 2592 divino
1272 2531 1352 2592 estis
1376 2530 1534 2608 obsequio
1568 2530 1765 2608 mancipati,

972 2645 1046 2690 cum
1075 2628 1227 2690 omnibus
1256 2628 1352 2689 bonis
1374 2645 1448 2706 quae
1468 2627 1767 2706 impraesentiarum

971 2726 1214 2788 rationabiliter
1226 2727 1372 2804 possidet
1386 2728 1444 2788 aut
1459 2727 1494 2786 in
1511 2726 1656 2789 loturum
1667 2726 1768 2803 Justis

971 2824 1077 2886 modis
1101 2826 1280 2902 praestante
1300 2825 1450 2896 Domino,
1472 2824 1594 2901 poterit
1613 2823 1765 2901 adipisci,

972 2921 1032 2983 sub
1042 2922 1130 2984 beati
1146 2924 1236 2984 Petri
1247 2924 1280 2984 et
1290 2924 1403 2984 nostra
1415 2923 1620 2999 protectione
1631 2922 1769 2999 suscipi·

972 3036 1056 3081 mus.
1072 3020 1270 3096 Specialiter
1289 3022 1400 3081 autem
1418 3020 1766 3096 parochiamr'estram
1861 3058 1864 3065 ι

972 3114 1012 3175 nd
1037 3114 1216 3175 luminaria
1234 3114 1339 3191 ipsius
1355 3115 1548 3177 monasterii
1562 3115 1763 3191 deputatam,

972 3213 1059 3274 sicut
1070 3228 1143 3273 eam
1155 3214 1244 3290 juste
1260 3228 1299 3273 ao
1312 3213 1449 3288 pacitlce
1469 3212 1657 3288 possidetis,
1671 3212 1766 3274 vohis

971 3311 1005 3372 et
1030 3326 1089 3387 per
1115 3325 1175 3372 vos
1204 3311 1409 3372 monasterio
1428 3311 1766 3381 nostraauctoritate

972 3408 1156 3485 apostolica
1170 3408 1405 3470 confirmamus
1418 3410 1451 3469 et
1461 3409 1636 3486 praesentis
1652 3408 1767 3486 scripti

973 3506 1157 3584 patrocinio
1172 3507 1427 3568 communimus.
1439 3506 1528 3567 Nulli
1541 3521 1621 3583 ergo
1634 3506 1768 3567 omnino

973 3604 1143 3665 hominum
1163 3604 1263 3665 liceat
1284 3604 1370 3665 hanc
1386 3604 1540 3681 paginam
1554 3606 1675 3665 nostrae
1692 3618 1770 3681 pro-

973 3701 1126 3762 tectionis
1145 3704 1179 3764 et
1190 3702 1454 3764 confirmationis
1469 3701 1654 3777 intringere
1668 3703 1721 3763 vel
1736 3703 1768 3764 ei

972 3814 1056 3861 ausu
1082 3801 1260 3862 temerario
1288 3801 1466 3863 contraire.
1494 3802 1529 3862 Si
1558 3801 1632 3878 quis
1658 3800 1768 3863 autem

972 3897 1036 3960 hoc
1060 3899 1225 3960 attentare
1239 3879 1488 3975 praesumpserit
1507 3899 1769 3974 indignationem

972 3996 1206 4073 omnipotentis
1222 3996 1281 4057 Dei
1297 3995 1510 4057 etbeatorum
1523 3997 1612 4058 Petri
1627 3998 1661 4057 et
1671 3995 1768 4057 Pauli

972 4094 1198 4170 apostolorum
1227 4097 1299 4171 ejus
1324 4110 1360 4154 se
1386 4094 1518 4155 noverit
1538 4094 1764 4155 incursurum.

972 4194 1090 4252 Datum
1116 4191 1282 4262 Laterani,
1298 4193 1372 4253 XVI
1386 4190 1548 4252 kalendas
1559 4191 1660 4269 junii,
1681 4207 1768 4269 pon-

971 4289 1116 4353 tificatus
1135 4289 1241 4352 nostri
1254 4304 1343 4350 anno
1358 4289 1483 4367 quinto.

1269 4531 1469 4622 cholhll

990 4678 1042 4737 Ad
1061 4678 1254 4738 Jolmaaaan
1272 4676 1527 4736 Bituriceascm
1545 4677 1745 4749 archiepisc.

1265 4806 1298 4863 ¹9
1314 4806 1380 4862 maii
1397 4804 1476 4863 litt.

1102 4921 1244 4986 [Murteae.,
1257 4921 1401 4973 Thesaurus
1410 4919 1508 4980 anecd,
1527 4920 1547 4980 l,
1560 4920 1629 4987 878]

971 5039 1074 5099 Conna
1088 5037 1202 5097 ludens
1223 5038 1252 5096 io
1269 5039 1374 5096 bituria
1390 5053 1481 5095 novas
1501 5052 1670 5112 synagogas
1682 5053 1767 5097 oons-

1298 5127 1444 5184 tituenles.

1011 5244 1683 5322 Honoriusepiscopus,servusservorum
1695 5244 1765 5316 bei,

971 5341 1154 5402 venerabili
1174 5342 1269 5403 tratri
1285 5343 1539 5419 archiepiscopo
1555 5341 1766 5413 Bituricensi,

971 5440 1112 5500 salutem
1125 5443 1157 5501 et
1168 5440 1383 5516 apostolicam
1396 5440 1672 5501 benedictionem.

1011 5539 1169 5599 Pervenit
1195 5538 1236 5600 ad
1261 5539 1464 5600 audientiam
1487 5538 1652 5606 nostram,
1682 5537 1768 5615 quod

970 5638 988 5699 J
994 5635 1079 5700 udal
1093 5636 1127 5697 in
1141 5638 1197 5698 tua
1212 5637 1348 5700 dioeoesi
1362 5635 1562 5708 habitantes,
1581 5651 1768 5713 synagogas

1543 5816 1562 5856 N
