3774 6186
109 337 168 399 581

104 496 443 572 ditorem,coramquo
452 495 655 570 cnmslnguli
664 495 896 570 procuratores

105 591 560 669 aliquandindisceptassent,
571 593 648 668 quia
659 592 800 653 vidimus
812 592 898 669 quod

106 689 252 766 provisio
267 689 480 749 Beiracensis
492 689 641 750 ecclesiae
664 689 758 749 nobis
774 690 900 765 princi-

105 787 226 863 paliter
249 783 453 856 imminebat,
471 802 543 846 eam
563 786 669 856 vobis,
694 786 734 847 de
759 802 898 863 quorum

106 883 316 944 rectitudinis
335 883 406 944 zelo
421 886 454 945 et
478 883 617 944 rationis
640 884 756 959 vigore
777 884 899 943 lauda-

106 980 172 1042 bile
183 979 279 1040 nobis
289 979 517 1041 testimonium
531 981 733 1057 perhibetur,
746 981 901 1040 duximus

106 1077 384 1145 committendam,
395 1092 454 1153 per
463 1079 654 1153 apostolica
670 1079 793 1154 scripta
806 1093 903 1137 man·

106 1171 222 1234 dantes
239 1176 271 1234 et
295 1172 496 1235 obtestantes
519 1191 578 1251 per
598 1175 796 1251 sanguinem
816 1177 902 1255 ¹Jesu

108 1270 242 1340 Christi,
257 1272 418 1347 quatenus
432 1270 590 1334 babentes
599 1288 667 1348 prae
681 1272 786 1333 oculis
796 1271 903 1332 solum

108 1368 224 1438 Deum,
236 1367 410 1439 beneficia,
424 1384 497 1445 quae
509 1369 548 1429 ad
561 1369 771 1430 donationem
780 1368 902 1429 Belua-

108 1466 218 1526 censis
231 1465 340 1539 electi,
350 1467 379 1525 si
391 1481 538 1542 praesens
549 1466 717 1538 existeret,
733 1466 905 1543 pertinen·

107 1562 196 1622 tibus
213 1563 364 1639 personis
385 1563 539 1624 litteratis
556 1565 589 1624 et
605 1564 764 1634 honestis,
776 1562 903 1625 etalias

109 1658 238 1720 idoneis
274 1660 467 1730 conferatis,
494 1664 527 1723 et
554 1661 701 1722 vicissim
730 1661 904 1721 visitantes

109 1756 289 1828 civitatem,
319 1759 352 1818 et
367 1756 536 1817 dioecesim
551 1758 785 1819 Belvacensem
800 1757 904 1818 lucris

110 1854 271 1915 studeatis
286 1853 458 1915 intendere
470 1855 668 1926 animarum,
686 1855 905 1916 ministrando

109 1951 240 2028 populis
256 1949 412 2028 pabulum
434 1950 527 2012 verbi
542 1952 612 2024 Dei,
631 1955 662 2012 et
677 1952 905 2013 confessiones

106 2048 344 2125 poenitentium
360 2048 536 2119 audiendo,
554 2051 599 2110 ita
620 2051 706 2127 quod
719 2053 822 2110 Deum
846 2066 907 2111 vo·

109 2144 161 2206 bis
177 2145 299 2206 exinde
314 2147 467 2207 meritum
479 2149 688 2223 comparetis,
704 2149 737 2208 et
751 2163 811 2208 nos
828 2146 907 2206 dili-

108 2243 256 2318 gentiam
272 2245 415 2304 vestram
432 2244 595 2319 possimus
613 2245 730 2305 merito
745 2259 906 2305 commen·

109 2341 202 2401 dare.
222 2341 339 2400 Datum
358 2340 524 2413 Laterani,
536 2342 634 2402 tertio
651 2357 756 2402 nonas
771 2341 906 2403 decem-

107 2436 193 2509 bris,
212 2452 299 2498 anno
315 2438 441 2514 quinto.

462 2615 563 2703 CXV

108 2750 166 2808 Ad
190 2750 392 2809 Trecermcm
413 2752 619 2823 episcopum,
636 2749 753 2811 Sancti
768 2753 856 2823 Lupi
877 2750 909 2812 et

294 2846 412 2907 Soracte·
423 2847 571 2907 Martini
583 2848 729 2908 abbates

384 2958 542 3015 tdecemb.
560 2959 639 3017 lito.

161 3063 283 3127 [liegest.,
296 3064 340 3117 lib.
356 3065 386 3122 V,
403 3066 477 3127 epist.
487 3064 543 3114 loe.
564 3066 692 3129 Bonqnet,
708 3065 811 3124 Reeneil
820 3066 865 3115 des

395 3144 469 3200 illst,
481 3144 548 3200 lilii,
565 3144 631 3209 ild]

113 3241 259 3314 Litigonte
268 3239 303 3297 de
316 3240 556 3299 Autissiodorensi
581 3243 716 3300 comitatu
728 3242 858 3315 Philippo
877 3241 912 3298 de

150 3330 322 3396 Curtiniaco,
336 3332 526 3387 Namnrcensi
540 3332 655 3402 comite,
669 3346 733 3389 eum
750 3333 862 3387 tierneo
877 3329 912 3387 de

152 3418 307 3485 Donziaco,
323 3419 427 3474 comite
443 3420 622 3487 nivernensi,
640 3421 782 3477 lionorins
797 3417 911 3491 delega-

152 3506 188 3562 tis
202 3520 217 3561 a
233 3519 264 3561 se
277 3503 419 3575 jndicibus
431 3506 547 3564 mandat
562 3514 592 3563 ut
604 3521 637 3564 ea
658 3522 721 3580 quae
734 3514 830 3564 contra
841 3509 913 3580 juris

152 3592 282 3649 ordinem
297 3601 429 3665 egerunt,
444 3593 609 3652 reforment.

156 3709 326 3769 Honorius
343 3710 518 3786 episcopus
534 3728 650 3772 servus
666 3727 838 3773 servornm
854 3713 912 3773 Dei

115 3804 301 3867 venerabili
325 3805 420 3867 fratri
445 3808 600 3884 episcopo
627 3813 660 3869 et
678 3809 808 3871 dilectis
835 3810 913 3869 liliis

117 3902 232 3962 Sancti
264 3903 346 3979 Lupi
381 3905 415 3964 et
442 3906 554 3965 Sancti
578 3907 713 3967 Martini
740 3906 912 3967 abbatibus

113 4001 283 4070 Trecens.,
310 4000 500 4062 salutemet
526 4003 741 4078 apostolicam
757 4003 914 4065 benedic-

115 4095 253 4157 tionem.

157 4195 207 4252 Ex
221 4193 446 4256 insinuatione
458 4195 579 4256 nobilis
588 4196 653 4257 viri
663 4198 792 4259 comitis
799 4197 914 4259 Niver-

116 4290 232 4350 nensis
255 4290 287 4351 et
308 4293 351 4351 M.
379 4292 493 4352 uxoris
512 4295 584 4370 ejus
603 4294 791 4369 accepimus
813 4295 910 4372 quod,

116 4403 219 4464 quum
235 4387 317 4447 certi
332 4387 372 4448 de
387 4387 479 4449 obitu
495 4390 594 4451 clarae
608 4392 776 4452 memoriae
792 4392 913 4462 P.,im·

116 4483 282 4560 peratoris
293 4485 662 4563 constantinopolitani,
675 4488 842 4550 civitatem
849 4493 913 4549 Au·

116 4579 388 4642 tissiodorensem
409 4584 566 4659 tanquam
582 4588 659 4662 jure
678 4585 719 4646 ad
734 4601 792 4646 eos
806 4585 911 4646 devo-

114 4676 218 4737 lutam
243 4677 455 4740 baereditario
478 4681 649 4754 adiissent,
674 4685 706 4743 et
726 4699 826 4763 super
850 4683 913 4743 boc

115 4789 190 4834 cum
216 4773 319 4834 nobili
343 4776 416 4837 viro
443 4779 562 4838 comite
583 4779 805 4841 Namurcensi
832 4779 914 4840 Phi-

115 4869 217 4947 lippu,
232 4872 310 4932 nato
328 4872 476 4948 praedicti
497 4873 652 4946 defuncti,
667 4878 700 4937 et
714 4876 857 4938 lieberto
872 4876 912 4936 de

116 4967 291 5028 cortenaio
308 4969 504 5045 aliquandiu
520 4970 716 5047 litigassent,
735 4989 793 5034 vos
813 4988 914 5049 super

116 5064 181 5134 his,
206 5065 406 5126 auctoritate
432 5067 543 5128 vestra
568 5070 802 5146 processistis,
824 5069 912 5146 juris

116 5160 267 5222 ordinem
290 5178 356 5222 non
380 5166 563 5225 servantes.
585 5166 678 5227 Unde
694 5166 792 5227 iidem
818 5167 912 5229 nobis

116 5257 291 5319 humiliter
306 5260 534 5336 suppilcarunt
554 5262 599 5334 ut,
617 5279 691 5324 cnm
711 5264 819 5340 parati
845 5265 912 5325 sint

116 5352 158 5415 de
180 5370 216 5415 se
240 5371 340 5431 super
362 5356 424 5418 boc
452 5360 728 5436 conquerentibus
746 5362 911 5438 justitiam

117 5452 289 5523 exhibere,
300 5469 359 5528 pro
372 5456 624 5517 conservatione
633 5458 720 5534 juris
733 5473 847 5518 eornm
859 5476 914 5520 vo-

116 5547 167 5608 bis
183 5548 330 5610 scribere
351 5550 574 5626 dignaremur.
596 5554 768 5626 Quocirca,
781 5554 911 5616 discre-

735 335 971 398 nrrsronm.
995 337 1073 397 nra.
1097 321 1134 398 t.

1691 304 1751 396 ese

952 496 1037 557 tioni
1053 495 1170 557 vestrae
1187 511 1245 572 per
1259 494 1447 572 Apostolica
1468 495 1589 570 scripta
1611 494 1750 555 manda-

953 594 1209 668 musquatenus,
1219 591 1551 653 revocatoinstatnm
1562 591 1708 651 debitum
1720 590 1749 650 si

954 690 1030 766 quid
1042 692 1157 751 contra
1173 689 1272 766 ipsos,
1285 690 1372 765 jnris
1384 688 1499 749 ordine
1513 689 1748 765 praetermisso,

955 787 1080 849 lecistis
1103 789 1137 847 in
1160 788 1349 864 hujusmodi
1369 787 1511 862 negoti0,
1533 786 1655 846 auditis
1678 801 1751 862 qum

955 886 1065 961 partes
1079 885 1235 946 duxerint
1249 885 1473 961 proponenda,
1487 883 1616 945 sublato
1632 882 1750 960 appel-

956 981 1089 1044 lationis
1105 982 1286 1052 obstacnlo,
1302 982 1433 1041 ratione
1449 981 1573 1057 praevia
1587 981 1751 1058 proceda-

957 1080 1010 1140 tis
1037 1081 1182 1150 Quodsi
1212 1096 1278 1138 non
1309 1095 1423 1139 omnes
1448 1078 1500 1138 liis
1532 1078 1753 1155 exsequendis
1841 1094 1849 1100 ·

958 1177 1107 1252 poteritis
1133 1177 1307 1246 interesse,
1334 1179 1368 1237 tu
1391 1190 1442 1245 ea,
1458 1176 1562 1236 irater
1585 1177 1751 1251 episcope,

958 1290 1033 1334 cum
1048 1289 1163 1334 eorum
1176 1274 1281 1334 altero
1304 1273 1522 1334 nibilominus
1545 1273 1753 1349 exsequaris.

959 1373 1077 1432 Datum
1092 1373 1259 1439 Laterani,
1276 1373 1320 1430 ΙΙΙ
1333 1388 1411 1431 non.
1426 1371 1571 1432 decemb.
1588 1369 1756 1447 pontillca·

959 1471 1011 1530 tus
1023 1469 1126 1529 nostri
1142 1485 1229 1529 anno
1245 1469 1370 1545 quinto.

1300 1627 1419 1713 CXVI

959 1762 1011 1821 Ad
1028 1765 1308 1822 archidiaconum
1333 1764 1472 1830 Betreen,
1501 1775 1544 1821 uc
1564 1764 1756 1823 Jotannem

1000 1862 1041 1920 de
1056 1862 1209 1919 Parisiis
1225 1859 1259 1919 et
1280 1861 1328 1918 W.
1351 1862 1392 1919 de
1417 1861 1558 1920 Lestoco
1575 1862 1757 1920 cartorttcos

1001 1959 1134 2016 lidrico.

1227 2033 1243 2090 3
1258 2031 1388 2090 decemb.
1409 2033 1488 2090 itio.

985 2138 1104 2203 [liegest.,
1118 2137 1163 2187 lib.
1176 2138 1205 2193 V,
1218 2137 1293 2200 epist.
1307 2139 1361 2187 225.
1376 2139 1432 2187 tiss.
1452 2140 1489 2188 La
1499 2139 1574 2189 Porto
1591 2139 1625 2188 du
1640 2139 1732 2201 Theti]
1812 2098 1815 2107 μ

962 2244 1077 2303 liandat
1105 2251 1135 2301 ut
1149 2251 1274 2301 statuant
1293 2259 1378 2316 super
1402 2245 1585 2316 requisitione
1608 2246 1759 2303 canonico·

998 2334 1269 2392 rnmPrimiacensis
1280 2334 1474 2404 ecclesiae,qul
1486 2333 1640 2406 dignitates
1654 2341 1682 2390 et
1692 2349 1757 2406 per·

997 2430 1117 2479 sonntns
1132 2422 1160 2477 in
1176 2423 1302 2495 ipsorum
1317 2422 1437 2478 ecclesia
1453 2423 1525 2495 erigi
1542 2422 1733 2494 postulabant.

1003 2539 1181 2605 Honorius,
1199 2540 1273 2610 etc,
1291 2538 1419 2600 dilectis
1432 2537 1509 2598 tiliis
1522 2538 1758 2601 archidiacono

964 2639 1088 2700 Belnen
1101 2641 1134 2698 et
1142 2636 1286 2698 iohanni
1301 2636 1340 2696 de
1356 2636 1507 2707 Parisiis
1524 2640 1557 2697 et
1576 2639 1626 2697 W.
1640 2637 1680 2698 de
1697 2640 1760 2700 Le·

964 2737 1056 2796 siaco
1067 2735 1238 2796 canonicis
1253 2734 1376 2793 Eduen.

1004 2834 1054 2891 iix
1075 2832 1167 2907 parte
1196 2829 1390 2891 dilectorum
1414 2829 1557 2891 liliorum
1580 2831 1760 2891 canonico-

965 2943 1038 2987 rum
1055 2927 1289 2986 Primiacensis
1303 2927 1453 2987 ecclesiae
1465 2926 1527 2988 luit
1540 2926 1635 2987 nobis
1647 2927 1758 2987 huml-

965 3026 1042 3086 liter
1057 3024 1287 3100 supplicatum,
1305 3026 1341 3084 nt
1363 3040 1437 3084 cum
1459 3026 1495 3084 in
1510 3025 1587 3083 aliis
1611 3038 1759 3086 conven-

965 3122 1110 3184 tualibus
1120 3121 1271 3182 ecclesiis
1280 3121 1404 3181 circum
1417 3120 1601 3196 adjacentis
1615 3121 1760 3197 undique

965 3220 1112 3295 regionis
1136 3221 1332 3295 personatus
1353 3221 1386 3278 et
1400 3218 1577 3292 dignitates
1601 3220 1756 3290 existant,

967 3334 1008 3379 ne
1028 3318 1091 3394 ipsi
1128 3320 1295 3392 tamquam
1328 3315 1480 3391 acephali
1504 3314 1691 3387 videantur,
1725 3317 1760 3376 in

967 3432 1063 3475 suum
1094 3417 1126 3476 et
1154 3414 1301 3491 ejusdem
1325 3411 1475 3473 ecclesiae
1505 3429 1570 3473 non
1597 3413 1762 3474 modicum

967 3513 1211 3582 detrimentum,
1243 3509 1445 3587 praeficiendi
1468 3509 1532 3570 sibi
1555 3510 1700 3587 aliquem
1726 3512 1760 3572 in

967 3613 1141 3680 rectorem,
1170 3611 1265 3684 cujus
1299 3608 1461 3683 regimine
1486 3608 1582 3670 dictae
1609 3609 1762 3670 ecclesiae

967 3710 1035 3768 tam
1050 3707 1085 3766 in
1100 3705 1341 3782 spiritualibus,
1359 3721 1457 3781 quam
1475 3706 1508 3764 in
1522 3706 1762 3782 temporalibus

969 3804 1129 3879 suscipiat
1143 3804 1393 3871 incrementum,
1412 3803 1537 3863 eisdem
1548 3803 1763 3878 dignaremur

968 3899 1760 3975 auctoritateApostolicaconcederefacultatem,

969 3997 1151 4075 praesertim
1175 4012 1276 4073 quum
1303 3996 1424 4072 praeter
1446 3996 1604 4072 plebanos
1619 3997 1761 4058 sedecim

968 4095 1204 4155 canonicorum
1237 4108 1397 4153 numerus
1432 4093 1466 4152 in
1502 4094 1589 4155 dicta
1620 4096 1762 4156 ecclesia

968 4192 1111 4254 existere
1126 4191 1350 4265 dignoscatur.
1371 4193 1476 4261 Quum
1490 4192 1592 4266 igitur
1604 4192 1762 4254 instantia

968 4291 1080 4351 nostra
1096 4287 1288 4365 quotidiana
1314 4286 1358 4348 sit
1379 4287 1597 4349 ecclesiarum
1613 4290 1761 4350 omnium

967 4385 1154 4448 sollicitudo
1194 4385 1369 4456 continua,
1417 4385 1580 4446 dictorum
1623 4389 1763 4449 canoni-

968 4500 1081 4544 corum
1104 4481 1256 4558 precibus
1279 4482 1443 4554 inclinati,
1469 4482 1661 4545 discretioni
1685 4500 1764 4546 ves-

967 4583 1027 4643 trae
1065 4596 1124 4657 per
1159 4580 1349 4656 Apostolica
1387 4581 1510 4656 scripta
1548 4582 1761 4653 mandamus,

968 4681 1140 4755 qnatenus,
1156 4676 1316 4738 babentes
1327 4693 1395 4753 prae
1411 4677 1517 4737 oculis
1530 4677 1636 4738 solum
1647 4681 1760 4752 Deum,

967 4775 1120 4837 statuatis
1161 4789 1261 4850 super
1302 4774 1353 4834 bis
1393 4775 1591 4835 auctoritate
1628 4778 1760 4849 nostra,

967 4873 1053 4951 quod
1086 4871 1254 4950 praedictae
1285 4870 1504 4932 Primiacensi
1533 4873 1695 4947 ecclesiae,
1723 4890 1764 4937 ac

967 4970 1117 5049 personis
1146 4968 1367 5029 residentibus
1404 4967 1439 5027 in
1469 4968 1584 5029 eadem
1611 4971 1762 5035 videritis

967 5065 1320 5143 expedire,dummodo
1335 5065 1370 5124 in
1381 5065 1523 5142 alicujus
1534 5068 1761 5144 praeJudicium
1831 5102 1849 5117 -

967 5182 1033 5227 non
1059 5163 1229 5226 redundet.
1269 5162 1360 5234 Quod
1400 5163 1429 5224 si
1459 5181 1524 5224 non
1558 5181 1672 5227 omnes
1708 5168 1761 5229 bis

966 5260 1187 5339 exsequendis
1213 5260 1374 5321 interesse
1396 5261 1581 5337 potueritis,
1599 5263 1662 5323 duo
1684 5280 1762 5325 ves·
1831 5280 1836 5290 ·

966 5360 1053 5420 trum
1082 5373 1122 5418 ea
1145 5357 1362 5417 nibilominus
1380 5361 1616 5434 exsequantur.
1641 5361 1759 5422 Datum

967 5454 1133 5525 Laterani,
1148 5456 1191 5514 ΙΙΙ
1214 5470 1320 5515 nonas
1339 5454 1524 5518 decembris
1549 5457 1759 5531 pontificatus

966 5553 1072 5613 nostri
1088 5567 1177 5612 anno
1189 5552 1315 5627 quinto.
