3774 6186
86 276 151 342 279-

88 436 239 510 reendus,
269 437 343 500 sine
375 437 529 500 mandato
556 437 657 510 sedis
685 439 882 516 Apostolicae

89 535 238 610 speciali.
265 534 374 596 Abbas
404 536 506 611 igitur
527 536 568 597 ad
589 551 705 597 curam
724 537 885 611 spiritua-

89 631 183 703 lium,
196 633 326 704 melius,
343 635 376 694 et
391 632 559 694 salubrius
573 634 681 704 solite,
699 650 734 695 se
750 634 885 694 ferven-

89 730 141 790 ter
155 731 319 801 exerceat,
338 731 370 792 et
384 748 443 806 pro
455 730 571 808 quavis
586 747 687 791 causa
702 732 883 792 claustrum

89 841 156 886 non
171 828 278 895 exeat,
299 843 361 888 nec
383 828 585 909 monachus,
599 828 671 888 sine
694 827 882 900 manifesta,

90 924 124 984 et
147 926 284 999 urgente
311 940 424 998 causa,
454 941 515 986 nec
539 927 629 996 tunc,
656 925 728 984 siue
756 924 884 986 abbatis

90 1019 239 1094 licentia,
254 1022 308 1083 vel
320 1022 453 1099 prioris.
468 1023 566 1084 Prior
579 1024 688 1084 autem
705 1022 802 1098 prout
813 1026 886 1099 ejus

92 1116 238 1181 osticium
264 1120 380 1195 exigit,
401 1118 632 1196 spiritualibus
653 1120 814 1181 duntaxat
829 1120 886 1179 in-

91 1215 216 1278 tendat.
251 1219 355 1277 Porro
389 1217 585 1277 mulieribus
615 1216 703 1277 inira
729 1216 897 1284 ambitum,

61 1358 63 1366 .
92 1315 286 1375 monasterii
303 1313 438 1375 omnino
464 1315 682 1375 interdicatur
704 1314 885 1389 ingressus.

93 1410 175 1486 liqui
203 1425 294 1480 vero,
313 1412 346 1473 et
365 1412 475 1472 omnia
499 1411 627 1488 peculia
651 1411 887 1471 monachorum

93 1507 349 1583 praesentialiter
383 1509 607 1583 resignentnr,
643 1508 679 1568 in
714 1508 887 1569 utilitatem

93 1605 288 1665 monasterii
312 1606 544 1666 convertenda.
575 1605 615 1666 st
634 1605 832 1681 quicumque
848 1604 889 1664 de

92 1700 213 1762 caetero
239 1701 394 1762 inventus
420 1701 521 1763 luerit
546 1702 675 1763 habere⁴
700 1701 887 1779 proprium,

93 1813 199 1874 poenae
215 1797 384 1874 subjaceat
398 1800 558 1875 regulari,
581 1800 615 1861 et
636 1799 737 1860 semel
753 1799 788 1858 in
802 1813 890 1858 anno

93 1894 129 1955 iu
149 1896 397 1972 proprietarios,
419 1896 576 1958 solemnis
591 1895 890 1957 excommunicatio

94 1991 293 2068 proseratur.
318 1993 367 2053 Ad
396 1993 468 2054 haec
492 1993 593 2054 abbas
618 1994 676 2054 aut
695 1992 891 2062 monachus,

94 2090 260 2160 camiseis
277 2090 329 2150 vel
354 2090 603 2150 linteaminibus
618 2090 727 2161 lineis,
747 2089 799 2150 vel
815 2089 891 2149 aliis

94 2186 241 2248 vestibus
253 2202 319 2246 non
332 2186 503 2263 permissis
516 2203 535 2247 a
547 2186 675 2262 regula,
688 2202 753 2246 non
768 2187 890 2256 utatur,

95 2298 158 2343 uec
178 2285 333 2344 vescatur
354 2283 522 2355 carnibus,
537 2283 658 2343 sivein
677 2282 890 2353 monasterie,

95 2379 167 2439 sive
186 2381 292 2450 extra,
314 2379 380 2440 nisi
400 2379 562 2442 duntaxat
585 2380 620 2440 in
637 2379 780 2450 casibus,
798 2379 854 2455 qui
873 2394 893 2439 a

95 2476 891 2551 regulasuutconcessi.Habeatur,nihilominus,

96 2589 177 2634 cura
192 2573 334 2636 sollicita
349 2573 551 2644 deindrmis,
566 2589 641 2633 cum
652 2574 695 2634 sit
705 2573 804 2635 saluti
813 2587 894 2632 con-

95 2670 249 2740 trarium,
269 2671 303 2732 et
322 2669 519 2732 toleratione
543 2686 608 2730 non
624 2670 770 2745 dignum,
788 2670 824 2730 nt
836 2670 894 2728 in-

98 2766 267 2827 firmitatis
282 2767 445 2842 praetextu
457 2767 642 2840 regulares,
658 2767 699 2827 ad
713 2766 894 2826 saeculares

98 2863 214 2925 domos
242 2862 425 2937 divertant3
454 2862 631 2924 ridiculum
660 2866 711 2924 est
731 2863 832 2934 enim,
858 2863 896 2923 ut

97 2959 275 3020 iufirmitas
294 2959 491 3020 claustrales
506 2960 547 3019 ad
561 2960 720 3020 saeculum
739 2959 892 3029 advocet,

41 3123 44 3128 ,
98 3071 173 3132 quae
183 3056 356 3117 consuevit
371 3056 528 3117 inducere
541 3056 718 3117 saeculares
734 3056 776 3117 ad
789 3056 897 3116 claus-

98 3152 449 3230 trum.Quocirca,per
459 3154 748 3230 Apostolicavobis
759 3153 894 3229 scripta,

99 3250 134 3310 iu
149 3250 273 3311 virtute
284 3252 408 3312 sancte
428 3250 625 3312 obedientiae
640 3251 789 3312 districte
803 3265 895 3326 prae·

99 3346 252 3423 cipiendo
278 3347 493 3419 mandamus,
518 3350 693 3423 qnatenus,
710 3363 783 3423 quae
805 3362 896 3423 pree-

82 3470 84 3474 .
100 3443 202 3504 missa
215 3446 302 3514 sunt,
320 3443 560 3505 inviolabiliter
571 3444 765 3504 observetis.
778 3444 896 3504 Datum

17 3593 19 3597 ,
101 3540 895 3617 Reatevlhal.augustipontitlc.aunoquarto.
938 3547 941 3555 ’

470 3709 532 3794 ΙΙΙ

161 3833 213 3893 Ad
227 3832 374 3893 Petrum
386 3833 583 3906 episcopam
600 3833 834 3894 sabinensem.

397 3943 432 4002 27
443 3944 506 4016 lulli
523 3943 601 4001 lale.

256 4048 374 4114 [Ugbelli
386 4049 461 4100 ltalia
472 4063 551 4108 seem,
564 4055 584 4099 t.
599 4048 620 4111 l,
634 4062 660 4114 p.
676 4049 743 4111 its]

102 4146 252 4222 Siguillcat
262 4148 507 4205 confirmationem
524 4147 739 4219 compositionis
752 4146 900 4218 quainter

137 4251 202 4293 eum
213 4245 241 4294 et
254 4236 529 4309 archipresbyterum
552 4244 580 4291 et
591 4236 746 4292 canonicos
760 4233 899 4307 episcopii

139 4323 305 4381 sabinensis
326 4338 412 4395 super
437 4323 567 4379 ecclesiis
581 4323 609 4378 in
627 4324 728 4380 castris
746 4321 782 4378 de
806 4320 899 4388 Turri,

140 4412 176 4468 de
191 4413 219 4469 s.
238 4412 306 4469 Pelo
318 4412 392 4468 etde
405 4412 480 4467 lloca
496 4409 569 4467 lacta
584 4417 639 4467 est.

144 4519 323 4590 Honorius„
337 4521 412 4589 etc,
431 4521 529 4579 Petro
544 4519 698 4595 episcopo
712 4516 899 4578 sabinensi.

145 4620 190 4677 Ea
207 4632 279 4693 quae
291 4616 429 4692 jndicio,
448 4616 500 4675 vel
519 4615 695 4676 concordia
714 4616 924 4682 terminan-,

36 4699 39 4705 ’
109 4716 174 4784 tur,
192 4714 366 4790 scripturae
381 4713 537 4774 convenit
563 4712 799 4781 commendari,
818 4725 859 4770 ne
882 4725 901 4769 a

107 4813 266 4873 memoria
278 4811 443 4882 excidant,
455 4811 488 4871 et
504 4809 536 4869 in
550 4809 694 4869 residuae
708 4807 903 4884 quaestionis

106 4910 298 4983 scrupulum
324 4907 528 4969 relabantur.
558 4909 645 4967 sane
664 4921 738 4966 cum
759 4905 848 4965 inter
870 4906 903 4964 te

106 5022 149 5066 ex
161 5007 254 5082 parte
266 5020 333 5065 una
347 5006 380 5066 et
390 5003 725 5082 archipresbyterum,
746 5003 779 5063 et
802 5017 905 5062 cano·

106 5103 200 5165 nicos
222 5101 381 5177 episcopii
397 5102 590 5162 sabinensis
604 5117 647 5163 ex
666 5101 783 5171 altera,
805 5113 905 5176 super

107 5199 259 5261 ecclesiis
278 5198 318 5288 ¹¹¹.
338 5199 457 5259 castris
479 5198 519 5258 de
533 5199 642 5269 Turri,
659 5201 692 5260 et
711 5200 745 5258 s.
765 5196 857 5267 Polo,
872 5195 906 5257 et

108 5298 149 5357 de
164 5300 266 5364 Roca,
283 5295 317 5356 et
332 5294 367 5354 in
386 5296 577 5356 tenimentis
597 5311 711 5355 eornm
723 5295 851 5371 positis,
866 5307 905 5353 ac

109 5395 208 5455 etiam
223 5393 418 5471 quibusdam
434 5393 523 5458 aliis.
538 5408 619 5468 quas
638 5393 738 5452 iidem
751 5389 906 5452 canonici

111 5493 223 5552 tenent
237 5492 272 5551 in
288 5490 422 5551 dioecesi
439 5489 626 5559 sabinensi,
643 5490 782 5565 quaestio
798 5488 908 5550 verte·

51 5672 55 5682 .
149 5597 189 5667 (l)
211 5595 311 5651 llclius
328 5593 464 5650 irtnestict.

709 278 887 341 HONORII
907 282 953 341 111
974 280 1121 343 OPERA.

1680 276 1744 338 280⁵

937 442 1040 511 retur,
1055 441 1088 502 te
1101 439 1244 516 petente,
1269 441 1380 501 omnia
1395 443 1473 518 jura
1488 437 1692 515 episcopalia
1702 438 1733 498 in

938 538 1062 598 eisdem
1075 538 1207 599 tandem
1220 538 1308 599 inter
1320 538 1364 609 te,
1381 541 1414 600 et
1423 535 1621 598 Pandull’um
1630 550 1734 595 cano·

938 637 1049 695 uicum
1067 635 1293 706 sabinensem,
1312 636 1369 712 qui
1393 634 1597 711 apraedictis
1618 632 1731 692 archi-

939 731 1143 809 presbytero,
1168 733 1201 793 et
1219 733 1389 792 canonicis
1411 728 1732 807 adcomponendum

940 845 1039 906 super
1053 830 1235 904 praemissis
1257 829 1449 890 mandatum
1469 828 1617 905 speciale
1639 842 1731 887 rece-

940 927 1043 1003 perat.
1073 927 1164 987 Siout
1187 925 1281 987 nobis
1309 926 1459 988 constitit
1481 940 1541 1002 per
1565 923 1732 1001 publicum

940 1024 1209 1094 instrumentum,
1234 1023 1312 1084 talis
1336 1023 1530 1100 compositio
1545 1020 1645 1082 nobis
1666 1038 1735 1081 me·

941 1120 1107 1182 diantibus
1130 1119 1320 1192 intervenit,
1337 1121 1426 1197 quod
1447 1119 1606 1181 videlicet
1627 1119 1736 1180 archi-

941 1218 1128 1294 presbyter,
1156 1219 1189 1279 et
1212 1218 1386 1288 canonici,
1415 1217 1472 1295 qui
1499 1232 1560 1295 pro
1592 1218 1745 1294 tempore·

942 1315 1064 1375 luerint
1074 1316 1109 1375 in
1124 1315 1197 1392 ipso
1210 1314 1378 1391 episcopio
1393 1314 1587 1376 instituendi
1605 1313 1642 1373 in
1655 1314 1733 1389 ipsis

944 1412 1104 1483 ecclesiis,
1118 1412 1367 1489 praesentabunt
1381 1411 1535 1488 episcopo
1547 1409 1733 1474 sabinensi.

943 1514 974 1570 et
996 1509 1171 1586 episcopus
1187 1510 1376 1569 successive
1391 1508 1548 1569 investiet
1561 1523 1632 1577 eoa,
1645 1507 1678 1566 et
1692 1506 1736 1566 in·

943 1607 1034 1668 stitni
1050 1606 1150 1668 faciet
1166 1607 1194 1666 si
1210 1605 1342 1683 quidem
1360 1605 1395 1665 in
1411 1605 1603 1681 episcopatu
1628 1603 1736 1672 luerit,

943 1704 995 1764 vel
1006 1704 1041 1763 in
1053 1702 1343 1780 urberecipiendo
1361 1701 1401 1763 ab
1417 1702 1466 1762 eis
1480 1694 1681 1762 obedientiae
1691 1702 1740 1774 ju·

944 1804 1141 1871 ramentum,
1156 1817 1214 1877 per
1238 1800 1301 1861 hoc
1314 1799 1516 1860 tenebuntur
1530 1813 1572 1858 ee
1589 1813 1737 1867 servare,

945 1913 1018 1974 quaa
1039 1898 1250 1959 continentur
1260 1897 1296 1956 in
1318 1895 1556 1971 compositione
1572 1893 1738 1969 praesentis

947 1996 982 2055 si
997 2010 1076 2055 vero
1103 1995 1278 2071 episcopus
1302 1993 1402 2055 luerit
1423 1993 1458 2051 in
1476 1990 1671 2067 Campania,
1688 1990 1738 2050 vel

946 2092 982 2152 in
994 2092 1106 2168 aliqua
1122 2092 1255 2153 civitate
1266 2092 1355 2152 circa
1371 2089 1497 2159 urbem,
1508 2104 1568 2149 seu
1583 2088 1618 2146 in
1633 2102 1741 2146 remo-

946 2188 1087 2251 tioribus
1111 2188 1205 2259 lociS,
1235 2185 1513 2264 archipresbyter,
1535 2186 1569 2246 et
1588 2183 1740 2245 canonici

947 2285 1268 2348 administrationem
1290 2285 1325 2345 in
1347 2282 1589 2361 spiritualibus,
1607 2283 1642 2342 et
1661 2282 1743 2342 tem·

931 2382 1116 2460 perallbus
1149 2383 1353 2443 committent
1380 2381 1430 2451 ei,
1456 2395 1554 2456 quem
1587 2376 1743 2438 duxerint

948 2480 1227 2557 presentandum,
1255 2493 1396 2554 eumque
1414 2477 1479 2554 ipsi
1495 2474 1744 2553 praesentabunt

935 2577 1121 2654 episcopo,
1145 2592 1243 2652 quam
1267 2576 1333 2636 cito
1360 2574 1396 2634 in
1417 2574 1610 2650 episcopatu
1633 2571 1742 2641 fuerit,

930 2670 934 2675 ’
949 2675 1002 2735 vel
1017 2674 1052 2734 in
1066 2673 1157 2744 urbe,
1176 2674 1232 2749 qui
1254 2670 1462 2733 confirmabit
1477 2671 1509 2732 et
1523 2669 1685 2731 concedet
1699 2666 1743 2746 (l)

950 2770 1110 2841 eumdem,
1127 2773 1161 2831 et
1174 2769 1215 2829 ab
1229 2785 1268 2829 eo
1280 2771 1377 2845 jnxta
1398 2768 1537 2827 formam
1554 2765 1745 2842 praedictam

950 2867 1087 2943 recipiet
1107 2869 1344 2944 juramentum.
1366 2867 1472 2936 Quum
1490 2864 1601 2924 autern
1622 2861 1743 2938 aliquis

951 2981 1065 3027 eorum
1085 2963 1183 3024 fuerit
1208 2964 1440 3039 corrigendus,
1463 2959 1745 3037 archipresbyter,

935 3064 984 3125 'et
1002 3062 1183 3138 capitulum
1198 3061 1366 3136 corrigent
1378 3075 1437 3136 per
1452 3058 1598 3135 seipsos
1608 3057 1662 3118 vel
1679 3055 1746 3116 sal-

951 3162 1016 3222 tem
1046 3159 1087 3220 ab
1123 3159 1278 3235 episcopo
1313 3157 1477 3233 requisiti,
1515 3153 1657 3232 quodsi
1684 3168 1754 3213 non-

952 3257 1091 3318 iecerint
1111 3256 1197 3316 inira
1213 3271 1370 3326 mensem,
1392 3270 1434 3315 ex
1448 3256 1527 3314 tunc
1542 3267 1602 3327 per
1618 3249 1749 3326 episco-

952 3369 1029 3430 pum
1042 3352 1237 3428 corrigetur,
1255 3352 1341 3413 etad
1358 3367 1433 3412 eum
1448 3347 1629 3426 pertinebit
1648 3345 1751 3407 desti-

952 3451 1057 3517 tutio,
1089 3449 1363 3526 quandocumque
1403 3446 1525 3523 aliquis
1551 3444 1759 3507 clericorum,

953 3547 1098 3608 fueritin
1113 3561 1214 3607 causa
1230 3544 1453 3606 destitutionis
1473 3542 1639 3603 inventus.
1669 3543 1753 3600 Pro-

954 3645 1061 3705 mittet
1084 3644 1183 3704 etiam
1217 3644 1454 3720 praesentatus,
1487 3639 1573 3718 quod
1606 3636 1755 3700 servabit

953 3741 1135 3802 sententias
1146 3738 1511 3809 excommunicationis,
1531 3738 1564 3798 et
1578 3733 1751 3796 interdicti

954 3838 1163 3914 abepiscopo
1182 3837 1407 3914 promulgatas
1422 3836 1557 3912 propter
1577 3835 1769 3893 contuma·.

955 3935 1040 3995 ciam
1069 3938 1141 4011 eJus
1172 3935 1261 3995 circa
1290 3933 1549 4001 correctionem,
1583 3930 1684 4006 prout
1709 3927 1751 3988 ad

955 4031 1155 4108 episcopum,
1169 4031 1348 4092 secundum
1365 4029 1450 4106 quod
1462 4026 1675 4104 praemissum
1688 4028 1751 4096 est,

955 4128 1108 4205 pertinet,
1125 4128 1177 4188 vel
1202 4128 1291 4188 circa
1314 4127 1392 4198 alia,
1415 4141 1487 4203 quae
1501 4125 1565 4200 ipsi
1592 4123 1754 4199 episcopo

957 4241 999 4286 ex
1027 4224 1089 4286 hac
1114 4225 1352 4301 compositione
1380 4222 1552 4289 debentur.
1583 4222 1756 4280 Praeterea

956 4321 1239 4398 archipresbyter,
1268 4323 1301 4382 et
1328 4319 1481 4381 canonici
1509 4333 1569 4395 pro
1601 4316 1757 4376 ecclesiis

957 4418 1168 4494 supradictis,
1190 4419 1222 4479 et
1241 4419 1317 4478 aliis
1342 4416 1483 4492 singulis
1508 4414 1608 4475 anuis
1631 4413 1761 4473 dabunt

959 4516 1116 4592 episcopo
1140 4516 1405 4591 procurationem
1426 4513 1460 4572 in
1485 4511 1638 4588 prandio,
1666 4511 1700 4570 et
1723 4509 1768 4569 in·

958 4630 1064 4684 coena,
1081 4615 1128 4674 ita
1151 4612 1235 4690 quod
1254 4612 1320 4689 ipsi
1344 4627 1410 4672 non
1433 4609 1694 4686 plusrecipient
1716 4605 1760 4668 ab

958 4711 1119 4782 ecclesiis,
1137 4726 1234 4787 quam
1256 4709 1444 4786 expendent
1464 4708 1499 4768 in
1521 4704 1761 4783 procuratione

959 4809 1022 4884 ipsi
1039 4808 1196 4885 episcopo
1212 4806 1444 4867 exhibendam.

1000 4905 1034 4966 si
1058 4921 1137 4965 vero
1162 4904 1298 4980 propter
1318 4901 1586 4979 procurationem
1617 4898 1762 4960 Romani

961 5001 1143 5071 Pontificis,
1159 5001 1212 5062 vel
1239 5004 1310 5076 ejus
1333 4998 1447 5074 legati,
1470 5012 1638 5074 expensas
1666 4995 1772 5055 lace--¹

961 5101 1035 5161 rent
1056 5098 1120 5175 ipsi
1144 5096 1307 5168 canonici,
1328 5097 1472 5158 satisfiat
1494 5093 1622 5154 eisdem
1643 5093 1685 5154 ab
1704 5109 1765 5153 ee·

962 5196 1075 5258 clesiis
1097 5195 1308 5272 supradictis.
1336 5192 1457 5255 Clerici
1476 5194 1594 5253 autem:
1611 5192 1773 5267 ipsarum-

962 5293 1189 5363 ecclesiarum,
1215 5291 1441 5353 dedicationes
1469 5288 1700 5357 ecclesiarum,
1730 5288 1775 5348 et·

963 5390 1229 5451 consecrationes
1245 5389 1413 5457 altarium,
1437 5386 1583 5457 ordines,
1600 5384 1765 5455 chrisma,

963 5487 1072 5548 oleum
1120 5488 1270 5547 sanctum
1317 5484 1480 5560 recipiant
1521 5481 1562 5544 ab
1604 5481 1766 5558 episcopo
