3774 6186
112 310 174 369 aba

115 483 174 544 per
189 467 251 528 hcc
259 466 493 528 committimus
502 467 591 528 vices
607 466 909 536 nostraairaterni·

114 565 175 626 tati
188 567 253 626 tuae
273 580 333 641 per
346 564 536 642 apostolica
557 564 680 640 scripta
701 564 907 636 mandantes,

115 666 279 740 quatenus
306 661 481 738 provideas
502 677 603 738 super
624 662 687 722 hoc
712 662 909 723 auctoritate

116 764 240 832 nostra,
252 764 350 836 prout
364 760 511 836 ejusdem
526 762 638 821 Terrae
649 762 778 821 Sanctae
792 760 910 819 mellus

115 857 416 934 viderisexpedire,
432 857 591 934 quidquid
603 872 702 934 super
713 857 775 918 hoc
791 855 909 917 leceris

116 955 212 1016 nobis
223 955 364 1015 fideliter
375 955 608 1030 rescripturus.
617 956 733 1015 Datum
741 954 908 1026 Laterani,

115 1051 226 1113 idibus
241 1049 442 1123 novembris,
455 1066 543 1111 anno
556 1051 681 1127 quintu.

453 1210 575 1298 XCIX

202 1339 254 1398 Ad
277 1339 495 1410 theutonem
514 1337 818 1410 archiepiscopum.

394 1449 442 1535 ‘ta
458 1462 523 1505 nov.
542 1448 620 1506 taso.

224 1556 372 1621 [Liljegren
383 1555 494 1606 Svenslrt
503 1554 579 1618 dipl..
594 1553 615 1610 l,
628 1553 684 1615 att,
697 1568 721 1603 n.
735 1552 802 1617 toan

183 1654 333 1712 soacensis
347 1653 500 1726 epiecopus
514 1652 579 1709 viva
593 1665 663 1709 voce
675 1665 844 1724 responsum

433 1741 595 1814 explicabit.

156 1850 828 1927 Honoriusepiscopus,servusservorum
839 1848 909 1920 Dei,

115 1949 304 2012 venerabili
325 1947 423 2009 tratri
447 1947 623 2023 Upsalensi
647 1946 909 2023 archiepiscopo,

117 2048 258 2108 salutem
274 2049 307 2108 et
320 2046 537 2123 apostolicam
552 2044 828 2106 benedictionem.

156 2140 910 2219 Auditispervenerabilemlratremnostrum..

119 2242 314 2300 scarensem
325 2238 516 2314 episcopum
532 2235 598 2297 tuis
614 2233 912 2295 consultationibus

118 2336 306 2412 diligenter,
320 2335 380 2397 tibi
405 2350 463 2411 per
484 2332 634 2393 eumdem
651 2332 747 2410 plene
757 2330 912 2391 duximus

121 2432 397 2511 respondendum,
412 2432 497 2492 sicut
512 2431 583 2506 ipse
599 2430 674 2490 viva
688 2445 770 2489 uoce
783 2428 843 2489 tibi
859 2445 914 2504 pc-

120 2532 196 2593 terit
216 2529 395 2607 explicare.
414 2531 532 2590 Datum
548 2528 714 2598 Laterani,
731 2525 838 2586 idibus
853 2543 914 2586 no-

122 2628 242 2700 vemb,
255 2644 342 2688 anno
353 2627 478 2704 quinto.

506 2750 533 2836 G

198 2888 380 2946 edomites
397 2898 496 2959 repca
516 2884 548 2943 ct
566 2884 753 2957 principe-S,
777 2882 840 2942 cic.

414 2998 447 3054 lb
462 3012 528 3054 nov.
546 2997 623 3054 tata.

200 3105 307 3170 [Butler.
326 3105 446 3163 Roman,
461 3103 500 3153 ed.
520 3104 606 3159 Taua,
624 3102 666 3160 lll,
681 3101 736 3158 att,
746 3116 771 3152 n.
785 3099 838 3164 ab]

123 3198 917 3271 Prohibetsuhccmminationeanathematisquomimus

229 3306 351 3365 regnum
363 3290 458 3348 Dacia
470 3288 616 3358 invadant,
627 3289 672 3346 tel
684 3287 806 3345 turbent.

161 3401 329 3463 Honorius
340 3401 526 3476 episcopus,
536 3412 832 3458 servusiservorum
842 3395 913 3466 Dei,

123 3499 309 3560 carissimis
329 3499 363 3558 in
380 3497 511 3557 Christo
525 3495 603 3556 liliis
619 3494 805 3556 illustribus
821 3492 915 3569 regi-

124 3597 238 3665 bus,et
247 3595 376 3657 dilectis
390 3595 468 3655 filiis
480 3592 696 3670 principibus,
705 3595 737 3653 et
751 3590 918 3651 universis

127 3696 184 3755 liei
197 3694 347 3754 fidelibus
362 3708 465 3768 regno
481 3693 591 3752 Daciae
607 3688 851 3766 circumpositis
867 3704 919 3749 ca·

125 3791 282 3852 tholicam
293 3787 503 3850 servantibus
514 3784 915 3855 unitatem,salutem,etc.

164 3889 293 3960 Quanto
308 3886 486 3964 specialius
509 3899 648 3959 regnum
673 3882 782 3943 Daciae
798 3882 840 3942 ad
856 3883 919 3942 Ec·

125 3987 237 4047 clesiae
273 3987 430 4046 Romanae
471 3982 618 4043 noscitur
650 3979 919 4057 jurisdictionem

127 4084 289 4158 spectare,
301 4082 395 4142 tanto
408 4079 448 4139 ad
462 4077 749 4139 conservationem
761 4079 833 4153 oJ'us
848 4091 921 4152 pro-

127 4178 275 4255 pensiori
303 4178 413 4239 studio
429 4175 596 4236 'debemus
625 4173 808 4236 intendere.
835 4172 919 4244 Quia

127 4292 193 4338 non
222 4276 387 4336 immerito
413 4273 516 4334 multa
545 4271 805 4348 reprehensione
827 4270 920 4345 digni

127 4374 270 4434 existere
285 4371 486 4442 videremur,
497 4371 525 4431 si
541 4370 626 4446 quod
641 4371 691 4430 est
707 4368 797 4445 juris
811 4367 919 4428 Eccle-

128 4472 187 4531 siae
207 4472 366 4531 Romanae
389 4472 578 4545 pateremur
597 4467 762 4536 imminui,
779 4465 831 4527 vel
845 4467 921 4526 tur·

128 4567 211 4629 bari.
230 4567 308 4628 Inde
329 4567 379 4627 est
391 4565 475 4641 quod
492 4564 534 4624 ad
546 4563 717 4640 exemplar
729 4562 836 4623 felicis
852 4578 922 4622 me·

130 4666 243 4726 moriae
265 4662 447 4724 Alexandri
470 4664 502 4723 et
525 4661 720 4731 innocentii,
743 4660 923 4737 praedeces·

130 4778 242 4824 sorum
268 4763 456 4822 nostrorum
473 4761 697 4820 Romanorum
712 4757 920 4826 Pontificum,

131 4860 224 4920 robis
240 4857 393 4918 omnibus
416 4855 476 4917 sub
499 4856 769 4917 interminatione
783 4853 924 4916 anathe-

131 4958 230 5019 matis
245 4957 370 5017 arctius
386 4953 586 5024 inhibemus,
602 4969 644 5014 ne
659 4953 733 5029 quis
747 4952 924 5028 prascrip-

130 5060 198 5116 tum
229 5068 368 5129 regnum
395 5051 555 5114 invadere
568 5050 622 5111 vel
640 5049 776 5111 turbare
791 5064 922 5125 praesu·

131 5155 208 5223 mat,
229 5153 289 5212 aut
302 5153 381 5228 jnra
396 5142 563 5210 carissimi
587 5147 646 5207 tilii
663 5147 769 5207 nostri
785 5146 924 5208 illustris

131 5252 298 5310 banorum
324 5247 424 5323 regis,
441 5247 492 5307 vel
516 5245 688 5307 haeredum
711 5260 848 5307 suorum
860 5244 926 5305 mi·

131 5362 233 5409 nuere
255 5345 387 5415 audeat,
399 5343 451 5407 rel
471 5342 535 5404 sihi
556 5341 801 5420 quomodolibet
821 5357 923 5403 usur-

132 5460 221 5520 pare.
248 5441 352 5519 siqui
374 5443 485 5503 autem
509 5440 607 5516 hujus
631 5442 753 5501 nostrae
776 5437 926 5516 prohibi-

131 5541 232 5603 tionis
247 5542 512 5613 transgressores
525 5537 707 5606 extiterint,
724 5536 927 5612 indignatio·

130 5656 206 5701 nem
233 5642 379 5699 nostram
400 5639 433 5697 et
448 5634 604 5697 Ecclesiae
625 5638 782 5697 Romanae
804 5650 840 5695 se
860 5649 925 5694 no-

749 301 977 368 EPISTOLAE.
1003 308 1078 367 LlB.
1104 310 1142 368 V.

1700 310 1782 387 stol

963 466 1073 527 verint
1097 467 1303 538 incursuros,
1322 471 1354 529 et
1375 469 1597 530 anathematis
1624 470 1758 532 vinculo

964 562 1139 624 feriendos.
1163 566 1283 626 Datum
1307 567 1565 637 Laterani,le
1595 567 1757 630 kalendas

964 659 1159 733 decembris,
1174 662 1384 737 pontificatus
1400 664 1505 725 nostri
1523 681 1612 726 anno
1627 666 1754 742 quinto.

1337 824 1386 910 ai

997 949 1049 1007 Ad
1063 950 1217 1009 abbatem
1231 949 1265 1008 ct
1279 949 1485 1010 cortorulum
1500 953 1533 1010 S.
1553 952 1721 1024 busiacus.

1255 1062 1288 1118 l7
1304 1076 1370 1119 nov.
1387 1062 1465 1119 tato.

1074 1166 1189 1231 [loannis
1203 1167 1358 1218 tabularium
1372 1167 1540 1232 spicilegium,
1551 1182 1577 1232 p.
1593 1168 1661 1232 lle]

1028 1265 1181 1322 Perochias
1194 1264 1380 1324 Sohernheim
1396 1274 1423 1323 et
1436 1267 1553 1325 osterna
1566 1267 1697 1325 coencbic

1140 1368 1294 1411 concessas
1308 1353 1402 1411 eidem
1420 1353 1581 1412 confirmat.

1004 1444 1363 1529 Honorius'episcopus,
1372 1468 1488 1514 servus
1501 1469 1673 1515 servorum
1685 1455 1756 1524 Dei,

965 1545 1095 1607 dilectis
1116 1547 1194 1607 filiis
1216 1546 1327 1610 abbati
1353 1552 1386 1610 et
1408 1549 1585 1610 conventui
1613 1551 1644 1609 S.
1661 1549 1760 1626 Dysi-

965 1643 1052 1715 bodi,
1061 1644 1200 1707 salutem
1214 1649 1248 1707 et
1257 1646 1473 1722 apostolicam
1482 1645 1758 1708 benedictionem.

1005 1743 1119 1802 Cuma
1143 1742 1240 1803 nobis
1268 1742 1391 1818 petitur
1411 1743 1496 1820 quod
1515 1745 1643 1820 justum
1662 1745 1713 1805 est
1726 1745 1761 1805 et

965 1837 1155 1909 honestum,
1173 1840 1219 1900 ita
1247 1842 1317 1900 tam
1340 1840 1435 1915 vigor
1459 1840 1637 1917 aequitatis,
1661 1856 1760 1918 quam

966 1935 1046 1997 ordo
1061 1937 1166 2012 exigit
1178 1938 1330 2008 rationis,
1341 1941 1377 1999 ut
1391 1937 1424 1998 id
1433 1937 1759 2015 persollicitudinem

966 2032 1068 2096 oidcii
1088 2036 1194 2096 nostri
1214 2035 1255 2096 ad
1277 2035 1423 2097 debitum
1441 2030 1641 2113 perducatur
1658 2035 1763 2097 effec-

966 2132 1046 2193 tum.
1072 2132 1189 2194 Oblata
1206 2133 1369 2210 siquidem
1393 2133 1487 2194 nobis
1511 2136 1622 2195 vestra
1646 2133 1762 2210 petitio

967 2230 1166 2301 continebat,
1194 2231 1281 2307 quod
1308 2247 1383 2292 cum
1411 2232 1557 2293 vestrum
1591 2232 1762 2293 monaste*

967 2328 1053 2387 rium
1065 2327 1149 2388 adeo
1159 2330 1247 2388 esset
1261 2327 1359 2388 rebus
1374 2328 1609 2404 temporalibus
1620 2329 1763 2390 destitu-
1873 2388 1875 2393 ,

967 2427 1047 2496 tum,
1063 2426 1100 2485 ut
1113 2424 1233 2500 religio
1247 2427 1280 2486 et
1295 2425 1443 2486 divinum
1459 2426 1606 2487 cilicium
1628 2426 1762 2502 penitus

967 2525 1139 2583 cessarent
1159 2522 1293 2593 ibidem,
1309 2522 1510 2585 venerabilis
1528 2523 1631 2584 irater
1645 2523 1760 2584 noster

968 2619 1152 2694 Moguntin.
1162 2620 1445 2697 archiepiscopus,
1460 2621 1523 2683 loci
1536 2620 1758 2692 dioecesanus,
1864 2692 1868 2697 .

968 2717 1155 2793 paupertati
1166 2718 1371 2794 compatiens
1380 2717 1573 2779 monasterii
1587 2718 1762 2780 memorati

968 2814 1009 2874 de
1041 2814 1258 2876 sobernheim
1282 2817 1316 2877 et
1340 2815 1381 2876 de
1406 2817 1562 2886 Ostama,
1588 2815 1762 2886 ecclesias,

969 2928 1108 2989 quarum
1128 2915 1183 2989 jus
1199 2914 1392 2989 patronatus
1410 2913 1450 2973 ad
1463 2916 1533 2990 jam
1553 2913 1678 2974 dictum
1692 2927 1764 2973 mo·

969 3010 1150 3071 naslerium
1173 3008 1368 3085 pertinebat,
1383 3009 1477 3072 robis
1497 3010 1537 3071 de
1550 3025 1690 3071 assensu
1706 3024 1765 3069 ca-

971 3105 1067 3183 pituli
1086 3105 1138 3166 sui
1161 3106 1197 3167 in
1213 3107 1365 3183 proprios
1381 3123 1460 3167 usus
1484 3107 1659 3179 concessit,
1678 3105 1766 3167 unde

970 3202 1067 3264 nobis
1090 3203 1262 3264 humiliter
1273 3203 1496 3280 supplicastis,
1512 3205 1547 3264 ut
1567 3203 1763 3265 concessio·

971 3315 1046 3362 nem
1070 3301 1177 3378 ipsam
1205 3301 1394 3378 Apostolico
1418 3301 1633 3376 dignaremur
1654 3299 1767 3361 muni-

971 3399 1059 3460 mine
1071 3397 1241 3460 roborare.
1251 3400 1320 3460 Nos
1330 3399 1433 3474 igitur
1444 3398 1563 3460 vestris
1572 3399 1674 3474 Justis
1689 3413 1765 3474 pos·
1838 3472 1842 3488 .

970 3496 1189 3559 tutationibus
1201 3496 1364 3567 inclinati,
1380 3497 1628 3557 concessionem
1640 3496 1767 3572 ipsam,

972 3593 1058 3655 sicut
1081 3595 1135 3671 pie
1156 3596 1189 3655 et
1201 3594 1337 3671 provide
1357 3594 1443 3655 lacta
1459 3597 1520 3665 est,
1535 3596 1567 3656 et
1587 3594 1621 3654 in
1640 3593 1766 3654 nullius

972 3692 1177 3767 dignoscitur
1196 3692 1426 3768 praejudicium
1452 3692 1657 3763 redundare,
1685 3706 1768 3752 auc·

972 3789 1104 3852 toritate
1114 3790 1303 3865 apostolica
1315 3790 1539 3850 confirmanus
1549 3792 1582 3850 et
1593 3788 1767 3864 praesentis

973 3887 1087 3962 scripti
1104 3887 1290 3963 patrocinio
1305 3887 1558 3947 communimus.
1575 3886 1668 3948 Nulli
1688 3900 1768 3961 ergo

974 3985 1109 4045 omnino
1148 3984 1319 4043 hominum
1354 3983 1455 4045 liceat
1493 3984 1580 4044 hanc
1614 3983 1769 4063 paginam

974 4080 1770 4155 nostraecontirmationisinfringereveleiausu

973 4180 1151 4242 temerario
1172 4179 1350 4240 contraire.
1368 4177 1493 4254 Siquis
1510 4180 1621 4238 autem
1637 4177 1700 4238 hoc
1715 4179 1769 4238 at·

974 4280 1102 4339 tentare
1122 4276 1380 4353 presumpserit,
1406 4275 1668 4351 indignationem
1695 4290 1769 4335 om·

976 4375 1155 4452 nipotentis
1178 4374 1237 4435 Dei
1264 4375 1297 4435 et
1323 4371 1497 4434 beatorum
1520 4372 1609 4435 Petri
1624 4373 1657 4433 et
1673 4371 1792 4465 Pauli!

975 4472 1199 4549 apostolorum
1223 4474 1306 4547 ejus,
1332 4486 1368 4531 se
1390 4470 1522 4532 noverit
1542 4470 1767 4531 incursurum.

976 4573 1093 4632 Datum
1123 4568 1290 4639 Laterani,
1307 4570 1365 4629 XV
1382 4568 1543 4630 kalendas
1572 4565 1769 4636 decembris,

977 4668 1187 4746 pontificatus
1200 4667 1306 4727 nostri
1321 4681 1409 4726 anno
1423 4666 1548 4742 quinto.

1340 4816 1409 4902 ali

1064 4946 1115 5003 Ad
1137 4942 1373 5002 eberhardum
1394 4942 1688 5013 archiepiscopum

1217 5040 1531 5113 scireburnensem.

1270 5142 1305 5199 2³
1317 5155 1382 5198 nott.
1396 5142 1475 5200 tata.

994 5243 1084 5306 [Feles.
1095 5240 1178 5292 Codex
1190 5238 1371 5304 diplomaticus
1381 5239 1525 5302 llunmriae,
1533 5244 1552 5288 t.
1563 5240 1606 5294 ill,
1619 5253 1637 5294 t,
1651 5253 1676 5302 p.
1689 5238 1758 5302 aba]

981 5343 1015 5399 Ut
1030 5347 1165 5397 moneant
1175 5338 1330 5410 hungariae
1343 5352 1453 5410 regern,
1466 5336 1502 5393 de
1520 5336 1639 5408 pecunia
1650 5335 1774 5393 etrebus

1015 5431 1078 5487 aliis
1093 5429 1233 5502 pretiosis,
1245 5428 1417 5500 imperatrici
1428 5426 1599 5484 Constantia
1611 5424 1771 5482 satisfactu-

1015 5535 1078 5576 rum
1096 5533 1169 5576 esse.

1020 5628 1186 5690 Honorius
1201 5626 1387 5702 episcopus,
1401 5638 1516 5684 servus
1528 5637 1699 5684 serrorum
1716 5624 1774 5684 Dei
