3774 6186
101 331 164 391 lit»

99 492 137 550 et
157 488 322 551 sacerdoti
342 487 455 550 licebit
471 488 520 549 illi
536 488 764 566 poenitentiam
784 489 900 564 injun-

98 604 195 660 gere,
222 586 274 647 bis
298 587 442 664 peccatis
464 584 819 663 33333113133311333
843 603 900 646 se-

97 685 248 746 cundum
261 686 383 746 3131313
398 685 502 745 vestri
517 685 643 745 ordinis
658 685 791 745 nonnisi
806 684 896 745 solus

100 784 198 858 prior
228 784 336 859 potest
369 783 598 859 poenitentiam
634 783 825 858 injungere,
859 781 900 842 de

99 880 226 957 quibus
244 882 369 952 133333,
397 881 427 940 31
456 880 631 941 manifesta
665 896 730 940 non
760 879 897 950 fuerint,

100 978 308 1053 presbytero,
333 978 389 1054 331
406 994 517 1039 secum
543 977 578 1037 in
594 977 679 1038 cella
703 975 898 1047 morabitur,

99 1075 219 1137 licebit
251 1076 427 1152 injungere
457 1076 687 1153 poenitentiam
716 1075 898 1136 confitenti.

100 1175 185 1234 11333
207 1175 318 1234 autem
344 1174 496 1233 volumus
523 1173 651 1234 illibata
677 1173 807 1233 servari
834 1188 900 1233 333

99 1268 257 1331 obstante
271 1270 490 1330 conventione
505 1269 661 1346 illaque
675 1269 709 1330 in
723 1270 900 1345 praesentia

99 1367 296 1428 3333133131
322 1367 356 1427 13
380 1368 510 1428 Christo
535 1368 596 1428 11111
621 1368 726 1429 nostri
754 1367 900 1443 Philippi

102 1465 196 1539 regis
211 1467 414 1526 Francorum
429 1465 581 1536 illustris,
599 1465 632 1526 et
645 1465 806 1527 baronum
822 1481 901 1526 suo-

100 1578 179 1623 rum
205 1563 293 1622 inter
319 1562 477 1638 quosdam
499 1563 639 1623 clericos
667 1564 701 1624 et
722 1578 901 1624 conversos

103 1660 208 1720 vestri
228 1659 362 1720 Ordinis
380 1660 467 1720 lacta
492 1658 564 1731 fuit,
581 1676 682 1736 quum
706 1676 746 1720 ea
769 1660 901 1721 statutis

101 1757 305 1834 1133313Ιί333
333 1757 428 1817 Sedis
453 1757 488 1816 in
518 1757 667 1834 pluribus
693 1758 898 1827 adversetur,

102 1858 137 1917 el
163 1854 237 1916 ideo
268 1871 342 1915 eam
368 1854 457 1915 vires
487 1854 596 1915 nullas
625 1855 778 1916 volumus
812 1854 900 1916 obti-

102 1968 196 2014 3333.

143 2052 266 2110 Curam
291 2065 370 2111 vero
384 2050 614 2127 temporalium
636 2050 729 2127 prior
744 2050 801 2111 331
820 2066 902 2112 333-

103 2162 290 2219 versorum,
315 2162 411 2224 quem
436 2148 680 2220 discretionem,
709 2150 741 2210 31
768 2149 808 2209 31
838 2148 900 2210 1133

102 2244 211 2320 magis
234 2244 390 2306 idoneum
408 2245 539 2316 viderit,
567 2246 602 2305 in
617 2244 765 2322 qualibet
785 2244 901 2307 domo·

101 2357 176 2403 rum
188 2342 658 2420 exteriorumcommittat,qui
672 2343 900 2420 eleemosynas

101 2439 136 2501 et
150 2439 221 2501 alia
237 2439 322 2500 bona
338 2440 455 2500 donnus
477 2440 627 2516 recipiat,
653 2440 686 2502 et
711 2456 750 2501 33
773 2441 808 2500 13
828 2441 900 2517 3133

102 2552 195 2606 usus,
210 2553 250 2599 ac
262 2538 493 2598 necessitatem
507 2537 624 2598 domus
638 2538 775 2614 provida
788 2539 901 2599 consi·

102 2634 277 2696 deratione
298 2638 479 2706 convertat,
498 2635 560 2696 hoc
574 2634 723 2697 adhibito
742 2635 899 2697 modera-

101 2733 204 2803 mine,
222 2735 259 2792 ut
279 2732 431 2793 curiosus
451 2733 522 2809 ipse
544 2735 671 2807 majora
694 2733 827 2809 negotia
847 2735 901 2794 ut-

101 2831 179 2907 pote
194 2829 443 2901 aeditlcationes,
460 2830 680 2895 venditiones,
703 2832 897 2907 emptiones,

99 2927 336 3003 obligationes,
352 2943 392 2989 33
411 2927 594 2990 debitorum
610 2928 792 2989 solutiones
808 2942 898 2989 nuu-

99 3041 202 3103 quam
217 3025 407 3086 1331313133
422 3025 620 3086 correctoris
635 3025 777 3086 consilio
791 3027 825 3086 et
839 3040 897 3086 33-

100 3138 217 3185 sensu.
242 3125 329 3183 ldem
344 3137 474 3199 333333
489 3122 641 3183 33313333
657 3122 697 3183 13
713 3123 898 3185 commissis

99 3220 167 3281 sibi
183 3220 285 3288 curis,
302 3222 336 3282 et
350 3220 491 3297 receptis
506 3220 660 3281 ominbus
675 3236 714 3281 33
729 3221 897 3297 expensis,

101 3318 223 3379 reddat
243 3317 284 3378 31
309 3318 419 3377 minus
441 3317 582 3393 singulis
603 3318 772 3379 mensibus
794 3319 900 3381 ratio-

103 3431 182 3477 nem
207 3415 361 3476 omuibus
383 3414 541 3477 fratribus
562 3415 597 3476 13
617 3417 783 3477 communi
802 3416 854 3479 vel
870 3417 898 3476 si

101 3513 343 3590 requisiverint
379 3529 495 3575 omnes
533 3514 703 3575 commode
735 3513 898 3575 interesse

101 3610 385 3688 prudentioribus,
410 3627 492 3687 qnos
517 3615 685 3673 corrector
699 3614 732 3673 et
746 3612 898 3672 33313333

100 3709 263 3770 duxerint
280 3709 500 3780 advocandos,
519 3708 707 3769 redditurus
722 3709 897 3769 nibilomi-

100 3822 167 3868 uus
191 3806 355 3867 rationem
380 3806 496 3882 priori,
519 3822 593 3867 cum
618 3807 735 3866 audire
757 3807 900 3867 voluerit

99 3906 135 3965 et
148 3904 211 3973 eis,
229 3903 347 3981 quibus
362 3903 449 3964 idem
472 3905 564 3980 prior
581 3904 616 3964 iu
632 3904 694 3964 boc
709 3904 800 3964 vices
820 3920 899 3964 suas

99 4002 237 4063 duxerit
256 4001 519 4062 committendas.
545 4000 665 4062 Clerici
681 4017 740 4077 per
753 4016 898 4062 conver·

99 4116 159 4160 sos
171 4099 378 4160 mansionem
392 4115 459 4159 non
475 4098 659 4166 mutabunt,
672 4099 772 4160 immo
784 4114 898 4159 eorum

99 4196 242 4258 mutatio
259 4195 299 4256 de
311 4196 381 4257 sola
393 4196 450 4257 liet
462 4196 630 4257 voluntate
642 4197 774 4272 prioris,
787 4195 900 4258 licebit

97 4296 213 4354 tamen
222 4307 385 4354 converso
398 4292 531 4354 curioso
541 4309 700 4354 excessus
715 4293 829 4354 clerici
843 4294 898 4370 qui

99 4388 340 4459 secum,debet
368 4389 529 4450 nunciare
549 4389 664 4466 priori,
690 4392 722 4451 et
745 4390 900 4451 similiter

99 4485 216 4548 licebit
260 4486 383 4546 clerico
424 4502 582 4548 excessus
620 4487 697 4547 laici
738 4488 899 4548 nunciare

99 4584 218 4660 priori,
234 4585 271 4645 ut
282 4583 367 4660 3331
381 4585 473 4660 33133
485 4585 695 4644 mandaverit
709 4585 896 4660 impleatur.

98 4680 150 4743 Ad
168 4681 405 4758 amputandum
421 4697 551 4759 333333
575 4682 705 4758 plenius
725 4682 897 4742 andaciam

97 4778 300 4849 excedendi,
320 4779 495 4839 statuimus
519 4780 553 4839 31
575 4779 768 4856 presbyteri,
786 4780 898 4856 quide

98 4876 260 4937 ruarrdato
276 4876 397 4952 prioris
420 4876 454 4936 in
475 4876 626 4937 dontibus
648 4877 688 4937 de
703 4876 839 4937 Vicenis
858 4877 898 4938 de

98 4977 208 5036 Bosco
233 4973 346 5045 Raerii,
371 4976 405 5034 et
431 4975 472 5034 de
499 4974 603 5035 Podio
628 4974 779 5050 caprarii
804 4973 898 5035 cellis

97 5071 205 5132 vestri
218 5070 352 5132 Ordinis
367 5088 427 5147 333
441 5073 589 5148 tempora
604 5071 804 5133 correctoris
818 5072 897 5133 offl-

99 5169 191 5230 cium
220 5167 429 5239 obtinebunt,
457 5169 525 5230 sint
549 5170 738 5231 visitatores
760 5169 899 5230 Grandi-

99 5265 285 5329 montensis
303 5266 454 5328 ecclesie
474 5267 653 5343 speciales,
680 5267 770 5344 iique
795 5267 897 5328 semel

99 5365 136 5426 13
151 5377 241 5424 3333
254 5363 390 5425 visitent
409 5364 515 5439 ipsam
535 5364 668 5425 domum
682 5368 716 5426 et
729 5365 898 5441 corrigant

99 5463 192 5524 1333
204 5465 273 5522 tam
290 5461 445 5538 13333113
467 5478 565 5539 qnam
582 5463 617 5523 in
632 5462 800 5534 membris,
824 5478 897 5540 quae

99 5558 300 5635 corrigenda
320 5559 511 5621 invenerint
532 5559 712 5622 secundum
735 5562 848 5632 Deum,
865 5563 898 5623 et

99 5657 413 5721 Grandimontensie
438 5657 570 5721 0311313
594 5656 757 5730 133111313,
781 5661 898 5720 3133-

714 328 1044 393 aristotelios.
1069 330 1125 389 ΙΙΙ.

1695 329 1752 391 llo

954 487 1048 548 diant
1069 488 1110 549 de
1132 488 1276 566 receptis
1296 490 1329 551 et
1344 490 1500 565 expensis
1523 487 1674 551 omnibus
1695 504 1753 550 33-

954 586 1090 658 tionem,
1107 588 1140 647 et
1162 586 1355 647 eorumdem
1375 588 1585 649 visitatorum
1611 588 1752 650 consilio

955 684 1127 752 annuatim
1142 683 1243 761 prior,
1265 685 1351 746 sicut
1374 686 1478 746 moris
1503 687 1563 758 331,
1586 687 1621 746 13
1646 701 1752 762 gene-

955 781 1017 842 rali
1033 782 1190 858 capitulo,
1203 782 1376 858 provideat
1390 783 1599 860 presbyteros
1613 784 1751 845 idoneos

955 878 988 939 et
1001 878 1163 940 discretos
1186 880 1228 939 ad
1244 878 1467 941 visitationem
1490 881 1593 942 semel
1610 882 1643 940 in
1661 896 1750 942 3333

955 992 1015 1053 333
1033 980 1137 1037 totum
1153 977 1303 1037 ordinem
1324 979 1526 1053 generaliter
1550 979 1748 1051 faciendam,

955 1074 1011 1149 331
1035 1073 1105 1134 bini
1126 1077 1160 1135 et
1183 1074 1264 1141 bini,
1288 1090 1353 1135 333
1380 1090 1541 1136 converso
1563 1080 1748 1152 assumpto,

956 1187 1069 1232 omnes
1084 1171 1188 1232 cellas
1207 1172 1340 1233 Ordinis
1362 1188 1436 1233 cum
1458 1174 1550 1234 tanta
1577 1175 1748 1250 potestate.

955 1270 1112 1343 quantam
1139 1269 1188 1329 313
1215 1270 1307 1345 33133
1329 1273 1549 1345 33333333311;
1575 1271 1750 1332 visitantes

956 1365 1126 1441 corrigant
1137 1369 1170 1426 31
1182 1367 1373 1437 reforment,
1391 1369 1447 1444 qui
1463 1369 1642 1428 secundum
1657 1384 1753 1443 regn·

957 1462 1021 1521 lam
1056 1465 1090 1523 et
1123 1463 1275 1525 instituta
1305 1464 1448 1535 ordinis,
1484 1480 1523 1525 ac
1551 1465 1751 1541 3333131133

957 1559 1052 1618 Sedis
1070 1560 1192 1620 3131313
1215 1561 1433 1621 correctionis
1457 1563 1490 1621 et
1504 1559 1751 1623 reformationis

956 1656 1067 1716 3111313
1084 1657 1226 1719 31133131
1242 1657 1402 1734 indigere.
1426 1660 1554 1719 Statnta
1578 1673 1658 1719 vero
1677 1674 1751 1734 quai

957 1757 1036 1816 fient
1054 1754 1088 1815 in
1112 1756 1264 1829 generali
1286 1756 1430 1831 capitulo
1452 1756 1493 1816 ab
1512 1756 1664 1817 omuibus
1684 1755 1750 1817 ol-

956 1855 1132 1914 serventur
1147 1853 1292 1928 proviso,
1311 1854 1346 1914 ut
1366 1853 1456 1914 nulla
1475 1854 1557 1915 liant
1577 1856 1752 1916 33313313

957 1966 1071 2010 norem
1088 1951 1261 2026 3333333113
1277 1951 1454 2027 privilegii,
1470 1967 1531 2012 nec
1544 1952 1669 2027 regulae
1679 1952 1752 2011 ius-

956 2049 1069 2120 tituta;
1103 2053 1310 2110 correctores
1335 2050 1368 2109 et
1392 2048 1515 2109 3331331
1544 2049 1752 2125 singularum

956 2146 1116 2206 cellarum
1139 2146 1309 2206 annuatim
1335 2147 1590 2207 convenientia
1612 2148 1750 2207 Grandi·

956 2245 1066 2303 133313
1078 2243 1119 2303 31
1131 2244 1311 2319 capitulum
1322 2245 1489 2320 generale.
1501 2244 1750 2321 appellationes

955 2343 1151 2416 saltemque
1169 2340 1293 2402 1333131
1307 2342 1422 2402 333133
1436 2343 1559 2403 3131313
1581 2342 1749 2418 regularia

956 2438 1149 2514 interjectae,
1167 2439 1377 2515 praecipimus
1394 2454 1459 2500 333
1474 2438 1621 2512 admitti,
1639 2438 1750 2500 domui

954 2550 1034 2596 vero
1049 2534 1351 2607 Grandimonteusi,
1365 2552 1438 2613 quae
1453 2537 1550 2612 33331
1559 2538 1610 2598 est
1623 2537 1751 2597 ordinis

955 2633 996 2692 ad
1011 2631 1186 2694 arbitrium
1202 2634 1335 2710 prioris,
1355 2636 1387 2695 et
1402 2634 1501 2696 trium
1517 2634 1750 2711 principalium

954 2729 1164 2792 visitatorum
1197 2731 1410 2807 provideatur
1441 2732 1553 2793 taliter
1582 2731 1624 2792 de
1655 2731 1751 2793 bonis

955 2827 1132 2888 mobilibus
1162 2827 1306 2888 aliarum
1334 2828 1522 2899 domorum,
1561 2830 1599 2890 ut
1630 2829 1750 2890 fratres
1791 2904 1795 2914 ‚

954 2925 997 2986 13
1007 2926 1084 2986 31113
1102 2925 1254 2986 domibus
1268 2925 1450 2998 venientes,
1465 2927 1545 2989 alibi
1561 2928 1750 2989 3333333313

954 3038 1106 3099 quaerere
1123 3039 1190 3083 uon
1211 3024 1383 3098 cogantur.
1402 3026 1505 3085 Domo
1520 3040 1599 3086 vero
1615 3024 1751 3086 Grandi·

955 3121 1118 3182 montensi
1140 3120 1298 3181 destituta
1324 3120 1446 3198 priore,
1461 3137 1576 3182 omnes
1592 3124 1659 3183 tam
1682 3122 1752 3183 cle-

954 3218 1015 3278 rici
1031 3234 1131 3294 qnam
1147 3218 1225 3279 laici
1240 3218 1341 3280 totius
1356 3218 1485 3278 ordinis
1507 3219 1674 3295 praedictis
1688 3219 1752 3281 131-

953 3315 1015 3376 bus
1046 3315 1274 3377 visitatoribus
1306 3316 1411 3392 133133
1437 3316 1553 3376 domus
1580 3317 1751 3377 humiliter

955 3412 1113 3474 obediant
1136 3415 1168 3474 et
1187 3412 1371 3484 intendant,
1401 3414 1505 3474 donec
1529 3412 1615 3474 alius
1637 3429 1752 3473 secun·

954 3509 1031 3571 dum
1050 3510 1201 3586 regulam
1222 3511 1315 3571 Bulla
1337 3514 1450 3571 nostra
1471 3511 1631 3572 munitam
1648 3510 1750 3572 133311

954 3607 1162 3668 substitutus
1201 3609 1309 3685 Hique
1338 3608 1472 3670 interim
1504 3624 1619 3670 curam
1644 3608 1750 3685 ipsius

954 3704 1071 3766 domus
1085 3706 1118 3766 et
1132 3705 1232 3766 totius
1247 3706 1375 3767 ordinis
1390 3706 1461 3767 vice
1476 3706 1599 3782 prioris
1613 3707 1661 3767 ita
1678 3721 1752 3783 pru·

954 3802 1070 3864 deuter
1088 3803 1121 3864 et
1135 3802 1278 3864 11311133
1296 3805 1425 3878 gerant,
1440 3805 1477 3864 ut
1492 3803 1625 3878 dignam
1645 3804 1752 3865 33113-

954 3916 1029 3960 nem
1047 3900 1185 3960 3311333
1205 3901 1332 3978 3333131
1346 3902 1425 3971 Deo,
1447 3904 1480 3961 et
1498 3902 1599 3962 etiam
1621 3901 1748 3963 substi-

954 3998 1024 4058 tuto
1039 3998 1143 4074 priori
1157 3999 1185 4057 si
1198 3997 1332 4058 duxerit
1342 3997 1550 4071 exigendam,
1562 4014 1628 4059 333
1639 4000 1749 4059 133333

954 4096 1147 4171 potestatem
1178 4095 1325 4172 aliquam
1355 4095 1498 4156 babeant
1530 4096 1675 4172 aliquem
1709 4096 1749 4157 de

956 4191 1113 4252 fratribus
1142 4208 1161 4252 a
1193 4193 1276 4254 locis
1302 4193 1372 4252 suis
1404 4192 1536 4253 interim
1562 4194 1748 4254 amovendi.
1817 4244 1820 4251 .

955 4292 1043 4350 Sane
1058 4289 1104 4361 ni,
1119 4290 1176 4367 qui
1189 4291 1305 4353 relicto
1319 4291 1441 4352 3333313
1456 4290 1497 4351 31
1512 4292 1663 4353 ordinem
1680 4308 1752 4353 ves·

954 4391 1041 4449 trum
1064 4386 1275 4464 confugerint
1297 4389 1413 4465 priori,
1437 4389 1493 4465 qui
1519 4405 1578 4466 pro
1602 4392 1752 4466 tempore

954 4485 1055 4547 fuerit
1075 4488 1108 4547 et
1127 4486 1375 4547 successoribus
1398 4490 1470 4563 ejus
1485 4487 1674 4559 catholicis,
1697 4487 1750 4549 vel

954 4584 983 4643 si
1004 4584 1097 4660 prior
1119 4599 1185 4644 non
1208 4583 1319 4655 133311,
1346 4583 1447 4646 131331
1471 4584 1594 4660 3313313
1617 4583 1751 4645 nomine

954 4681 1051 4742 dictis
1077 4681 1306 4743 visitatoribus
1332 4681 1567 4754 obedientiam,
1594 4683 1629 4743 et
1654 4697 1752 4742 reve·

953 4779 1094 4840 rentiam
1109 4779 1260 4841 absolute
1273 4779 1477 4856 promittant.

993 4877 1107 4938 Liceat
1132 4893 1262 4954 quoque
1286 4876 1379 4937 vobis
1408 4876 1548 4937 clericos
1573 4876 1749 4948 31131333,

955 4972 1076 5034 liberos
1097 4975 1130 5035 et
1159 4973 1329 5035 absolutos
1351 4973 1392 5033 de
1413 4974 1536 5034 saeculo
1565 4974 1748 5050 fugientes,

952 5070 1129 5132 dummodo
1147 5074 1243 5147 juxta
1269 5072 1389 5132 3131313
1420 5071 1544 5147 regulas
1559 5075 1680 5133 vestrae
1694 5072 1750 5132 vi·

952 5169 1115 5243 gesimam
1131 5183 1254 5229 annum
1269 5169 1440 5244 attigerint
1450 5169 1752 5230 adconversionem

953 5268 1112 5342 recipere,
1125 5270 1220 5328 eteos
1231 5265 1355 5343 absque
1365 5267 1627 5328 contradictione
1637 5267 1750 5343 aliqua

952 5366 1108 5426 retinere.
1127 5363 1344 5425 probibemus
1359 5365 1508 5441 insuper,
1531 5367 1566 5424 ut
1586 5364 1752 5426 nullifra-

952 5465 1038 5524 trum
1054 5466 1238 5524 vestrorum
1256 5467 1328 5539 3331
1351 5462 1472 5523 factam
1488 5462 1523 5521 in
1547 5462 1661 5522 eodem
1676 5462 1749 5525 1333

952 5561 1203 5637 professionem,
1232 5559 1336 5621 133311
1356 5559 1480 5636 absque
1495 5559 1617 5635 prioris
1633 5561 1683 5620 sui
1707 5561 1750 5621 li-

951 5658 1058 5721 centia
1072 5657 1233 5720 13331313
1251 5656 1512 5718 1333113331333.
1523 5656 1749 5720 Discedentern
