3774 6186
114 283 175 343 243
735 281 911 343 HONORII
933 283 978 342 ill
1000 282 1148 344 OPERA.
1697 286 1741 347 itt

116 459 177 505 nos
205 446 323 508 merito
339 446 429 508 totus
457 445 621 518 mundus,
648 447 681 508 et
712 445 823 508 dicere
848 460 909 507 nos
964 458 1165 518 compescas,
1176 459 1215 506 ac
1227 443 1316 506 inter
1331 446 1451 506 caetera
1466 443 1594 505 eisdem
1605 459 1739 520 expresse

11 542 23 552 ”
117 543 395 605 exhaeredationis
418 544 523 620 ipsius
545 543 672 621 pupilli,
690 560 785 621 quem
805 557 911 620 nuper
964 539 1154 609 denuncias,
1174 540 1259 618 quad
1280 540 1429 618 praedicti
1444 542 1533 616 regis
1554 542 1736 616 gravamina,

116 642 207 703 tanto
223 642 342 714 studio,
357 644 513 719 tantaque
529 641 642 703 labore
657 643 697 702 de
707 643 754 704 tot
766 641 909 703 attentis
964 638 1148 714 praesertim
1176 655 1249 714 quae
1266 639 1439 699 occasione
1460 639 1577 700 nostra
1592 639 1735 703 incurrere

118 739 280 813 angustiis
311 739 538 808 liberavimus,
570 754 705 800 causam
737 738 910 799 manifeste
964 734 1166 806 viderentur,
1179 750 1244 795 non
1259 735 1499 797 sustineremus
1515 734 1734 806 ullatenus,sed

115 836 256 898 dedisse.
273 838 342 900 Nec
357 837 446 897 euim
470 837 541 914 ipse
560 837 749 898 Ludovicus
765 836 827 896 hoc
846 835 911 896 iter
964 848 1024 908 pro
1048 830 1238 893 defensione
1264 832 1380 910 ipsius,
1415 832 1501 894 sicut
1525 848 1587 910 pro
1614 834 1733 896 Ecclesia

116 934 226 996 iuerat
251 950 479 1010 aggressurus,
505 934 571 995 nisi
594 936 662 996 tam
695 935 788 1011 pater
816 936 907 1010 ejus,
966 932 1130 1001 Romana,
1155 930 1289 1007 proprio
1304 932 1337 992 et
1361 929 1499 1007 speciali
1518 931 1651 1006 negotio
1669 929 1734 993 iace·

116 1048 215 1109 quam
239 1031 321 1107 ipse,
338 1030 378 1091 ad
406 1031 438 1091 id
459 1032 546 1092 esset
572 1030 724 1107 precibus
748 1032 780 1091 et
799 1029 912 1090 indul·
966 1043 1076 1087 remus
1089 1024 1149 1105 (2).

115 1129 238 1204 gentiis
252 1129 375 1190 nostris
391 1144 429 1190 aa
442 1128 608 1215 predictae
628 1128 841 1189 concessione
854 1127 909 1187 vi·
1258 1133 1465 1220 CCXXXH

116 1227 249 1288 cesimae
275 1226 442 1295 incitatus,
460 1224 589 1302 quando
615 1225 714 1285 immo
737 1224 836 1286 etiam
863 1225 911 1284 sic
1004 1259 1057 1317 Aa
1092 1259 1307 1319 willelmum
1336 1260 1394 1318 m
1419 1259 1704 1334 Eum-mmm

116 1323 198 1382 illud
226 1322 317 1382 vadit
347 1322 481 1393 invitus,
510 1322 595 1382 sicut
617 1322 768 1382 novimus
797 1319 910 1381 mani·
1198 1372 1201 1379 .
1256 1359 1463 1429 episcopum·

116 1419 199 1481 leste
216 1418 274 1497 (1).
294 1419 387 1480 Unde
414 1419 527 1480 multis
546 1419 669 1496 pulsati
695 1418 859 1495 precibus,
877 1421 912 1480 ut
1222 1461 1320 1516 Mense
1333 1460 1408 1516 meio
1424 1457 1492 1516 42¹9

117 1533 176 1593 per
186 1517 314 1578 litteras
330 1518 460 1577 nostras
476 1516 700 1576 inhiberemus
720 1517 837 1584 eidem,
869 1533 910 1575 ne
1076 1555 1213 1619 [bouquet.
1225 1556 1283 1606 nec.
1295 1555 1339 1605 aas
1351 1500 1568 1613 nstor.,t.ar1x,
1584 1553 1653 1618 Μ]

116 1614 196 1674 dicti
221 1613 325 1690 pupili
342 1615 465 1674 terram
481 1613 639 1674 invadere
666 1615 853 1684 attentaret,
878 1614 910 1674 id
966 1655 1060 1713 Famis
1074 1668 1150 1710 anno
1171 1655 1239 1711 itii
1261 1654 1632 1726 inoef103„„0m‚qngrtae
1647 1667 1798 1725 regem„

116 1709 227 1772 iacere
251 1710 342 1771 nullo
361 1711 457 1773 modo
472 1710 649 1782 valuimus,
666 1726 732 1771 non
747 1711 825 1786 quia
848 1726 910 1771 ve-

116 1808 216 1869 limus
241 1810 365 1870 terram
393 1808 499 1884 ipsam
525 1808 649 1880 invadi,
677 1809 734 1868 sed
763 1824 805 1870 ne
825 1809 910 1869 idern

116 1905 303 1967 Ludovicus
324 1921 366 1966 ex
380 1905 578 1966 inhibitione
598 1905 787 1983 hujusmodi
809 1922 910 1967 occa-

117 2003 246 2064 sionem
261 2004 444 2063 assumeret
459 2003 640 2063 remeandi.

157 2099 324 2160 Habentes
335 2101 445 2160 autem
459 2100 587 2177 plenam
610 2098 776 2168 fiduciam,
793 2100 910 2176 quoda

117 2197 181 2259 viis
197 2195 329 2270 nostris,
357 2198 528 2275 postquam
544 2199 576 2258 te
591 2197 666 2257 illas
690 2197 876 2259 commanet
896 2231 912 2242 -

118 2295 272 2367 cerimus,
300 2311 365 2355 non
378 2295 523 2364 recedes,
541 2295 601 2355 tibi
616 2296 812 2356 auctoritate
825 2312 912 2372 prae-

1001 1751 1029 1800 et
1046 1744 1207 1816 Philippum
1223 1757 1333 1815 regem,
1349 1742 1479 1808 induciis,
1502 1756 1569 1799 cum
1585 1741 1798 1814 Reginatdaae

1001 1832 1036 1889 de
1072 1835 1162 1890 Ponte
1187 1840 1312 1888 castrum
1338 1830 1374 1888 de
1407 1831 1522 1904 blerpiis
1550 1829 1715 1888 fiducialiter
1735 1834 1798 1886 at

999 1923 1111 1979 toanae
1123 1919 1339 1978 custodiendum
1355 1920 1523 1992 accepisset,
1534 1934 1590 1976 aec
1600 1918 1669 1976 illud
1680 1921 1750 1976 ileu·
1761 1940 1798 1956 -

1001 2011 1059 2065 rico
1076 2012 1149 2082 regi,
1169 2009 1287 2067 ioannis
1302 2008 1371 2076 idio,
1390 2007 1508 2065 reddere
1528 2008 1625 2075 vellet,
1646 2007 1798 2063 mandat:

1002 2098 1154 2166 Honorius,
1165 2106 1195 2155 ut
1203 2097 1364 2154 detinentes
1374 2103 1498 2154 castrum
1511 2104 1539 2153 et
1550 2095 1667 2154 obsides
1674 2096 1797 2153 eccle-

1001 2187 1124 2244 siasticae
1138 2201 1267 2244 censurae
1281 2185 1474 2258 subjiciantur.

1006 2295 1173 2356 Honorius
1196 2294 1420 2370 episcopus...
1451 2291 1641 2354 venerabili
1666 2289 1798 2352 iratrii

117 2393 260 2453 sentiam
281 2392 487 2453 declaramus
507 2409 712 2454 communem
737 2409 811 2453 esse
829 2410 911 2453 nos·
966 2392 1120 2468 episcopo
1134 2390 1386 2466 Engolismensi,
1402 2391 1436 2452 ei
1452 2389 1582 2451 dilectis
1604 2388 1683 2449 filiis
1698 2387 1798 2449 ah-

116 2489 202 2551 iram
229 2491 262 2551 et
291 2489 428 2551 fratrum
456 2491 645 2550 nostrorum
674 2491 820 2550 omnium
849 2506 912 2550 vo·
965 2489 1033 2551 bati
1049 2489 1089 2548 de
1113 2488 1280 2558 Nantolio‚
1311 2487 1517 2548 Pictavensis
1541 2487 1708 2557 diaecesis,
1728 2486 1798 2548 a!

116 2586 294 2657 luntatem,
321 2588 357 2647 ut
378 2589 455 2664 jura
486 2586 635 2663 praedicti
661 2587 750 2661 regis
777 2588 911 2647 omnino
966 2585 1354 2661 decauoBurdegalensi,
1372 2584 1522 2645 salutem.

117 2685 331 2744 reserventur
344 2683 461 2753 illaesa,
473 2687 505 2744 et
516 2682 649 2744 utnulla
666 2699 683 2742 e
695 2685 795 2743 terris
807 2684 912 2758 ipsius
1007 2683 1135 2753 Quanto
1147 2681 1304 2743 libentius
1318 2680 1477 2742 hactenns
1491 2679 1679 2740 venerabili
1694 2679 1780 2740 lra-

117 2781 293 2842 occasione
317 2778 505 2856 hujusmodi
520 2780 559 2839 ad
576 2780 714 2840 alterius
729 2781 911 2841 dominium
965 2780 1009 2841 tri
1023 2782 1135 2840 nostro
1157 2779 1311 2854 episcopo
1327 2777 1550 2839 (leomanensi
1565 2776 1628 2856 (3),
1645 2776 1765 2838 detuli·

114 2867 347 2937 transferatur.
366 2876 468 2946 Unde,
491 2877 520 2937 si
539 2876 624 2938 torte
648 2876 780 2937 illarum
800 2878 910 2954 aliqua
966 2893 1038 2936 mus
1050 2878 1082 2937 et
1092 2875 1429 2938 deierreintendimus
1440 2876 1480 2936 de
1489 2875 1601 2950 gratia
1612 2874 1759 2952 speciali,

118 2973 167 3034 sic
181 2973 245 3034 erit
260 2973 334 3034 labe
349 2973 514 3034 haereticae
535 2974 706 3050 pravitatis
723 2973 855 3042 insecta,
877 2976 913 3036 ut
965 2975 1056 3036 tanto
1067 2973 1107 3034 ab
1120 2973 1409 3034 hisseaccuratius
1419 2972 1754 3042 convenitabstinere,

117 3071 182 3131 nisi
209 3070 356 3132 adhibita
385 3072 543 3133 violentia
564 3073 707 3148 nequeat
729 3072 909 3143 emendari,

116 3184 183 3229 non
198 3169 307 3229 tamen
321 3168 485 3240 volumus
503 3169 587 3245 quod
607 3169 647 3229 ob
674 3168 736 3231 boc
758 3170 910 3246 cuiquam

115 3266 150 3327 in
177 3266 235 3327 illa
260 3269 316 3345 jus
337 3266 470 3342 aliquod
496 3267 699 3343 acquiratur,
722 3267 778 3327 sed
808 3267 913 3328 relin-

115 3364 236 3440 quatur
250 3363 400 3424 absalute
413 3379 452 3424 ac
467 3363 570 3424 libere
585 3364 649 3439 ipsi
670 3365 753 3438 regi,
770 3364 856 3426 sicut
870 3365 910 3425 ad

115 3476 190 3521 eum
218 3461 367 3521 noscitur
389 3460 567 3536 pertinere.
584 3463 632 3519 Tu
648 3475 738 3535 ergo,
756 3460 827 3521 haec
847 3461 910 3537 ipsi

116 3558 283 3619 Ludovico
299 3560 332 3619 et
345 3556 432 3630 aliis,
451 3557 479 3618 si
502 3572 584 3633 opus
603 3557 713 3627 hierii,
735 3557 912 3633 diligenter

115 3669 297 3731 exponens,
325 3670 398 3725 eos,
428 3653 457 3714 si
483 3655 686 3716 contrarium
717 3653 817 3733 (quod
845 3670 909 3715 non

116 3750 297 3831 credimus)
312 3750 468 3813 attentari
483 3751 660 3822 voluerint,
677 3752 793 3811 sedula
816 3768 910 3812 com·

115 3848 297 3923 monitione
311 3864 351 3910 ac
365 3849 621 3910 comminatione
643 3849 799 3920 retineas,
815 3850 858 3917 et,
882 3850 910 3909 si

116 3961 252 4007 necesse
266 3945 376 4017 luerit,
393 3961 453 4023 per
466 3949 499 4008 te
519 3946 553 4007 et
574 3963 634 4022 per
648 3948 821 4023 episcopos
839 3949 909 4008 cir-

116 4043 909 4121 cumstantesmonitis,quibusviderisexpedire,

152 4199 193 4271 (l)
207 4202 297 4269 Quum
313 4199 483 4269 Ludovicus,
492 4200 574 4272 jussu
586 4201 683 4272 patris,
694 4199 797 4257 bellum
811 4216 908 4257 susae·

115 4270 204 4354 pisset
216 4271 352 4327 adversus
360 4271 539 4343 albigenses,
549 4270 633 4327 tradit
650 4271 808 4328 bernardus
823 4273 910 4341 lterii,

116 4356 209 4412 ipsum
226 4341 376 4398 advenisse
389 4344 557 4398 Lemovices
572 4356 647 4417 atinio
663 4343 741 4407 lata,
751 4342 797 4399 die
812 4345 911 4400 Pente·

116 4418 219 4478 costes,
245 4411 338 4476 idest,
359 4412 393 4468 26
413 4413 489 4468 tnaii.
508 4414 593 4469 Porro
609 4427 657 4467 ren
673 4413 828 4485 Philippus,
845 4428 909 4471 cum

116 4482 235 4538 consilia
246 4489 273 4538 et
288 4481 392 4538 auxilio
409 4481 596 4552 quorumdam
615 4484 813 4556 episcoporum
829 4486 909 4557 regni

116 4554 175 4620 sai,
197 4553 274 4608 misit
293 4554 320 4609 in
340 4552 516 4625 Albigesium
534 4552 672 4610 ducentos
698 4556 802 4611 milites
822 4563 850 4610 et
865 4556 911 4611 de·

114 4639 176 4680 cem
193 4624 279 4680 millia
303 4623 426 4694 peditum
443 4631 617 4680 armatarum
634 4623 670 4680 ad
687 4625 908 4682 succurrendum

113 4693 210 4751 comiti
224 4694 377 4762 Amalrioo,
388 4694 435 4766 qui
450 4694 521 4767 patri
535 4709 587 4750 suo
605 4696 787 4752 sanctissimo
802 4697 908 4752 Simoni

114 4773 290 4822 successerat
314 4766 343 4821 in
371 4773 445 4822 terra
462 4766 518 4821 illa.
541 4766 612 4821 Huic
626 4767 760 4823 exercitui
775 4768 862 4822 misso
875 4767 910 4824 de

115 4837 232 4892 Francia
229 4835 422 4963 hpraefuerunt
436 4835 669 4909 archiepiscopus
689 4838 873 4894 bituricensis
882 4850 908 4893 et

116 4921 213 4964 comes
257 4907 551 4979 architetbauquet.)

152 4975 193 5044 (ἲ)
231 4976 411 5034 Desideratur
442 4978 497 5034 diei
531 4983 608 5035 nota.
646 4976 781 5034 Recitatis
814 4984 908 5034 autem

116 5048 257 5104 Guillalmi
276 5048 414 5104 armorici
433 5049 527 5105 verbis
549 5047 625 5104 addit
640 5048 807 5105 albericus:
824 5050 909 5105 ‹Orta

116 5133 184 5174 vero
198 5118 269 5173 inter
292 5132 343 5173 eos
361 5118 501 5177 discordia
518 5127 631 5190 propter
644 5119 797 5190 quamdam
813 5119 907 5191 prodi·

115 5189 201 5246 tionis
230 5195 338 5256 nomm,
363 5203 447 5260 quam
473 5190 586 5261 quidam
616 5198 713 5246 contra
735 5188 908 5247 Ludovicum

116 5260 209 5316 moliri
236 5259 412 5325 videbantur,
439 5259 544 5316 intecto
570 5261 698 5331 negotio,
722 5260 865 5318 redierunt
881 5262 909 5317 in

116 5331 242 5458 Rrapria,
256 5330 350 5387 minus
366 5329 458 5386 laudis
473 5345 558 5402 quam
571 5330 703 5403 vituperii
721 5339 908 5402 reportantes.

141 5402 238 5471 eliquit
263 5408 359 5457 tamen
388 5401 548 5458 Ludovicus
574 5400 713 5458 ducentos
746 5402 850 5459 milites
875 5402 911 5460 ad

117 5487 224 5527 annum
251 5471 287 5527 ab
312 5478 445 5545 augusto.
470 5470 585 5529 Eratibi
607 5472 719 5544 legatus
740 5474 910 5544 Apostolicoe

118 5542 199 5599 Sedis
225 5542 267 5598 vir
294 5543 425 5611 eximius,
447 5545 630 5610 bertrannus,
655 5543 807 5600 cardinalis
829 5559 909 5616 prea-

118 5613 207 5686 tqtor,
237 5613 284 5686 qui
308 5612 426 5672 multum
454 5613 593 5671 laboravit
613 5627 663 5686 pra
690 5612 831 5671 hereticis
849 5615 911 5672 des·

967 3088 1025 3149 per
1050 3088 1124 3148 quae
1148 3070 1243 3131 nohis
1272 3070 1450 3147 displicens
1476 3069 1628 3145 reputari
1652 3072 1756 3146 posset

966 3171 1133 3245 ingratus3
1152 3168 1231 3245 quin
1258 3169 1366 3244 potius
1393 3167 1439 3229 ita
1461 3167 1559 3229 debet
1579 3183 1618 3227 se
1640 3167 1756 3228 nostris

966 3267 1183 3342 beneplacitis
1209 3267 1376 3341 coaptare,
1406 3264 1492 3341 quod
1518 3264 1558 3324 de
1587 3264 1699 3339 gratia
1727 3265 1756 3324 in

966 3364 1108 3439 gratiam
1130 3362 1267 3440 provehi
1292 3363 1469 3422 mereatur.
1487 3361 1690 3422 carissimus
1715 3361 1759 3420 si-

966 3461 1098 3538 quidem
1124 3461 1160 3520 in
1184 3460 1315 3521 Christo
1339 3458 1428 3518 lilius
1448 3458 1560 3520 noster
1581 3459 1756 3530 Henricus,

966 3572 1027 3619 rex
1039 3555 1166 3632 Angliae
1181 3555 1333 3627 illustris,
1350 3570 1444 3615 suam
1461 3554 1502 3614 ad
1515 3569 1579 3615 nos
1592 3555 1761 3632 querimo-

966 3655 1056 3715 niam
1069 3653 1259 3722 destinavit,
1276 3651 1372 3729 quod,
1390 3667 1465 3712 cum
1476 3651 1577 3712 clarae
1592 3652 1760 3714 memorie

965 3751 1145 3823 iohannes,
1162 3752 1348 3827 paterejus,
1360 3751 1504 3811 castrum
1516 3764 1613 3809 suum
1624 3748 1667 3810 de
1679 3751 1762 3810 Mer·

965 3850 1029 3926 piis
1050 3848 1208 3910 custodiae
1232 3846 1362 3908 nobibis
1388 3845 1453 3907 viri
1468 3848 1507 3908 R.
1529 3843 1576 3924 (l)
1596 3846 1637 3907 de
1658 3848 1763 3908 Ponte

965 3945 1119 4016 senioris,
1131 3943 1282 4020 germani
1296 3943 1441 4020 episcopi
1458 3943 1654 4019 supradicti,
1673 3943 1761 4005 ndu-

966 4043 1096 4104 cialiter
1122 4041 1303 4116 commisit;
1331 4056 1430 4113 nunc,
1447 4041 1691 4117 praenominato
1705 4044 1764 4103 Jo-

966 4199 1123 4259 tutandis.»
1136 4199 1188 4267 Qui
1202 4196 1370 4271 proditionis
1384 4205 1479 4254 notam
1489 4197 1627 4256 adversus
1640 4198 1763 4256 Ludovi-

965 4288 1030 4329 cum
1065 4272 1230 4327 molirentur
1266 4284 1324 4325 non
1349 4270 1447 4340 liquet.
1478 4271 1553 4325 Sane
1580 4271 1764 4327 continuator

965 4343 1092 4400 chronici
1106 4341 1218 4398 ilabertl
1235 4338 1498 4408 Autissiodorensis,
1514 4340 1572 4397 ait:
1588 4341 1763 4411 Proditiaae,

966 4418 996 4470 at
1010 4413 1126 4480 dicitur,
1142 4412 1341 4467 interveniente
1350 4410 1482 4536 ἐπήξατο)
1494 4409 1578 4466 rediit
1592 4410 1761 4467 badaaicas.

966 4485 1041 4542 Brito
1054 4496 1166 4554 quoque
1176 4482 1342 4538 Guillelmus
1356 4482 1387 4553 (t.
1426 4483 1489 4547 Vll,
1506 4495 1534 4552 p.
1551 4480 1603 4537 lli
1617 4497 1624 4537 :
1639 4482 1764 4553 Profecti

964 4554 1173 4620 aMarmanda,
1190 4553 1290 4624 inquit,
1304 4553 1467 4608 maritarunt
1480 4552 1616 4619 Tutorem,
1628 4558 1664 4609 et·
1674 4554 1765 4623 tepida

964 4629 1195 4696 appropriaverunt
1209 4639 1280 4691 eata,
1293 4622 1459 4692 quibasdam
1479 4623 1513 4678 de
1527 4623 1633 4680 nostris
1653 4621 1694 4694 (id
1708 4631 1761 4692 est,

964 4694 1146 4752 catholicisin
1159 4708 1223 4752 eam
1235 4692 1444 4764 expeditionem
1454 4689 1600 4766 signatis),
1609 4694 1766 4764 proditore

964 4766 1176 4836 impedientibus
1197 4765 1338 4834 maelium
1367 4763 1514 4835 crocitet.
1539 4763 1625 4836 Cujus
1647 4764 1762 4835 quidem

966 4836 1133 4908 proditionis
1154 4834 1315 4893 censendus
1330 4849 1387 4891 noa
1398 4833 1509 4899 videtur
1530 4834 1764 4892 nobisimmuuis

966 4910 1086 4979 legatus,
1104 4922 1169 4978 quia
1184 4905 1301 4962 timebat
1316 4919 1362 4973 ae,
1375 4910 1538 4978 expugnata
1555 4905 1670 4973 Tolosa,
1684 4906 1761 4979 prin-

964 4993 1032 5048 ceps
1052 4978 1148 5049 regias
1162 4991 1225 5033 cum
1240 4977 1360 5048 integris
1375 4976 1480 5032 viribus
1494 4975 1634 5046 quasdam
1650 4977 1764 5048 Angliae

965 5045 1576 5174 regiscismarinasterrasaccuparethude
1586 5046 1762 5130 colligimus,

966 5120 1080 5192 perlatis
1108 5118 1144 5175 ad
1165 5121 1322 5175 Honmtum
1345 5116 1381 5174 de
1444 5123 1491 5174 ato
1503 5116 1640 5175 Ludovtct
1666 5133 1762 5191 quert-

965 5189 1078 5256 maniis,
1087 5190 1284 5254 bertrannum,
1299 5186 1376 5243 baud
1385 5203 1431 5244 mu
1444 5195 1471 5244 to
1487 5194 1560 5259 post,
1572 5187 1677 5245 eodem
1687 5204 1764 5245 anno

965 5260 1082 5317 faisses
1108 5260 1260 5333 legationis
1274 5256 1370 5315 oihcio
1389 5263 1566 5325 revocatam,
1589 5259 1764 5316 succedente

963 5330 1102 5394 Conrado,
1129 5329 1277 5387 Portaensi
1298 5331 1434 5401 episcopo
1461 5328 1613 5398 cardinali,
1638 5330 1676 5388 de
1695 5347 1763 5403 quo,

964 5401 1117 5474 legationis
1135 5400 1198 5473 ejus
1216 5408 1355 5473 tempore,
1367 5406 1518 5457 occurrent
1537 5399 1661 5472 plurima
1679 5401 1708 5459 iu
1722 5416 1771 5459 se-

965 5471 1117 5546 quentihus
1130 5472 1246 5528 Honorii
1263 5471 1384 5527 Litteris.
1402 5470 1569 5543 (bouquet.)

1002 5542 1042 5612 (3)
1056 5542 1154 5600 Scribe
1172 5541 1361 5600 xantonensi.

1003 5615 1044 5688 (b)
1059 5609 1210 5686 lieginaldi
1222 5612 1262 5670 de
1271 5614 1372 5671 Ponte.
