3774 6186
73 314 136 374 557

71 471 180 533 tamen
194 470 375 543 remaneat,
389 469 590 533 fraternitati
604 469 671 533 tuse
687 484 747 548 per
760 472 869 546 Apos-

71 568 170 631 toliea
192 568 314 645 scripta
335 568 541 639 mandamus,
563 569 726 646 quatenns
743 567 865 644 hujus-

71 665 159 726 modi
177 665 361 727 bomicidas
380 665 422 726 ad
451 666 614 742 agendum
637 665 865 741 poenitentiam

70 764 105 824 in
132 761 298 841 aliquibus
331 765 556 833 monasteriis,
583 764 718 825 servato
750 762 865 823 babitu

70 859 231 931 clericali,
242 861 425 923 monitione
439 861 612 937 praemissa
623 875 864 937 percensuram

69 958 342 1030 ecclesiasticam,
359 959 581 1035 appellatione
603 960 742 1029 remota,
769 973 865 1018 com·

69 1056 185 1132 pellas.
208 1058 326 1118 Datum
340 1057 507 1126 Laterani,
524 1058 569 1117 111
597 1072 703 1116 nonas
730 1070 867 1117 novem-

69 1153 149 1226 bris,
164 1154 377 1231 pontificatus
392 1154 498 1216 nostri
508 1167 597 1216 anno
620 1153 746 1230 quinto.

390 1332 548 1418 LXXXI

101 1469 154 1529 Ad
168 1466 393 1528 Benedictnm
407 1468 602 1541 episcopum
614 1466 832 1527 scarensem.

372 1579 466 1636 inor.
487 1578 565 1636 laio.

257 1684 402 1750 [Liijegrem
413 1684 470 1743 l.c.,
483 1698 509 1748 p.
519 1683 575 1741 ill,
588 1699 613 1733 n.
630 1683 695 1748 isa]

65 1785 203 1844 Prohibet
226 1800 262 1842 ne
280 1785 344 1853 virI,
360 1784 384 1841 si
399 1797 502 1842 uxores
527 1782 696 1841 adulterium
711 1784 862 1840 commise-

133 1876 202 1943 rint,
214 1872 324 1931 eisdem
335 1872 506 1943 viventibus,
517 1873 587 1931 alias
597 1871 797 1945 superducant.

108 1983 278 2045 Honorius
293 1982 468 2059 episcopus
480 1997 595 2043 servus
604 1995 776 2042 servornm
790 1980 861 2052 Dei,

67 2078 251 2142 venerabili
282 2079 378 2141 tratri
400 2080 556 2156 episcopo
581 2078 746 2150 scarensi,
773 2079 866 2139 salu·

63 2182 130 2239 tem
144 2181 177 2240 et
192 2177 409 2254 apostolicam
433 2176 710 2238 benedictionem.

103 2275 311 2347 Audivimus,
328 2274 414 2353 quod
435 2274 589 2336 nonnulli
605 2277 669 2335 tuae
696 2273 861 2344 dioecesis,

65 2373 186 2449 qrrihus
210 2375 261 2435 est
284 2389 343 2449 pro
371 2373 503 2449 ratione
527 2372 691 2442 voluntas,
720 2371 863 2447 proprus

65 2470 238 2531 affectibus
275 2471 503 2541 circumventi,
534 2470 562 2529 si
589 2469 721 2546 quando
749 2484 862 2528 eorum

66 2549 864 2641 uxores‘edulterium,alaneiosuggerente,com-

66 2665 208 2735 mittunt,
232 2663 441 2740 usqueadeo
465 2680 502 2724 se
524 2663 664 2724 credunt
687 2679 706 2722 a
729 2662 862 2723 vinculo

68 2762 272 2823 matrimonii
285 2761 467 2832 absolutos»,
493 2762 579 2838 quod
600 2761 724 2822 eisdem
746 2760 863 2820 viven-

66 2859 155 2922 tibus
169 2858 254 2920 alias
277 2860 372 2938 quasi
401 2860 492 2921 licite
518 2859 754 2935 superducunt.
778 2858 861 2930 Quia

67 2974 147 3019 vero
164 2973 259 3018 error
278 2960 331 3019 cui
358 2973 424 3018 non
453 2957 621 3019 resistitur
635 2955 766 3017 videtur
779 2972 863 3033 quo-

66 3055 241 3116 dammodo
267 3055 457 3132 approbari,
486 3070 528 3116 ne
557 3055 699 3116 allorum
729 3053 860 3130 culpam

60 3158 155 3215 tuam
171 3153 303 3214 eillcere
319 3153 476 3225 videaris,
490 3151 691 3214 fraternitati
715 3152 780 3212 tuae
802 3166 863 3228 per

66 3249 254 3326 apostolica
297 3250 420 3327 scripta
461 3248 667 3319 mandamus,
698 3247 860 3325 quatenus

64 3344 205 3407 abusum
220 3346 411 3424 hujusmodi
431 3345 472 3407 de
488 3346 623 3408 dioecesi
647 3349 704 3407 tua
726 3345 860 3407 studeas

64 3445 195 3521 penitus
226 3443 371 3516 abolere,
400 3442 560 3505 abusores
597 3460 655 3522 per
683 3459 859 3504 censuram

63 3542 324 3603 ecclesIasiicam
335 3542 557 3620 appellatione
571 3542 752 3618 postposita
768 3557 861 3602 com-

63 3640 363 3716 pescendoliaturn
373 3639 540 3707 Laterani,
551 3642 708 3701 ilinonas
723 3655 861 3701 novem-

63 3736 143 3809 bris,
161 3737 371 3814 pontificatus
387 3737 491 3798 nostri
507 3752 596 3797 anno
611 3736 737 3813 qllinto.

371 3914 550 4002 LXXXII

93 4053 145 4113 Ad
160 4051 383 4112 Benedictene
398 4053 593 4124 episcopam
608 4051 825 4111 scarensem.

362 4163 458 4221 brev.
477 4163 555 4221 labo.

231 4269 377 4334 [Llijegrem
394 4269 411 4318 i.
426 4283 449 4318 e.
465 4285 490 4334 p.
503 4269 558 4327 ill,
574 4283 599 4318 n.
619 4268 686 4333 isal

61 4369 214 4428 inndrmat
225 4368 252 4425 ei
265 4366 393 4424 decimas
407 4365 442 4423 ad
462 4381 534 4439 quas
551 4367 718 4437 paroclriaui
740 4382 772 4425 se
791 4376 858 4425 voto

375 4454 550 4529 obligarunt.

99 4557 267 4620 Honorlus
278 4557 589 4634 episcopusservus
602 4571 774 4618 servorum
784 4557 855 4627 Del,

61 4657 216 4733 episcopo
234 4654 402 4725 scarensi,
418 4654 560 4715 salutem
582 4656 615 4716 et
638 4654 855 4731 apostolicam

61 4752 336 4815 benedIctionem.

97 4854 116 4914 J
120 4851 204 4913 usiIs
215 4850 409 4927 petentium.
423 4850 486 4917 etc,
496 4864 603 4922 usqtce
614 4850 793 4926 complere.
811 4852 855 4912 lia

62 4950 204 5025 propter,
219 4947 422 5010 venerabilis
450 4946 483 5006 lu
503 4947 636 5009 Christo
648 4948 751 5008 irater
766 4949 856 5024 epis·

60 5062 152 5123 cepe,
167 5046 233 5106 tuis
237 5045 338 5122 justis
348 5044 501 5121 precibus
513 5047 607 5120 grain
616 5049 856 5107 concurrentes

60 5158 212 5213 assensu,
227 5142 372 5204 decimas
391 5143 426 5203 in
447 5140 566 5218 quibus
590 5143 784 5217 parochiani
805 5144 855 5206 tui

60 5241 241 5302 secundum
257 5241 438 5300 cauontcas
454 5240 644 5300 sanctiones
661 5240 722 5300 tibi
733 5242 854 5302 tenen-

57 5342 159 5409 tur,et
173 5338 275 5398 aliam
285 5337 448 5397 decimam
463 5353 537 5414 quae
550 5337 672 5398 dicitnr
680 5339 850 5414 capitella,

703 308 932 372 EPISTOLAE.
954 310 1033 371 LIB.
1056 311 1094 370 V.

1658 309 1717 370 558

923 469 1112 545 apostolica
1120 467 1365 541 confirmamus,
1375 467 1589 546 etpraesentis
1599 467 1716 545 scripti

924 567 1110 645 patrocinio
1133 567 1387 628 communimus.
1414 567 1505 628 Nulli
1529 582 1619 642 ergo,
1636 568 1713 637 etc,

922 667 1046 727 nostrae
1076 664 1339 726 confirmationis
1360 664 1555 740 intringere.
1583 664 1618 726 Si
1639 664 1714 743 quis

921 764 1043 832 autem,
1060 764 1123 824 etc.
1153 765 1270 824 batam
1286 763 1454 833 Laterani,
1472 765 1517 823 ili
1530 776 1637 824 nonas
1651 777 1715 823 no·

920 858 1078 931 vembris,
1095 861 1308 937 pontificatus
1321 860 1426 922 nostri
1440 875 1528 922 anno
1541 858 1666 937 quinto.

1219 1064 1417 1152 LXXXIII

945 1191 997 1251 Ad
1009 1191 1192 1251 universos
1207 1194 1430 1253 ecclesiaram
1442 1189 1606 1267 prelatos
1620 1202 1686 1266 per

1009 1288 1214 1352 scarensem
1228 1291 1401 1351 dioecesim
1409 1286 1623 1349 corstitutos.

1221 1402 1317 1458 inov.
1332 1402 1412 1458 labo.

1025 1505 1169 1572 [Liljegrem
1184 1508 1291 1558 Svenslrt
1307 1507 1439 1572 diplomat.
1449 1506 1504 1565 lli,
1517 1522 1541 1558 n.
1554 1507 1622 1572 itti]

921 1604 989 1661 ilios
1002 1612 1099 1663 monet
1114 1611 1144 1662 ut
1156 1607 1292 1679 episcopo
1303 1606 1436 1664 scarensi
1455 1606 1671 1678 procurationes
1686 1611 1715 1662 ct

1147 1695 1201 1752 alia
1216 1696 1243 1752 ei
1258 1694 1351 1751 debita
1364 1696 1523 1752 exsolvant.

961 1802 1629 1880 lionoriusepiscopus,servusservorum
1640 1803 1711 1876 liei,

920 1898 1050 1961 dilectis
1081 1900 1159 1960 dliis
1185 1900 1352 1962 universis
1376 1901 1592 1963 ecclesiarum
1621 1916 1712 1978 prae·

920 1997 996 2058 latis
1012 2013 1071 2074 per
1097 1999 1294 2060 scarensem
1317 1998 1489 2060 dioecesim
1510 1998 1710 2071 constitutis,

920 2095 1061 2156 salutem
1077 2096 1340 2171 etapostollcam
1362 2096 1637 2159 benedictionem.
1731 2148 1735 2152 .

960 2192 1003 2252 Ut
1032 2207 1075 2252 ex
1104 2191 1214 2252 debito
1246 2191 1343 2253 nobis
1375 2191 1493 2254 merito
1515 2192 1714 2254 videremini

919 2303 1113 2365 comparare
1138 2290 1387 2365 procurationes
1402 2292 1435 2352 et
1446 2289 1525 2362 alla,
1543 2289 1711 2368 inquibus

919 2386 1101 2446 venerabili
1121 2386 1216 2449 fratri
1245 2388 1359 2450 nostro
1385 2386 1540 2465 episcopo
1557 2389 1711 2450 scarensi

918 2483 1076 2544 tenemini
1093 2482 1294 2561 usqueadeo
1310 2484 1452 2547 libenter
1465 2483 1629 2548 deberetis
1645 2501 1709 2547 ex·

919 2581 1058 2652 solvere,
1073 2582 1107 2642 ut
1126 2597 1169 2642 ex
1190 2581 1263 2660 ipso
1285 2581 1418 2654 ellectu,
1434 2599 1493 2644 vos
1513 2581 1637 2661 aliquid
1660 2581 1712 2645 et-

917 2676 1018 2739 iectui
1056 2679 1201 2754 adiicere
1239 2680 1430 2756 probareris
1468 2697 1543 2742 cum
1570 2679 1709 2742 affectus

918 2776 1088 2836 bominum
1103 2777 1249 2838 maxime
1271 2778 1392 2839 mereri
1403 2779 1541 2852 soleant,
1552 2780 1585 2840 et
1608 2779 1708 2842 etiam

917 2873 1092 2935 demereri.
1112 2874 1204 2936 Unde
1225 2891 1291 2936 non
1319 2876 1391 2938 siue
1412 2893 1513 2940 causa
1537 2876 1708 2950 miramur,

917 2972 1002 3048 quod
1021 2970 1108 3034 sicut
1129 2971 1217 3032 idern
1232 2973 1407 3050 episcopus
1420 2974 1577 3051 exposuit
1598 2990 1710 3036 coram

917 3066 1013 3130 nobis
1038 3084 1097 3129 vos
1117 3068 1226 3129 eidem
1249 3068 1284 3129 in
1300 3070 1589 3147 procurationibus
1607 3071 1709 3134 exni-

917 3165 1017 3227 bendi
1034 3165 1133 3226 ulmis
1148 3165 1300 3227 diiliciles
1319 3167 1495 3240 exhibetis,
1509 3169 1588 3246 quin
1610 3167 1710 3232 etlam

917 3262 1052 3341 quidam
1074 3264 1220 3327 vestrum
1236 3281 1293 3326 eas
1307 3264 1370 3326 sibi
1389 3256 1529 3328 reddere
1542 3265 1713 3328 contradi-

916 3362 1006 3424 cunt.
1025 3363 1074 3423 Ne
1096 3362 1198 3438 igitur
1220 3379 1289 3424 rem
1318 3364 1352 3425 et
1376 3364 1529 3427 meritum
1550 3364 1709 3429 amittatis

916 3459 946 3519 si
960 3456 1108 3521 debitum
1130 3460 1311 3522 exsolvatis
1334 3460 1440 3536 inviti,
1459 3463 1709 3526 universitatem

916 3558 1061 3619 vestram
1087 3575 1259 3620 monemus
1285 3562 1409 3622 attente
1433 3578 1493 3638 per
1517 3560 1707 3639 apostolica

915 3655 1039 3732 scripta
1069 3654 1209 3718 drmIter
1242 3658 1466 3734 praecipiendo
1500 3660 1708 3735 mandantes,

914 3755 1081 3829 quatenus
1104 3754 1356 3831 procurationes
1376 3758 1409 3818 et
1432 3757 1577 3819 eliasibi
1600 3757 1710 3821 debita

914 3851 987 3912 sine
1010 3850 1208 3914 difficultate
1234 3852 1381 3931 qualibet
1404 3855 1596 3917 exsolvatis.
1616 3856 1710 3918 Alio-

914 3947 994 4024 quin
1019 3949 1234 4021 sententiam,
1259 3967 1358 4028 quam
1380 3951 1469 4013 idem
1492 3956 1627 4031 propter
1648 3952 1711 4016 hoc

914 4044 1159 4106 rationabiliter
1173 4046 1289 4108 tulerit
1303 4047 1337 4107 in
1356 4047 1508 4121 rebelles,
1525 4053 1632 4111 ratam
1647 4050 1709 4111 ba-

913 4140 1074 4214 bebimus,
1098 4146 1131 4204 et
1150 4142 1325 4216 iaciemus,
1340 4147 1475 4208 auctore
1488 4147 1638 4217 Domino,
1654 4148 1710 4209 in·

912 4238 1117 4301 violabiliter
1139 4240 1322 4302 observari.
1340 4242 1458 4305 Datum
1479 4245 1635 4306 Laterani
1664 4248 1709 4308 lii

912 4354 1018 4399 nonas
1041 4338 1242 4411 novembris,
1259 4339 1470 4418 poutlilcatus
1492 4343 1598 4405 nostri
1619 4360 1708 4407 anno

913 4435 1040 4514 quinto.

1213 4580 1408 4669 LXXXIV

984 4715 1036 4773 Ad
1053 4715 1234 4792 Alternum
1248 4730 1368 4793 repam
1382 4719 1638 4795 Lepterrenscm.

1214 4829 1231 4886 l
1248 4844 1313 4887 nov.
1327 4829 1406 4888 1220.

1069 4934 1221 5001 [Maurique
1233 4935 1299 4985 llum
1313 4935 1424 4996 cisterc,
1436 4937 1553 5005 limbi]

962 5034 1094 5091 Hortatur
1109 5040 1140 5090 ut
1152 5036 1268 5091 nuntios
1281 5043 1376 5094 sumat
1391 5037 1463 5095 inter
1478 5037 1665 5099 Cirristlanos.

952 5142 1081 5205 illustri
1096 5144 1168 5221 regi
1181 5145 1348 5221 Legionis,

951 5241 1001 5303 ad
1022 5241 1227 5304 audientiam
1251 5247 1399 5308 nostram
1428 5247 1562 5308 noverIs
1583 5262 1707 5324 perve-

912 5338 1014 5408 nisse,
1027 5338 1115 5416 quod
1129 5341 1233 5402 multa
1246 5341 1419 5419 dispendia
1430 5345 1589 5406 eveniunt
1599 5345 1709 5408 Cirris·

59 5437 98 5496 ad
139 5451 238 5512 quam
270 5435 462 5496 solvendam
489 5451 525 5495 se
554 5437 629 5496 voto
663 5436 854 5497 voluntarie
911 5436 1709 5516 ilanisexeoquod,cumcontingitteadnobi-

59 5534 419 5608 ol›liparunt,sicuteas
424 5536 559 5610 justeac
567 5533 704 5608 pacifice
713 5532 853 5604 obtines,
912 5534 976 5594 lem
989 5534 1096 5595 virum
1111 5535 1425 5602 Miramamolinum.
1435 5554 1495 5599 seu
1506 5539 1547 5600 ad
1558 5540 1707 5605 subditos

61 5632 118 5692 libi
141 5633 175 5691 et
194 5646 253 5707 per
269 5633 299 5692 te
312 5629 562 5691 sirccessoribus
581 5631 858 5717 tuisauctoritate
911 5634 994 5708 ejus,
1011 5635 1085 5693 tuos
1101 5633 1236 5695 nuntios
1250 5634 1431 5706 destinare,
1453 5652 1632 5714 uunquam,
1648 5646 1705 5703 aut
