3774 6186
101 358 160 417 851
262 426 265 431 Ι
724 355 951 416 EPISTOLAE.
976 355 1053 414 LIB.
1077 355 1130 413 IV.
1690 358 1749 417 358

103 517 133 579 sl
155 532 223 578 non
249 530 364 577 ornnes
390 516 529 593 possetis
554 514 692 577 forsitan
722 516 897 585 interesse,
954 512 1123 574 nonnullis
1133 512 1348 589 indulgentiis
1363 516 1518 591 specialis
1527 515 1644 591 gratiae
1660 532 1749 593 prae·

104 612 190 689 quod
214 610 278 687 ipsi
306 609 427 672 fratres
448 610 554 673 nostri
577 608 785 671 concorditer
810 608 898 668 late-
953 611 1102 687 negativa
1118 611 1278 683 munivit;
1300 628 1360 674 nos
1375 616 1486 674 autem
1500 614 1556 690 qui
1572 613 1748 676 salutifera

103 707 238 780 bantur,
255 707 341 769 unde
356 708 449 784 petiit
469 707 605 768 nuntIus
625 706 844 782 supradictus,
864 707 899 765 ut
954 709 1125 769 commoda
1144 711 1254 770 vestra
1273 708 1416 785 benigno
1435 710 1549 771 lavore
1570 712 1763 799 prosequi-¹,

104 821 181 867 cum
201 806 271 882 ipse
286 808 424 865 Trecen.
454 804 511 881 qui
532 803 730 864 credebatur
752 801 900 864 facturus
955 821 1040 876 mur,
1066 805 1301 882 tranquillitati
1319 810 1439 868 vestras
1466 807 1620 880 libenter,
1651 810 1749 885 prout

104 901 193 979 apud
223 901 340 963 sedem
366 901 590 977 apostolicam
616 899 749 976 longam
774 914 900 960 moram
955 917 1140 979 possumus,
1161 903 1374 979 providemus
1387 906 1585 967 auctoritate
1600 921 1750 982 praesen·

99 1000 171 1074 lam
186 1014 359 1075 regressus
374 998 415 1059 ad
427 999 574 1074 propria,
584 997 673 1059 dicto
687 995 820 1072 negotio
839 1011 900 1056 va·
955 999 1038 1060 tium
1055 999 1246 1071 inhibendo,
1263 1016 1306 1061 ne
1324 1000 1425 1075 legati
1441 1002 1749 1079 sedisapostolicae

104 1095 173 1158 leat
198 1097 360 1158 interesse
384 1111 443 1172 per
465 1111 536 1165 ros,
556 1098 590 1157 et
611 1095 719 1171 ipsum
734 1094 769 1154 in
786 1093 900 1154 eodem
956 1098 1029 1157 sine
1043 1098 1180 1172 speciali
1193 1098 1348 1159 mandato
1362 1100 1475 1161 nostro
1490 1099 1524 1159 in
1540 1115 1600 1160 ros
1614 1115 1751 1162 excom·
1850 1174 1853 1179 Ι

104 1193 241 1269 procedi
261 1193 393 1268 negotio
416 1192 661 1253 mandaremus.
691 1193 772 1251 Gurn
800 1190 902 1265 igitur
957 1194 1191 1255 munientibnls
1202 1195 1256 1255 vel
1266 1196 1507 1271 suspensionis,
1523 1198 1558 1259 et
1569 1199 1603 1258 in
1616 1213 1751 1259 monas-

105 1289 301 1351 inleutlonIs
314 1292 437 1351 nostrae
451 1306 518 1351 non
534 1288 903 1364 tueritsuspectumju·
956 1291 1041 1352 teria
1066 1294 1177 1353 vestra
1201 1292 1369 1355 interdicti
1393 1294 1576 1357 sententias
1602 1297 1752 1371 promul·
1856 1352 1863 1359 .

105 1386 215 1449 dicem
242 1386 442 1462 subrogare,
467 1402 542 1448 cum
575 1401 635 1462 per
661 1385 725 1448 hoc
749 1382 902 1460 impediri
956 1389 1044 1464 gent
1075 1389 1167 1450 Nulli
1190 1405 1270 1465 ergo
1295 1391 1431 1452 omnino
1457 1391 1628 1453 hominum
1651 1392 1753 1455 ltceat

105 1485 214 1561 possit
224 1484 334 1560 ipsum
349 1484 517 1559 negotium
537 1482 623 1559 quod
635 1481 828 1543 volebamus
844 1494 903 1556 per
958 1485 1044 1546 hanc
1065 1486 1221 1563 paginam
1250 1491 1372 1549 nostrae
1397 1487 1606 1551 inhibitionis
1626 1489 1750 1551 intrin-

100 1581 375 1656 suhrogationem
400 1580 590 1657 huJusmodi
612 1579 711 1640 citius
734 1577 901 1654 expediri,
957 1598 1046 1657 gere,
1062 1583 1114 1645 vel
1129 1584 1161 1645 ei
1178 1601 1263 1646 ausu
1275 1587 1466 1657 temerario,
1485 1588 1547 1648 etc.

100 1678 303 1743 discrehoni
331 1678 451 1739 vestrae
479 1691 538 1753 per
564 1675 753 1752 Apostollca
780 1675 902 1751 scripta
998 1682 1116 1741 Datum
1127 1681 1280 1752 viterbii,
1297 1685 1415 1759 quarto
1430 1697 1536 1744 nonas
1551 1681 1748 1756 decembris,

98 1776 317 1846 mandamus,
326 1775 500 1851 quatenus,
509 1772 903 1847 sideconseusupartium
958 1778 1169 1854 pontificatus
1181 1779 1284 1842 nostri
1302 1794 1388 1840 anno
1400 1781 1530 1857 quarto.

97 1874 174 1947 jam
187 1875 240 1933 est
254 1887 313 1948 per
329 1887 387 1933 vos
400 1872 434 1931 et
450 1870 576 1931 dictum
593 1869 855 1930 AutissIodoren.
867 1868 903 1929 iu
1310 1947 1398 2033 m

97 1966 182 2043 ipsa
208 1981 311 2027 causa
333 1980 544 2041 processum,
577 1963 631 2023 vel
657 1962 766 2023 adhuc
792 1963 903 2037 partes

99 2062 349 2132 consenseriut,
364 2058 903 2137 utporvoseteumdemnutissro
976 2082 1029 2139 Aa
1053 2082 1220 2141 decanum
1240 2080 1274 2140 ep
1297 2081 1483 2153 capitulum
1501 2084 1729 2146 parmenses·

99 2158 224 2221 deren.
237 2158 428 2234 episcopum
448 2156 657 2233 procedatur,
674 2172 733 2217 vos
749 2170 815 2215 una
827 2169 903 2214 cum

102 2270 146 2317 eo
171 2254 362 2315 mandatum
376 2256 526 2316 nostrum
549 2252 688 2329 exsequi
703 2252 898 2328 procuretis.

105 2352 266 2428 Alioquin
278 2367 317 2413 eo
328 2352 361 2412 in
374 2368 439 2428 quo
449 2352 627 2427 peripsum
639 2348 900 2410 antissiodoren.

107 2465 301 2525 processum
311 2448 406 2509 estin
422 2463 482 2507 suo
493 2446 611 2509 robore
623 2447 835 2523 permanente
845 2462 903 2507 su-

108 2546 325 2622 peraliisuna
334 2561 407 2607 cum
417 2544 489 2621 ipso
497 2547 633 2607 Trecen.
641 2544 796 2620 episcopo
809 2543 843 2603 iu
851 2557 904 2605 eo·

109 2640 184 2703 dem
212 2642 345 2717 negotio
366 2642 464 2718 juxta
493 2641 640 2717 priorum
667 2640 903 2709 continentiam

110 2738 298 2800 litterarum
314 2738 492 2815 procedere
508 2753 573 2797 non
587 2738 736 2809 tardetis
752 2737 846 2799 salvo
863 2752 903 2798 eo

110 2833 196 2911 quod
223 2835 400 2896 terminum
432 2851 497 2911 quo
523 2850 628 2895 causa
651 2833 748 2895 dehet
772 2834 813 2894 ad
841 2849 903 2895 nos

110 2930 271 2993 instructa
285 2931 407 2993 remitti
421 2946 524 3007 usqne
539 2929 580 2991 ad
595 2931 735 3007 primam
750 2929 903 2992 Domini·

111 3046 184 3092 carn
204 3028 480 3105 quadragesimae,
504 3042 540 3089 re
555 3028 603 3087 ita
617 3027 782 3102 exigente,
800 3026 902 3087 duxi-

109 3142 183 3189 mus
203 3125 458 3202 prorogandum.
482 3126 601 3185 Datum
621 3123 772 3195 vlterbii,
784 3127 903 3200 quarto

108 3238 216 3284 nonas
228 3221 421 3290 decembris,
436 3236 523 3284 anno
534 3224 663 3298 quarto.

443 3391 573 3477 LVIII

107 3516 161 3575 Ad
185 3515 340 3575 abbatem
367 3515 630 3577 cisterciensem
654 3516 688 3577 et
722 3518 905 3575 unt-versos

411 3613 600 3673 coabbates.

370 3722 538 3781 idereurb.
564 3722 642 3781 tals.

137 3828 314 3893 [Spidleginm
326 3828 489 3879 Liberiamm
500 3829 532 3879 de
544 3828 670 3885 Lireruni,
681 3845 706 3893 p.
719 3829 775 3888 7³0,
786 3842 813 3880 a.
826 3829 879 3894 sa]

107 3932 225 3992 inhibet
246 3934 390 4009 relegati
414 3934 495 3992 Sedis
515 3935 686 4007 Apostollcae
701 3935 764 3991 sine
786 3936 904 4007 speciali

143 4020 282 4079 mandato
307 4037 390 4095 popm
411 4023 439 4079 ln
459 4038 512 4080 eos
534 4024 838 4080 excommunicationis
859 4034 904 4090 vet

142 4111 342 4182 mspensiouis
361 4119 391 4168 et
413 4113 441 4168 in
460 4126 560 4169 eorum
575 4112 749 4169 monasteria
763 4112 903 4172 interdicti

141 4199 304 4257 tentandas
318 4200 510 4272 promulgent.

150 4305 320 4365 Honorius
356 4306 551 4382 episcopus,
585 4320 702 4367 servus
731 4322 903 4369 servorum

110 4401 186 4469 Dei,
200 4400 329 4463 dilectis
338 4402 417 4462 tiliis
427 4401 538 4464 abbati
553 4404 766 4465 cisterciensi
779 4408 813 4467 et
827 4406 904 4466 uni-

106 4498 218 4559 versis
227 4497 443 4560 coabbatibus
461 4503 534 4575 ejus
553 4503 588 4562 et
602 4500 760 4562 fratribus
772 4501 833 4562 suh
844 4518 904 4564 eo-

106 4594 184 4657 dem
213 4595 331 4657 ordine
359 4598 427 4658 Deo
451 4597 685 4671 servientibus,
710 4598 903 4661 salutemet

107 4693 327 4768 apostolicam
342 4692 615 4756 benedictionem.

149 4791 231 4849 cum
257 4790 384 4850 ordinis
416 4792 520 4853 vestri
548 4806 711 4868 generosa
742 4793 902 4869 plantatio

1226 2192 1383 2251 bdocemb.
1402 2194 1480 2251 tals.

1120 2296 1231 2362 [Noricos
1243 2304 1267 2348 et
1277 2298 1397 2357 Extrelts,
1407 2298 1475 2357 XXI,
1487 2314 1516 2355 n.
1530 2299 1597 2365 lde]

958 2395 1119 2469 Philippum
1141 2395 1177 2453 do
1198 2396 1304 2464 Grave,
1321 2398 1510 2455 Parislensenr
1533 2398 1749 2467 cancellarium,

992 2486 1069 2542 nullo
1082 2488 1282 2543 ltomaecontra
1297 2500 1363 2542 eum
1374 2494 1540 2543 accusatore
1553 2494 1748 2560 comparente,

992 2587 1057 2631 curu
1073 2574 1165 2647 gratia
1181 2572 1307 2630 remittit.

999 2683 1165 2743 Honorius
1180 2683 1306 2744 decano
1329 2685 1362 2746 et
1382 2685 1528 2761 capitulo
1550 2685 1745 2757 Parislensl,

958 2778 1098 2840 salutem
1113 2783 1146 2842 et
1160 2781 1375 2856 apostolicam
1395 2780 1667 2843 benedictionem.

998 2880 1078 2937 Cum
1106 2877 1148 2937 ad
1174 2893 1274 2938 aures
1304 2880 1436 2940 nostras
1460 2880 1501 2940 de
1528 2880 1650 2941 dilecto
1680 2880 1750 2941 ulto

960 2974 1057 3044 Ph...,
1086 2975 1287 3037 cancellario
1313 2978 1441 3048 restro,
1463 2977 1612 3052 quaedam
1632 2980 1749 3053 gravia
1836 3024 1839 3029 -

958 3072 1197 3149 proven-issent,
1221 3076 1254 3133 et
1281 3071 1321 3132 ob
1348 3073 1412 3155 hoq
1435 3087 1510 3133 eum
1537 3074 1578 3134 ad
1603 3078 1749 3136 nostram

959 3169 1169 3247 prasentlam
1191 3183 1412 3240 vocassemus,
1441 3169 1530 3246 quia,
1547 3170 1619 3246 ipso
1637 3187 1750 3232 coram
1823 3154 1826 3159 ’

958 3266 1053 3329 nobis
1075 3264 1280 3344 postmodum
1298 3268 1521 3342 comparente,
1539 3266 1650 3328 nullus
1665 3282 1748 3328 con-

958 3367 1009 3427 tra
1031 3364 1182 3426 eumdem
1206 3362 1391 3439 comparuit
1413 3366 1598 3437 accusator,
1626 3379 1698 3438 nos,
1714 3365 1749 3426 in

959 3463 1021 3523 hoc
1041 3465 1074 3523 et
1091 3462 1167 3522 aliis
1191 3476 1250 3521 vos
1280 3460 1447 3521 honorare
1471 3461 1638 3533 volentes,
1668 3478 1749 3540 quos

959 3559 1053 3621 nobis
1070 3558 1222 3621 novimus
1245 3558 1278 3619 et
1291 3557 1489 3633 apostolicae
1509 3558 1748 3631 solidaretur,

958 3658 1059 3735 etqui
1078 3672 1121 3717 ex
1135 3654 1257 3718 affectu
1271 3655 1483 3725 sinceritatis
1505 3671 1602 3732 quem
1624 3656 1665 3718 ad
1683 3659 1751 3719 Ro-

959 3769 1091 3815 manam
1113 3752 1242 3814 hahetis
1257 3752 1455 3823 EcclesIam,
1472 3752 1546 3813 dari
1570 3770 1677 3831 nuper
1694 3770 1752 3817 ec·

957 3851 1068 3913 clasiae
1103 3852 1224 3911 vestrae
1261 3848 1419 3909 dilectum
1460 3848 1566 3910 fillum
1602 3854 1750 3913 nostrum

957 3952 1035 4019 A...‚
1055 3950 1089 4007 S.
1106 3948 1267 4006 Susannae
1287 3944 1515 4022 presbyterum
1533 3948 1748 4020 cardinalem,

957 4047 993 4106 in
1032 4044 1221 4121 episcopum
1263 4041 1473 4118 postulastis,
1512 4043 1749 4105 cancellarlurn

958 4142 1065 4221 ipsum
1085 4140 1125 4200 ad
1148 4155 1207 4199 vos
1228 4154 1303 4199 cum
1324 4139 1432 4213 gratia
1456 4143 1570 4201 nostra
1594 4140 1749 4202 duximus

958 4236 1200 4301 remittendum.
1222 4237 1341 4296 Datum
1358 4235 1509 4307 viterbii,
1522 4238 1552 4298 ll
1569 4253 1674 4300 nouas
1686 4238 1749 4301 de-

957 4336 1111 4404 cembris,
1128 4349 1216 4395 anuo
1229 4336 1356 4409 quarto.

1324 4505 1389 4591 LX

1095 4642 1147 4700 Ad
1165 4640 1341 4699 ecctemom
1354 4640 1610 4701 Aristomenem.

1227 4762 1242 4818 7
1256 4758 1385 4816 decemb.
1403 4760 1480 4817 ills.

108 4886 231 4947 multos
245 4885 419 4962 religionis
429 4891 462 4950 et
471 4889 655 4951 honestatis
665 4890 765 4951 flores
771 4893 805 4952 et
813 4891 903 4953 lruc·
987 4866 1123 4934 ffl⁸5⁰²¹d³
1133 4866 1245 4918 nendos
1257 4865 1395 4916 meteret.
1406 4865 1440 4915 ⁸⁶
1449 4879 1547 4916 ΜΝ
1561 4865 1631 4925 ¹²¹⁹·
1643 4868 1657 4932 ⁵
1667 4869 1721 4935 η’]

107 4984 162 5042 tus
176 4982 364 5059 protulerit,
379 4983 486 5045 effirso
503 4984 601 5061 longo
611 4986 742 5062 lateque
757 4986 903 5049 laudam.
957 4975 1092 5033 Ecclesiae
1105 4972 1293 5030 AntIochenae
1307 4971 1425 5043 preficit
1439 4972 1468 5028 iu
1483 4973 1675 5043 patriarcham
1690 4978 1752 5035 llei-

108 5078 150 5139 ἢ,
169 5080 437 5142 conservationis
456 5081 568 5152 odore,
598 5084 797 5158 Apostopqeae
807 5085 901 5146 sedis
977 5065 1099 5132 nerium,
1115 5064 1143 5119 S.
1161 5063 1298 5118 Romanae
1316 5061 1451 5117 Ecclesia
1474 5062 1749 5122 vicecanmhsrlum.

108 5178 290 5237 auctoritas
298 5177 512 5238 considerans
522 5194 580 5257 pro
592 5180 731 5240 Marthae
744 5181 903 5243 sollieitu·
995 5197 1014 5239 c
1033 5182 1114 5239 Cum
1133 5178 1289 5238 dilectum
1302 5179 1452 5238 nostrum
1473 5181 1668 5254 magistrum
1685 5184 1749 5242 Ρ...

107 5272 903 5353 dlueprovidendumesseMariaequietl,utoran·
956 5278 1158 5352 capuanum,
1180 5290 1276 5350 quem
1295 5274 1571 5350 deputaveramus
1593 5277 1633 5337 ad
1658 5281 1750 5353 regi-

107 5370 151 5431 tls
174 5371 292 5431 Mariae
313 5370 484 5446 suffragiis
508 5373 736 5448 satagentibus
762 5377 902 5439 Marthae
955 5390 1030 5435 men
1045 5372 1196 5435 ecclesiae
1210 5374 1412 5442 memoratas,
1429 5373 1518 5433 circa
1533 5389 1595 5434 nos
1608 5376 1697 5436 certa
1711 5378 1751 5438 de

107 5465 297 5527 sollicitudo
307 5468 483 5529 ministerii
489 5472 677 5545 juvaretur,
690 5486 731 5532 ne
739 5472 902 5535 alienite·
955 5486 1057 5533 causa
1080 5469 1323 5546 providerimus
1347 5469 1574 5541 retinendum,
1598 5473 1748 5535 eumdem

107 5563 269 5643 maritatis
280 5564 436 5625 incursus
447 5580 514 5627 reae
526 5568 788 5629 conservatlonls
798 5570 901 5631 chum
955 5569 990 5630 ln
1025 5568 1166 5629 tratrum
1206 5566 1398 5629 nostrorum
1439 5566 1618 5642 collegium
1649 5584 1750 5633 assu-

107 5660 335 5738 perturbaret,
351 5662 501 5723 ordinem
518 5662 625 5739 lpsnm
635 5666 667 5725 et
675 5665 859 5743 privilegiis
868 5670 901 5728 et
955 5665 1086 5737 mendo,
1101 5662 1234 5727 tandem
1253 5662 1299 5725 ad
1318 5662 1457 5735 multem
1475 5664 1668 5729 instantiam
1691 5670 1747 5731 di-
