3774 6186
112 310 170 371 833

114 469 286 534 humiliter
311 473 520 548 supplicaris,
548 472 775 550 multiplicatis
803 473 909 535 inter-

113 568 319 631 cessionibus
339 570 568 647 plurimorum,
590 575 625 633 ut
640 572 673 632 in
691 572 828 633 Livonia
842 587 906 632 no-

114 683 189 728 vam
212 683 328 730 creare
357 668 563 746 metropolim
585 669 815 745 dignaremur,
846 684 907 729 nos
941 740 945 745 .

114 763 213 838 buius
240 766 290 827 rei
321 767 580 827 circumstantiis
605 767 741 842 provide
765 767 909 826 circnm-

115 863 248 938 apectis,
273 864 306 924 id
343 864 489 924 nondum
526 864 684 940 expedire
717 864 907 925 Livoniensi

114 959 265 1020 ecclesias
273 960 485 1032 arbitrantes,
498 978 613 1038 preces
624 964 698 1022 tuas
709 962 749 1022 ad
762 978 907 1038 praesens

116 1058 326 1134 nequivimus
350 1059 511 1121 exaudire
539 1060 722 1120 differendo
740 1059 908 1136 petitionis

115 1155 280 1225 ellectum,
294 1158 330 1217 ut
343 1171 416 1216 eum
428 1156 599 1218 efficacius
611 1156 819 1218 conferamus
830 1159 909 1218 tern-

115 1267 195 1328 pore
211 1256 407 1330 opportuno,
420 1254 511 1314 illius
526 1255 691 1330 exemplo,
701 1255 757 1329 qui
774 1254 909 1330 petitio-

114 1364 189 1410 nem
212 1351 328 1411 matris
354 1351 495 1412 illiorum
518 1351 665 1413 Zebedaei
692 1352 800 1412 minus
822 1357 908 1413 recte

113 1447 290 1524 prolatam,
300 1448 431 1509 tandem
447 1449 486 1510 ad
503 1450 615 1510 votum
631 1449 791 1526 supplicis
804 1465 910 1511 exau-

113 1544 208 1605 divit.
222 1545 363 1623 ldeoque
378 1545 619 1608 fraternitatem
631 1549 721 1608 tuam
739 1563 909 1608 monemus

113 1643 250 1713 attente,
264 1646 425 1720 quatenus
434 1645 567 1721 propter
577 1644 639 1706 hoc
648 1644 909 1705 nullatenusmo-

114 1741 237 1811 vearis,
255 1742 311 1802 sed
332 1742 373 1803 de
386 1742 506 1816 gratia,
519 1743 553 1804 et
570 1741 683 1802 lavore
699 1744 812 1803 nostro
828 1757 908 1802 rur-

112 1852 186 1898 sum
202 1839 348 1908 studeas,
364 1839 442 1916 quia
464 1855 524 1901 nos
541 1839 581 1901 ad
604 1840 786 1917 proiectum
804 1841 907 1911 tuum,

114 1936 146 1997 et
161 1934 313 1998 ecclesia
325 1937 534 1998 livoniensis
549 1953 644 2013 opem
657 1939 690 1998 et
705 1952 838 2013 operam
853 1937 910 1997 im·

115 2032 309 2110 pendemus,
325 2035 447 2096 nostris
455 2037 646 2111 reputantes
655 2034 741 2096 votis
751 2035 909 2095 accedere

114 2130 349 2208 quidquidtibi
373 2132 510 2193 bonoris
542 2134 575 2193 et
599 2133 716 2207 gratiae
727 2133 908 2208 poterimus

115 2227 265 2304 elargiri.
283 2231 401 2291 Datum
416 2229 634 2301 Viterbii‚Vll
649 2229 721 2290 idus
742 2228 906 2300 novemb,

116 2327 350 2403 annoquarto.

478 2452 545 2538 XL

117 2575 372 2648 coepiscopum
381 2578 646 2648 Karteotensem,
659 2577 693 2637 et
706 2579 910 2638 Norwtcca·

153 2673 871 2750 senaelectum,Apostolicoescdlstcpctum.

417 2785 435 2844 9
450 2801 516 2843 nov.
535 2787 612 2844 lais.

226 2889 354 2954 sl‘bciner.
370 2893 437 2942 bion.
449 2891 583 2950 Hiberniae,
595 2898 614 2941 t.
628 2893 694 2948 xlv,
710 2907 735 2941 n.
748 2893 800 2957 ab]

151 2987 311 3056 iudicibus,
326 2998 460 3047 moneant
476 2991 632 3063 principem
646 2991 801 3047 insularum
817 2997 874 3047 uta

186 3077 364 3135 molestando
375 3079 510 3151 episcopo
521 3094 582 3136 suae
592 3078 707 3136 ditionis
719 3077 847 3136 desistat.

158 3187 326 3247 Honorius
365 3188 549 3264 episcopus,
589 3187 773 3249 venerabili
816 3186 910 3248 tratri

117 3283 274 3360 episcopo
304 3284 522 3356 Karleolensi,
549 3288 581 3346 et
613 3286 733 3347 dilecto
771 3285 839 3347 tilio
874 3287 908 3346 Ρ.

118 3380 330 3440 Norwicensi
345 3380 460 3449 electo,
477 3381 661 3443 camerario
675 3383 799 3452 nostro,
812 3387 912 3459 Apos-

119 3476 230 3537 tolicae
247 3477 340 3537 Sedis
356 3476 474 3552 legato,
489 3478 641 3539 salutem.

157 3574 367 3634 Venerabilis
381 3574 482 3634 irater
493 3579 616 3647 noster,
632 3577 806 3654 episcopus
817 3579 913 3639 insu·

117 3670 227 3731 larum
242 3674 275 3731 in
293 3673 404 3732 nostra
421 3675 591 3748 proposuit
610 3677 786 3750 praesentia
809 3692 909 3736 cons-

118 3768 248 3838 titutus,
265 3769 349 3845 quod
370 3768 465 3830 bonae
478 3773 647 3832 memoriae
669 3774 709 3831 N.
727 3772 912 3833 insularum

117 3865 274 3942 episcopo
290 3866 535 3942 praedecessore
550 3884 610 3929 suo
629 3869 718 3929 viam
747 3870 912 3930 universae

119 3963 233 4024 carnis
250 3964 413 4039 ingresso,
437 3964 549 4027 dilecti
575 3965 636 4025 filii
666 3967 847 4028 conventus
873 3967 913 4027 de

118 4060 293 4131 Fumesi0,
310 4060 351 4121 ad
364 4077 447 4137 quos
462 4062 646 4122 insularum
660 4063 806 4139 episcopi
822 4063 913 4124 elec·
929 4088 932 4093 ·

118 4156 166 4218 tio
178 4157 374 4234 pertinebat,
390 4160 624 4219 convenientes
640 4160 800 4231 inunum,
818 4161 915 4221 invo-

118 4256 193 4316 cata
211 4255 356 4330 Spiritus
370 4256 481 4316 Sancti
492 4257 729 4333 gratiaipsnm
740 4258 774 4317 in
790 4257 915 4335 episco-

119 4367 199 4428 pum
213 4351 397 4412 insularum
420 4353 623 4414 unanimiter
648 4356 681 4415 et
707 4355 915 4416 concorditer

118 4448 303 4525 elegerunt,
321 4465 360 4510 ac
375 4450 483 4525 ipsum
495 4466 569 4511 cum
586 4452 718 4512 decreto
742 4453 914 4513 electionis

118 4546 381 4608 confirmandum
396 4547 437 4607 ad
452 4548 677 4609 venerabilem
689 4548 826 4611 fratrem
836 4566 916 4611 nos-

118 4646 209 4706 trum
229 4644 463 4705 Dublinensem
479 4646 766 4723 archiepiscopum
792 4651 916 4710 metro-

119 4741 304 4819 politanum
319 4741 394 4814 loci,
412 4742 557 4817 legatum
582 4743 676 4804 Sedis
704 4745 914 4821 Apostolicae,

119 4838 391 4906 transmiserunt,
410 4855 469 4915 per
492 4855 570 4900 suas
594 4841 722 4903 litteras
746 4841 916 4903 humiliter

120 4936 413 5014 supplicantesnt,
422 4937 583 4998 electione
593 4938 913 5016 confirmataipsius,

120 5033 328 5110 impenderet
351 5050 472 5096 munus
504 5035 766 5097 consecrationis
790 5037 913 5110 eidem;

121 5130 179 5207 qui
203 5130 395 5192 examinata
419 5131 581 5192 electione
601 5133 726 5209 pariter
746 5135 779 5194 et
799 5134 915 5204 electo,

121 5243 198 5289 cum
210 5228 241 5289 ei
255 5227 296 5288 de
307 5227 486 5290 idoneitate
502 5245 652 5305 personae
663 5229 768 5307 ipsius
780 5246 820 5292 ac
830 5231 918 5293 elec-

121 5325 213 5389 tione
223 5325 388 5386 canonica
402 5327 616 5398 constitisset,
631 5327 827 5389 electionem
837 5344 919 5389 con-

123 5423 269 5485 firmavit
279 5424 439 5494 eamdem,
452 5422 517 5484 sibi
528 5440 647 5485 munus
658 5426 918 5488 consecrationis

123 5521 331 5598 impendens,
346 5535 385 5581 ac
400 5522 528 5582 eumad
544 5522 770 5599 episcopatum
787 5523 917 5584 insula-

125 5635 198 5681 rum
215 5635 289 5679 cum
303 5618 423 5680 litteris
438 5618 627 5691 destinavit,
639 5619 721 5679 dans
731 5619 917 5691 abbatibus,

734 309 962 373 EPISTOLAE.
987 312 1063 372 nto.
1089 312 1142 371 lv.

1695 311 1755 374 334

962 470 1140 548 prioribus,
1157 470 1403 532 archidiaconis
1425 473 1457 535 et
1481 471 1637 533 universo
1665 471 1755 535 clero

961 569 1126 630 insulanae
1142 568 1295 630 dioecesis
1308 568 1342 629 in
1356 570 1531 642 mandatis,
1543 570 1580 631 ut
1591 584 1666 630 eum
1674 569 1756 631 tam·

962 683 1059 744 quam
1073 669 1200 743 patrem
1224 669 1257 726 et
1279 667 1445 743 pastorem
1467 667 1654 728 animarum
1676 682 1756 728 sua-

962 780 1035 824 rum
1048 764 1246 840 recipientes
1263 763 1433 825 humiliter
1447 767 1480 825 et
1494 764 1621 834 devote,
1641 764 1753 826 bono-

962 877 1031 922 rem
1042 862 1311 923 acobedientiam
1322 861 1755 925 sibidebitamexbiberent.

964 961 1121 1036 Princeps
1148 961 1259 1021 autern
1290 961 1388 1020 terras
1412 959 1533 1035 ipsius,
1557 962 1590 1021 et
1622 960 1756 1037 quidam

962 1056 1021 1117 alii
1046 1057 1198 1118 dioecesis
1232 1057 1396 1118 insulanae
1426 1073 1492 1117 non
1535 1057 1754 1142 attendentes,

962 1152 1048 1230 quod
1064 1154 1158 1217 laicis
1172 1155 1322 1231 quamvis
1335 1154 1503 1230 religiosis
1522 1169 1622 1231 super
1648 1156 1758 1217 eccie-

962 1250 1023 1312 siis
1039 1252 1090 1312 vel
1106 1253 1259 1329 personis
1277 1252 1513 1313 ecciesiasticis
1534 1252 1626 1314 nulla
1641 1253 1691 1314 est
1705 1254 1758 1314 at-

962 1349 1084 1411 tributa
1114 1351 1275 1427 potestas,
1301 1365 1384 1426 quos
1416 1350 1617 1427 obsequendi
1646 1352 1758 1412 manet

964 1447 1158 1515 necessitas,
1195 1462 1260 1507 non
1287 1447 1469 1509 auctoritas
1495 1447 1693 1523 imperandi,
1722 1448 1758 1509 ut

964 1561 1039 1604 eum
1073 1544 1283 1621 impedirent,
1306 1545 1482 1621 quominus
1512 1545 1757 1624 possessionem

963 1642 1068 1719 ipsius
1108 1644 1318 1719 episcopatus
1355 1641 1505 1704 obtinere
1536 1643 1680 1716 valeret,
1714 1660 1758 1707 ne

963 1740 1072 1816 ipsum
1082 1741 1280 1816 reciperent,
1292 1740 1382 1801 clero
1392 1740 1592 1817 prohibuere
1605 1740 1755 1818 praetato;

963 1837 1048 1898 alias
1070 1837 1133 1897 sibi
1148 1839 1180 1899 et
1199 1837 1351 1898 ecclesiae
1366 1852 1436 1900 suae
1451 1836 1571 1899 damna
1585 1838 1703 1915 gravia
1722 1841 1757 1900 et

964 1934 1105 2012 injurias
1127 1934 1308 2010 irrogandi.
1340 1934 1423 2008 Quia
1449 1951 1530 1998 vero
1557 1934 1699 1998 fratrum
1724 1937 1759 1998 et

963 2033 1233 2109 coepiscoporum
1246 2034 1435 2095 nostrorum
1443 2049 1623 2109 gravamen
1631 2033 1759 2097 indebi-

963 2131 1033 2192 tum
1060 2129 1312 2192 conniventibus
1336 2131 1442 2192 oculis
1464 2132 1669 2208 pertransire
1695 2148 1757 2194 nec

962 2227 1125 2298 volumus,
1144 2242 1206 2288 nec
1221 2227 1388 2298 debemus,
1415 2228 1609 2292 discretioni
1636 2232 1757 2292 vestrae

963 2340 1022 2401 per
1031 2325 1221 2400 apostolica
1235 2325 1357 2401 scripta
1371 2325 1576 2398 mandamus,
1594 2328 1757 2404 quatenus

963 2421 1757 2502 praefatumprincipemetalios,utapraesump-
1805 2413 1810 2421 ’

964 2519 1053 2582 tione
1069 2519 1257 2596 hujusmodi
1272 2519 1481 2591 desistentes,
1492 2521 1683 2583 nullatenus
1699 2537 1759 2598 per

964 2632 999 2677 se
1014 2617 1066 2677 vel
1081 2633 1140 2692 per
1154 2617 1237 2678 alios
1260 2617 1451 2694 impediant,
1469 2618 1645 2694 quominus
1666 2635 1758 2696 prae-

964 2714 1070 2775 dictus
1097 2715 1272 2790 episcopus
1299 2715 1509 2790 episcopatus
1538 2716 1590 2777 sui
1620 2716 1760 2793 pacifica

963 2811 1074 2874 valeat
1098 2812 1308 2887 possessione
1343 2812 1501 2887 gaudere,
1535 2815 1759 2890 competenter

965 2909 1207 2970 satisfacientes
1221 2908 1285 2969 sibi
1294 2909 1335 2969 de
1346 2909 1476 2970 damnis
1487 2911 1519 2971 et
1527 2911 1660 2989 injuriis
1672 2911 1760 2974 irro-

964 3007 1064 3080 gatis,
1093 3007 1255 3067 moneatis
1291 3007 1470 3083 prudenter
1509 3008 1543 3069 et
1581 3008 1760 3071 efficaciter

964 3103 1139 3174 inducatis,
1157 3106 1189 3164 et
1204 3103 1233 3163 si
1248 3118 1384 3164 necesse
1396 3102 1508 3173 tuerit,
1524 3104 1614 3181 ipsos
1630 3106 1670 3166 ad
1694 3105 1758 3167 boc

965 3215 1024 3276 per
1038 3200 1299 3261 ecclesiasticam
1324 3215 1511 3273 censuram,
1535 3200 1760 3278 appellatione

965 3300 1104 3368 remota,
1131 3298 1217 3359 sicut
1243 3299 1368 3373 justum
1398 3296 1512 3368 suerit,
1541 3298 1757 3376 compellatis.

966 3397 1040 3456 Non
1055 3394 1207 3456 obstante
1231 3394 1465 3456 constitutione
1490 3395 1629 3458 concilii
1653 3412 1759 3473 gene-

965 3493 1058 3564 ralis,
1075 3495 1137 3554 etc.

1008 3592 1125 3651 Datum
1141 3587 1293 3659 viterbii,
1306 3589 1334 3650 V
1347 3588 1424 3649 idus
1436 3589 1637 3664 novembris,
1652 3591 1763 3669 ponti-

967 3688 1084 3748 ficatus
1099 3686 1205 3748 nostri
1219 3701 1307 3747 anno
1323 3687 1454 3764 quarto.

1320 3846 1408 3932 XLI

1027 3972 1080 4030 Ad
1097 3972 1393 4043 archiepiscopum
1415 3972 1703 4034 Gatrtuartensem

1128 4067 1161 4128 et
1177 4069 1371 4140 episcopam
1392 4070 1607 4129 Rosscnsem.

1261 4180 1292 4235 ii
1307 4194 1372 4236 nov.
1390 4179 1470 4236 1219.

1031 4283 1161 4348 [Thainar,
1171 4284 1262 4335 Vetera
1270 4285 1335 4334 bion.
1346 4285 1514 4335 ilibemomm
1524 4290 1550 4335 et
1558 4285 1701 4346 Scotorum,

1280 4377 1305 4428 p.
1316 4363 1354 4422 ta,
1363 4379 1388 4413 n.
1398 4364 1450 4429 28]

967 4461 1123 4531 lodicibus,
1137 4469 1169 4520 ut
1182 4462 1349 4534 episcopum
1360 4462 1623 4522 waterfordensem
1639 4464 1675 4523 ab
1687 4481 1766 4525 usur

1004 4559 1068 4624 pata
1080 4551 1200 4608 ecclesia
1209 4551 1384 4608 Lismorensi
1394 4555 1763 4629 amoveanteamquelegi-

1003 4641 1072 4696 time
1084 4640 1177 4696 electo
1193 4639 1352 4696 restituant.

1011 4746 1177 4807 Honorius
1186 4747 1372 4823 episcopus,
1380 4763 1497 4809 servus
1509 4763 1682 4811 servorum
1690 4750 1761 4824 Dei,

969 4842 1216 4905 venerabilibus
1230 4843 1388 4906 iratribus
1401 4844 1577 4917 cardinali,
1590 4847 1660 4909 et...
1674 4848 1766 4925 epis-

970 4956 1052 5017 copo
1078 4941 1248 5012 Rossensi,
1266 4943 1299 5003 et
1322 4941 1442 5002 dilecto
1471 4941 1540 5004 tilio
1565 4945 1602 5004 P.
1625 4945 1764 5008 Norwi·

970 5037 1062 5100 censi
1077 5038 1194 5109 electo,
1211 5038 1396 5100 camerario
1415 5041 1541 5110 nostro,
1567 5042 1765 5119 apostolica

972 5136 1067 5197 Sedis
1082 5135 1203 5212 legato,
1222 5135 1363 5197 salutem
1380 5138 1413 5199 et
1427 5138 1644 5214 apostolicam
1658 5138 1764 5203 bene-

971 5232 1160 5294 dictionem.
1668 5244 1684 5305 ‘.

1012 5328 1221 5390 Venerabilis
1234 5328 1338 5392 frater
1352 5332 1467 5393 noster
1480 5334 1519 5393 R.
1544 5331 1766 5397 Lismorensis

972 5426 1146 5503 episcopus
1173 5426 1208 5486 in
1237 5428 1351 5489 nostra
1391 5428 1561 5505 proposuit
1588 5433 1766 5506 praesentia

972 5524 1184 5590 constitutus,
1198 5525 1283 5602 qnod
1298 5540 1371 5586 cum
1387 5523 1482 5586 bonae
1498 5527 1667 5590 memoriae
1678 5530 1769 5592 'lbo-

973 5636 1044 5683 mas
1072 5621 1276 5683 Lismorensi
1305 5621 1460 5699 episcopo
1485 5623 1575 5684 viam
1601 5625 1767 5692 universa
