3774 6186
681 286 914 347 EPISTOLAE.
938 286 1015 347 LIB.
1040 288 1077 346 V.

55 611 109 672 Ad
122 611 417 684 arehiepiscopum
428 609 645 671 Auellanam
664 608 697 671 et
721 610 853 681 episeo-

93 722 179 781 pnm
192 709 486 770 conseranensem
505 722 546 768 oe
559 707 716 770 olentem
740 708 850 767 Boni·

96 805 203 879 sontis
219 809 376 868 diaecesis
391 808 646 867 Conoenornm.

341 929 376 987 27
396 943 461 985 nov.
484 928 562 986 12211.

181 1033 335 1100 {haudque
349 1031 416 1083 dnn.
428 1033 543 1092 Cistere„
553 1033 595 1091 lV,
606 1047 631 1097 p.
646 1031 713 1096 lla]

56 1141 175 1201 usnam
185 1143 228 1199 eis
242 1148 273 1199 ut
284 1140 321 1198 de
332 1141 388 1198 vita
400 1149 428 1197 et
440 1139 585 1197 miraculis
598 1137 755 1207 Bertrandi,
767 1151 854 1209 quon·

93 1231 160 1289 dam
176 1231 303 1303 episcopi
317 1230 527 1298 Convenarum,
543 1228 695 1301 diligenter
709 1227 855 1300 inquirunt

93 1327 123 1378 et
143 1317 220 1392 quod
242 1319 414 1389 invenerint,
434 1318 521 1376 curiae
537 1319 673 1375 Romame
692 1315 852 1374 communi·

93 1416 172 1467 ceni.

101 1516 311 1580 Venerabilis
333 1517 437 1580 frater
452 1519 564 1578 noster
578 1515 753 1592 episcopus
769 1514 856 1574 Con-

56 1631 220 1678 venarum
235 1615 392 1692 exposuit
412 1630 524 1677 coram
541 1613 647 1684 nohis,
661 1612 746 1690 qnod
760 1611 855 1671 bonae

59 1715 229 1775 memoriae
249 1713 466 1785 Bertrandus,
482 1714 711 1774 Convenarum
725 1710 857 1785 episco-

60 1828 133 1887 pua,
155 1810 256 1872 claris
280 1810 464 1880 miraculis,
493 1811 526 1870 et
553 1810 630 1870 dum
657 1806 795 1876 viveret,
823 1806 855 1866 et

59 1910 134 1985 post
147 1907 271 1970 obitum
283 1908 489 1980 coruscavit;
503 1907 588 1968 unde
600 1904 694 1967 vobis
710 1921 752 1966 ex
763 1903 856 1981 parte

60 2022 132 2077 sua,
143 2007 175 2068 et
187 2006 280 2077 cleri,
289 2002 714 2084 acpopulisuisupplicavit
727 2003 858 2063 instan-

60 2106 122 2176 ter,
147 2105 182 2166 ut
204 2120 304 2181 super
327 2104 380 2166 his
396 2102 581 2164 faceremus
605 2101 780 2163 veritatem
803 2098 857 2158 in-

61 2202 162 2279 quiri,
193 2205 357 2280 quatenns
383 2218 422 2264 aa
445 2202 588 2277 cognita,
615 2200 709 2261 illum
743 2213 859 2276 posse·

61 2317 134 2362 mus
151 2303 348 2363 Sanctorum
363 2301 513 2375 catalogo
535 2313 720 2375 aggregare
737 2317 744 2358 ε
761 2296 857 2357 ideo·

62 2414 125 2477 que
167 2397 361 2460 discretioni
402 2402 521 2460 vestrm
563 2412 622 2475 per
667 2393 858 2471 apostoliea

63 2497 186 2572 scripta
201 2496 410 2568 mandamus,
427 2498 590 2573 quatenus
606 2493 646 2555 de
659 2494 739 2562 vita,
753 2493 787 2552 et
801 2491 858 2550 mi·

60 2595 187 2655 reculis
209 2595 314 2671 ipsius
336 2594 497 2655 studeatis
519 2592 690 2669 inquirere
710 2589 858 2664 diligen-

61 2694 124 2764 ter,
139 2695 172 2753 et
187 2692 272 2769 quod
296 2692 503 2763 inveneritis,
527 2706 587 2766 per
610 2690 740 2749 vestras
764 2685 859 2747 nohis

62 2789 193 2850 litteras
227 2788 369 2851 fideliter
400 2788 574 2851 intimetis,
604 2787 700 2848 utin
727 2783 859 2859 negotio

61 2887 137 2962 ipso
158 2887 309 2949 securius
333 2886 513 2963 procedere
538 2883 718 2946 ualeamus.
741 2884 858 2943 Datum

63 2985 233 3055 Laterani,
246 2985 360 3062 quinto
380 2983 542 3045 kalendas
565 2978 759 3049 decembris,
772 2990 859 3040 anno

61 3082 193 3160 quinto.

424 3210 508 3298 CVI

76 3347 129 3406 Ad
145 3347 340 3408 Contrarium
355 3345 593 3406 scholasticum
607 3340 859 3418 dicerent-inunt.

322 3468 357 3526 27
377 3464 510 3525 novemb.
532 3463 612 3522 1220.

78 3576 213 3641 [llnynald.
225 3574 337 3627 Annales
348 3571 529 3624 ecclesiasten
539 3569 714 3627 unnumliili,
726 3569 740 3633 1
751 3567 848 3633 teet]

65 3685 189 3742 fluneiat
203 3680 346 3756 quomodo
360 3681 502 3738 exereitus
513 3678 690 3738 Christianus
703 3677 742 3733 sit
755 3677 784 3732 in
809 3689 859 3731 un·

102 3781 188 3846 gusto
202 3772 321 3845 positus.
342 3767 520 3843 sperandum
537 3776 635 3825 tamen
647 3765 722 3839 quod
739 3766 768 3822 in
782 3764 863 3822 brevi

101 3868 292 3929 succurretur,
308 3859 405 3916 multis
419 3856 626 3929 crucesignatis
639 3853 863 3912 trarrslrelaturis

103 3964 203 4007 mense
220 3949 331 4018 martio,
355 3953 384 4004 et
404 3945 552 4004 frederico
573 3945 743 4017 imperatore
764 3956 863 4000 mense

104 4046 237 4112 augusto.

108 4155 275 4218 Honorius
290 4154 464 4232 episcopus
480 4166 596 4213 servus
608 4166 779 4213 servorum
791 4148 861 4220 nei,

67 4251 221 4315 Conrado
244 4251 443 4313 scholastico
476 4248 726 4325 mogontiacae
753 4247 864 4325 prani-

66 4351 226 4413 tentiario
237 4352 363 4420 nostro,
378 4350 441 4409 eto.

106 4446 319 4511 Venerabilis
351 4444 455 4507 frater
482 4446 633 4506 noster...
665 4441 864 4504 albanensis

67 4543 460 4624 episcopus,npostolieae
475 4541 570 4603 Sedis
581 4541 722 4618 legatus,
736 4555 865 4601 necnon

68 4644 182 4706 dilecti
197 4642 258 4704 tilii
273 4642 449 4704 universus
466 4638 635 4701 exercitus
655 4637 865 4698 Christianus

67 4742 252 4803 existentes
271 4738 359 4816 apud
384 4736 569 4799 Damiatum
585 4735 619 4796 in
635 4734 773 4795 servitio
786 4736 866 4796 Jesu

70 4839 204 4909 Christi,
217 4837 287 4898 suis
300 4835 396 4898 nohis
411 4833 537 4897 nuntiis
552 4833 585 4894 et
599 4831 719 4892 litteris
730 4831 867 4892 intima-

70 4939 158 5007 runt,
171 4933 258 5013 quod
285 4949 373 4995 nuuc
396 4931 514 5012 mm'ori
533 4932 565 4991 et
584 4927 759 4990 maturiori
785 4942 865 4988 suc-

1646 291 1704 351 571

907 445 991 517 Quin
1008 445 1108 507 etlam
1123 444 1241 507 timent
1267 462 1307 507 ne
1323 447 1357 507 in
1383 448 1536 509 manibus
1560 448 1704 510 hostium

906 542 1150 619 relinquantur,
1167 542 1202 602 in
1218 543 1451 605 universorum
1471 545 1596 606 Christi
1622 545 1705 607 fide·

908 639 988 699 lium
1004 639 1218 717 opprobrium
1233 642 1471 717 sempiternum
1486 644 1520 705 et
1540 643 1574 704 in
1593 643 1706 720 perdi-

907 737 1031 798 tionem
1066 740 1257 814 perpetuam
1293 738 1430 801 modicae
1464 742 1564 802 tamea
1594 742 1706 803 trans-

908 835 1057 906 marinae,
1074 851 1146 912 quae
1162 835 1272 896 adhuc
1285 852 1303 896 a
1318 836 1439 898 Christi
1454 837 1605 899 fidelibus
1620 839 1707 900 obti-

909 935 1006 994 netur
1048 976 1644 997 ............
1695 981 1703 998 .

947 1030 996 1092 hd
1018 1031 1090 1091 heac
1108 1034 1144 1091 nt
1165 1030 1288 1092 laeteris
1310 1036 1344 1093 et
1366 1032 1452 1093 alios
1480 1034 1627 1096 laetifices
1643 1051 1706 1096 au·

909 1129 1048 1201 dientes,
1065 1128 1198 1190 noveris
1214 1130 1300 1205 quod
1316 1131 1511 1192 carissimus
1522 1133 1556 1192 in
1572 1133 1703 1195 Christo

910 1226 998 1287 tilius
1014 1228 1128 1288 noster
1142 1226 1338 1288 fredericus
1359 1230 1583 1290 Romanorum
1598 1230 1706 1307 impe-

909 1326 1001 1386 rator
1019 1325 1159 1386 illustris
1174 1325 1208 1386 et
1217 1341 1278 1386 rex
1294 1326 1418 1388 Siciliae
1435 1343 1540 1403 nuper
1552 1329 1587 1389 in
1599 1328 1708 1389 domi·

910 1423 985 1483 nica
1005 1439 1078 1500 qnae
1094 1422 1252 1499 praecedit
1261 1423 1461 1485 dominicam
1485 1425 1526 1485 de
1544 1424 1705 1498 Adventu,

911 1521 945 1580 in
971 1535 1068 1581 omne
1094 1536 1175 1597 pace
1198 1536 1238 1581 ac
1258 1517 1499 1598 tranquillitate
1521 1523 1706 1600 suscipiens

910 1617 950 1677 de
976 1617 1128 1678 manibus
1157 1618 1281 1679 nostris
1307 1619 1439 1695 imperii
1472 1619 1636 1690 diadema,
1671 1620 1706 1680 in

910 1716 1000 1775 omni
1011 1714 1186 1776 devotione
1204 1715 1312 1777 affixit
1327 1717 1396 1777 suis
1412 1717 1561 1778 humeris
1576 1717 1707 1795 publice

911 1812 1042 1888 signum
1067 1813 1187 1885 erucis,
1206 1815 1354 1890 praestito
1376 1831 1419 1875 ex
1443 1815 1562 1877 intimo
1586 1817 1707 1878 mentis

912 1910 1042 1972 feruore
1069 1911 1290 1986 corporaliter
1311 1915 1519 1989 juramento,
1556 1915 1643 1991 quod
1671 1915 1707 1975 in

913 2008 1063 2085 proximo
1096 2007 1199 2069 futuri
1234 2010 1360 2070 mensis
1389 2011 1522 2086 augusti
1551 2013 1706 2089 passagio

913 2105 1151 2178 transfretabit,
1189 2109 1326 2168 anctore
1361 2109 1511 2180 Domino,
1533 2109 1569 2168 in
1596 2109 1707 2170 subsi-

913 2203 1002 2263 dium
1033 2206 1145 2264 Terrae
1176 2206 1317 2276 Sanctae,
1346 2205 1552 2267 venerabilis
1578 2221 1708 2285 quoque

913 2299 1017 2361 frater
1039 2304 1190 2363 noster...
1215 2304 1373 2363 Metensis
1396 2304 1582 2381 episcopus,
1598 2304 1707 2382 impe·

913 2398 1007 2459 rialis
1021 2399 1107 2460 aulae
1122 2399 1343 2461 cancellarius
1359 2403 1392 2462 et
1412 2400 1524 2463 dilecti
1536 2401 1596 2463 filii
1613 2401 1711 2463 nobi·
1820 2454 1834 2468 ,

914 2497 961 2557 les
985 2496 1088 2558 viri...
1114 2495 1182 2558 dux
1211 2499 1362 2560 Bavariae
1392 2514 1432 2560 ac
1456 2501 1642 2561 Warnerus
1668 2501 1710 2562 de

913 2594 1085 2656 Bollandia
1102 2594 1244 2670 dapifer,
1266 2612 1395 2658 necnon
1412 2597 1471 2657 alii
1486 2595 1707 2671 marchiones,

914 2693 1062 2764 comites,
1088 2692 1230 2754 barones
1257 2694 1298 2754 de
1321 2695 1507 2756 Theutonia
1536 2699 1568 2758 et
1589 2696 1708 2773 Apulia

915 2791 1025 2867 plnres
1035 2806 1132 2867 quarn
1145 2791 1388 2868 quadringenti,
1402 2795 1519 2854 etcum
1532 2795 1579 2855 eis
1594 2811 1712 2856 nume-

914 2903 990 2948 rosa
1007 2887 1147 2948 militurn
1161 2889 1193 2948 et
1208 2888 1353 2964 peditum
1370 2890 1555 2961 multitudo,
1577 2866 1721 2968 recepto'

915 2984 1023 3060 palam
1038 2984 1146 3046 crucis
1164 2985 1348 3061 signaculo,
1371 2987 1404 3046 in
1422 2988 1574 3064 proximo
1593 3005 1712 3066 passa-

915 3082 969 3157 gio
996 3082 1107 3143 martii
1129 3097 1165 3142 se
1186 3082 1458 3145 transfretaturos
1484 3085 1519 3145 in
1543 3086 1710 3162 praedictae

916 3181 1027 3239 Terrae
1040 3177 1224 3238 subsidium
1240 3178 1459 3253 devoverunt3
1475 3183 1710 3259 propterquod

916 3275 1051 3352 expedit
1065 3277 1100 3337 ut
1111 3277 1335 3352 crucesignati
1350 3280 1383 3339 et
1400 3279 1654 3355 crucesignandi
1669 3280 1710 3340 ad

915 3372 1198 3435 transfretandum
1225 3374 1298 3434 sine
1322 3374 1411 3435 omini
1427 3391 1520 3436 mora
1543 3375 1710 3448 festinent,

917 3472 1081 3548 quatenus
1105 3470 1301 3533 coadunatis
1328 3471 1455 3532 viribus
1482 3473 1710 3549 procedentes,

917 3568 1062 3636 facilius,
1080 3571 1116 3629 ut
1131 3584 1316 3644 speramus,
1330 3572 1467 3631 auclore
1477 3571 1628 3642 Domino,
1647 3572 1714 3632 ini-

918 3665 1022 3727 micos
1049 3665 1194 3727 nominis
1229 3665 1406 3728 christiani
1435 3668 1569 3730 valeant
1597 3669 1713 3746 profli-

917 3778 1010 3838 gare.
1036 3765 1155 3823 Datum
1174 3764 1341 3835 Laterani,
1360 3767 1387 3824 V
1406 3764 1568 3826 kalendas
1582 3766 1714 3827 decem-

918 3859 997 3931 bris,
1011 3859 1221 3936 pontificatus
1236 3861 1342 3922 nostri
1357 3877 1446 3922 anno
1459 3862 1584 3940 quinto.

1259 4065 1366 4152 CVII

939 4202 991 4261 Ad
1005 4200 1158 4260 edentem
1174 4199 1208 4260 et
1223 4199 1429 4260 coercentem
1448 4203 1699 4277 Vieoqnensern,

1109 4297 1525 4360 dtoecesisntreootensis.

1172 4418 1206 4476 27
1225 4417 1358 4476 novemb.
1381 4418 1460 4478 1220.
1550 4422 1560 4437 ’

920 4533 1053 4598 [Bibliolh.
1064 4532 1199 4584 Nationale
1214 4533 1246 4583 de
1259 4533 1342 4590 Paris,
1357 4533 1433 4584 fonds
1443 4536 1554 4598 iloreau,
1567 4538 1717 4589 llanuserits

1175 4612 1261 4672 latins,
1270 4619 1289 4662 t.
1304 4613 1358 4671 128,
1370 4629 1396 4678 p.
1408 4614 1461 4680 tc]

920 4720 999 4779 lilius
1012 4726 1171 4777 conventus
1185 4734 1286 4776 omnes
1299 4721 1497 4792 possessiones
1513 4722 1672 4794 conflrmat,
1687 4733 1718 4784 et

978 4806 1031 4866 sub
1046 4807 1123 4865 nean
1137 4808 1212 4865 Petri
1228 4814 1257 4864 et
1269 4822 1321 4865 sua
1339 4809 1514 4881 protectione
1527 4811 1655 4885 suscipit.

963 4924 1634 5000 Honoriusepiscopus,servusservorum
1645 4933 1715 5004 Dei,

70 5049 181 5102 cursu,
208 5047 307 5109 qnam
332 5044 502 5106 uunquam
528 5024 720 5102 indiguerit,
740 5024 868 5099 indiget
922 5021 1052 5083 dilectis
1063 5020 1141 5082 filiis
1151 5020 1263 5082 abbati
1274 5024 1306 5082 et
1317 5023 1494 5084 conventui
1503 5025 1715 5103 Vicognensi,

70 5134 174 5193 Terra
189 5130 321 5199 Sancta,
336 5143 411 5189 cum
427 5126 539 5188 mullis
562 5124 602 5185 de
627 5121 777 5199 partibus
799 5121 867 5182 illis
922 5116 1062 5177 salutem
1077 5117 1110 5177 et
1123 5117 1340 5193 apostolicam
1356 5117 1631 5184 benedictionem.

70 5227 217 5290 reuersis
238 5227 279 5288 ad
298 5225 445 5303 propria,
463 5222 674 5284 Christianus
700 5219 867 5280 exercitus
964 5216 1181 5275 sacrosancta
1198 5216 1347 5276 Romana
1362 5215 1510 5279 Ecclesia
1529 5219 1666 5282 devotos
1686 5226 1719 5286 et

71 5325 114 5388 sit
136 5324 278 5386 nimium
299 5322 484 5385 rarefactus
502 5342 511 5379 ι
527 5319 574 5381 ita
589 5317 676 5394 quod
695 5316 759 5377 nisi
774 5315 868 5377 novis
923 5310 1066 5372 humiles
1080 5309 1166 5372 tilios
1176 5326 1219 5371 ex
1229 5314 1372 5374 assuetae
1383 5313 1517 5389 pietatis
1527 5317 1636 5379 officio
1646 5313 1721 5395 pro·

71 5420 287 5484 bellatoribus
296 5420 450 5482 celeriter
457 5415 674 5485 instauretur,
687 5428 753 5474 non
762 5411 869 5472 solum
923 5408 1060 5485 pensius
1073 5407 1212 5484 diligere
1226 5411 1410 5482 consuevit,
1431 5414 1471 5472 et
1483 5427 1525 5473 ne
1541 5430 1718 5489 pravorum

72 5522 197 5581 terram
222 5520 482 5579 sarracenorum
508 5511 645 5589 aggredi
669 5525 736 5572 non
763 5508 869 5570 aude-
923 5505 1094 5567 hominum
1106 5505 1267 5568 molestiis
1279 5508 1457 5583 agitentur,
1470 5524 1538 5581 eos,
1552 5515 1718 5590 tamquam

71 5616 163 5689 bunt,
181 5615 411 5677 verumetiam
423 5612 481 5673 vix
494 5610 648 5688 poterunt
661 5610 755 5695 parta
769 5606 866 5666 trieri.
924 5605 978 5680 pia
996 5607 1110 5674 mater,
1128 5620 1197 5664 srrae
1210 5605 1425 5680 protectionis
1436 5608 1617 5669 munimine
1639 5628 1719 5674 con·
