3774 6186
104 288 165 350 310

104 448 139 508 01
164 444 319 524 10101101
344 458 458 505 amare
484 443 667 505 debuerant
694 446 900 521 respuentes,

105 542 230 606 abeunt
240 543 460 620 postvestigia
471 557 608 618 gregum
616 541 774 603 etillicite
784 557 902 603 secon-

105 643 243 702 venunt
267 640 308 701 ad
339 641 537 716 pedisequas
559 640 806 715 amplectendas
829 656 901 716 quae

107 738 261 816 plausum
275 737 468 799 desiderant
482 737 695 813 populornm;
712 739 827 799 contra
839 737 903 797 hu-

101 835 250 912 jusmodi
264 836 520 911 praesumptores
536 836 696 895 exeuntes
706 835 747 894 ad
763 834 902 894 andien-

105 933 185 993 dum
209 933 299 1008 leges
323 932 376 993 vel
397 932 568 1009 physicam
599 932 705 992 ielicis
734 932 900 991 memoriae

108 1034 148 1092 A.
166 1030 391 1107 praedecessor
404 1032 517 1091 noster
531 1031 609 1091 olim
635 1030 750 1090 statuit
773 1030 805 1088 in
817 1043 899 1088 con·

106 1128 187 1188 cilio
199 1127 396 1197 Turonensi,
412 1129 458 1198 ut,
474 1128 538 1187 nisi
554 1125 792 1188 intraneorum
808 1141 903 1186 men-

110 1225 199 1285 sium
212 1225 356 1301 spatium
375 1225 417 1284 ad
433 1225 616 1286 claustrum
637 1224 796 1284 redierint
818 1223 903 1284 sicut

105 1323 386 1384 excommunicati
399 1320 440 1382 ab
454 1321 606 1382 omnibus
627 1322 803 1389 evitentur,
821 1320 902 1381 etin

106 1420 200 1480 nulla
213 1434 326 1490 causa,
335 1419 362 1478 si
374 1419 593 1494 patrocinium
610 1422 769 1494 praestare
781 1417 901 1478 volue-

106 1516 187 1587 rint,
198 1517 388 1577 audiantur.
401 1517 538 1577 Reversi
552 1517 661 1576 autem
678 1517 711 1575 in
728 1515 840 1582 choro,
851 1530 903 1574 ca-

107 1613 225 1690 pitulo,
235 1615 402 1684 mensaet
411 1614 541 1675 caeteris
550 1613 657 1674 ultimi
669 1612 807 1673 fratrum
817 1612 902 1671 01110-

106 1713 190 1782 tant,
219 1712 251 1772 et
281 1710 346 1772 nisi
382 1710 465 1773 torte
489 1726 532 1771 ex
555 1709 784 1771 misericordia
808 1709 901 1770 Sedis

107 1808 307 1886 apostolicae
328 1808 430 1870 totius
452 1824 543 1886 spem
559 1808 776 1885 promotionis
799 1806 901 1867 amit·

107 1908 191 1969 tant.
207 1908 328 1967 Verum
349 1906 426 1984 quia
443 1905 595 1966 nonnulli
610 1921 652 1966 011
666 1904 786 1966 talibus
800 1919 902 1980 prop-

106 2006 158 2065 ter
178 2002 395 2081 quorumdam
418 2004 592 2079 opiniones
612 2003 773 2071 diversas,
795 2017 901 2062 excu-

106 2100 293 2162 sationibus
304 2101 437 2178 aliquod
449 2100 670 2170 assumebant,
684 2115 743 2159 1100
754 2098 902 2160 volentos

104 2199 143 2259 ut
160 2198 243 2259 tales
257 2198 430 2259 decaetero
446 2199 517 2274 ipso
531 2198 617 2258 iacto
632 2197 828 2257 sententiam
843 2212 904 2255 ex·

102 2293 418 2355 communicationis
440 2292 623 2361 incurrant,
646 2293 794 2353 districte
816 2308 904 2369 prae-

99 2391 732 2468 011101111011101111οω001110101111010111
745 2405 763 2450 a
780 2390 904 2450 1110000-

109 2488 205 2550 sanis
226 2489 259 2548 et
284 2486 439 2563 capitulis
462 2488 620 2564 ipsorum,
641 2471 738 2562 q'uam
762 2486 901 2547 etiamn

105 2585 240 2647 caeteris
254 2582 418 2660 episcopis
434 2584 468 2643 in
485 2598 624 2660 quorum
645 2582 843 2643 dioecesibus
867 2584 902 2641 in

105 2681 300 2758 hujunnodi
322 2681 455 2743 student
476 2680 571 2752 tales,
594 2679 724 2740 sublato
749 2679 901 2756 appella-

106 2778 209 2840 tionis
223 2777 405 2849 obstaculo,
423 2777 700 2839 excommunicati
712 2779 745 2836 et
760 2777 902 2853 praedic-

107 2877 150 2938 tis
166 2875 274 2953 poenis
287 2875 423 2936 obnoxii
440 2875 569 2951 publice
590 2875 794 2935 nuntientur.
819 2874 902 2944 Quia

103 2987 168 3034 nos
192 2972 368 3048 theologiae
391 2973 541 3048 cupimus
568 2971 712 3032 studium
736 2969 900 3047 ampliari,

108 3072 144 3131 ut
165 3069 302 3132 dilatato
324 3067 458 3130 tentorii
474 3069 525 3128 sui
541 3069 626 3135 loco,
645 3068 810 3128 funiculos
826 3082 903 3127 suos

108 3166 211 3228 iaciat
228 3166 407 3242 longiores
428 3169 461 3227 01
479 3166 522 3226 011
542 3165 622 3225 fides
645 3165 809 3226 catholica
831 3165 902 3224 cir-

107 3264 296 3325 cumcincta
317 3279 411 3325 muro
426 3261 678 3339 inexpugnabili
693 3261 901 3332 bellatorum,

109 3362 232 3439 quibus
263 3361 419 3422 resistere
452 3360 562 3421 valeat
589 3359 842 3421 ascendentibus
863 3373 904 3418 ex

106 3459 262 3530 adverso,
280 3460 313 3519 et
325 3457 588 3528 archidiaconos,
604 3456 757 3527 decanos,
775 3471 905 3534 praepo-

108 3555 203 3623 sitos,
228 3555 397 3633 plebanos,
422 3557 586 3625 cantores
611 3556 643 3614 et
660 3554 744 3614 alios
764 3553 903 3614 clericos

107 3653 306 3730 personatus
319 3651 490 3722 habentes,
507 3666 634 3712 necnon
647 3653 678 3711 et
694 3650 904 3727 presbyteros

108 3749 175 3810 nisi
189 3748 231 3810 ab
244 3750 286 3810 iis
300 3749 389 3809 intra
406 3748 549 3824 spatium
564 3748 794 3824 praescriptum
808 3747 905 3808 desti-

107 3846 221 3917 terint,
234 3845 307 3907 haec
317 3845 450 3906 extendi
462 3845 614 3905 volumus
624 3845 669 3910 et,
681 3843 904 3921 appellatione

109 3942 312 4020 postposita,
340 3940 581 4003 inviolabiliter
607 3940 789 4001 observari.
819 3941 904 4000 Nam

109 4055 210 4119 quum
223 4039 291 4101 sint
304 4039 399 4100 multi
411 4053 579 4115 caupones
593 4052 713 4114 aquam
729 4036 808 4097 vino
823 4036 906 4097 mis-

109 4139 224 4200 centes
239 4135 373 4214 quinon
389 4134 495 4197 solum
511 4135 683 4195 involvere
704 4132 788 4193 laisa
802 4132 903 4204 veris,

110 4234 284 4297 sedetiam
302 4232 390 4293 diem
413 4233 448 4292 in
462 4231 591 4293 noctem
611 4232 742 4292 vertere
755 4229 904 4291 moliun-

111 4334 175 4403 tur,
190 4331 225 4391 in
240 4329 448 4391 firmamento
464 4329 539 4390 caeli
559 4330 710 4406 plantare
726 4327 905 4387 luminaria

110 4428 294 4491 dividentia
317 4427 404 4489 diem
429 4427 559 4488 anocte
571 4426 680 4486 valide
699 4424 904 4492 aflectamus,

112 4541 321 4603 summopere
348 4522 543 4599 ‘satagentes
571 4525 608 4584 ut
633 4517 675 4583 ad
708 4522 905 4599 capiendum

111 4624 228 4700 vulpes
256 4623 413 4700 parvulas
433 4637 506 4698 quae
531 4620 754 4682 demoliuntur
776 4620 904 4690 vineas,

112 4721 274 4783 bonorum
285 4719 467 4779 habeamus
480 4719 610 4796 copiam
626 4723 832 4788 venatorum,
850 4718 906 4793 qui

112 4833 247 4879 manum
263 4817 429 4878 mittentes
449 4816 489 4877 ad
511 4814 621 4885 sortia,
638 4817 753 4875 contra
769 4829 907 4890 perver-

113 4930 206 4976 sores
220 4912 299 4974 tidel
315 4914 381 4974 sint
396 4914 557 4991 potentes,
571 4927 672 4988 opere
682 4927 721 4972 ac
736 4926 906 4984 sermone;

113 5010 148 5071 hi
166 5008 280 5071 vestiti
300 5007 486 5085 duplicibus
501 5009 537 5069 ut
551 5008 742 5069 mereantur
763 5007 908 5084 duplicia

113 5105 296 5185 possidere,
312 5121 412 5182 quum
428 5104 586 5166 videbunt
604 5105 639 5164 in
654 5103 709 5165 die
727 5104 908 5164 novissimo

114 5203 154 5265 ad
166 5202 385 5281 jndicandum
396 5217 470 5262 cum
485 5202 583 5262 terrae
606 5200 814 5261 senatoribus
829 5216 910 5261 con-

114 5300 253 5370 cessuri,
266 5314 365 5375 porro
379 5314 479 5374 quum
497 5301 672 5373 argentum
687 5296 768 5358 alibi
790 5297 911 5358 habeat

113 5412 276 5459 senarum
289 5410 426 5456 suarum
443 5395 618 5472 principia,
629 5410 726 5472 quam
742 5394 911 5454 1111110101-

114 5509 186 5555 rum
206 5491 349 5564 tollitur,
376 5493 410 5553 01
423 5507 505 5553 auro
528 5492 619 5554 locus
643 5492 677 5551 111
702 5506 766 5567 quo
782 5490 909 5551 confle-

729 282 957 345 EPIS'I'OLAE.
982 283 1058 344 [1113.
1082 285 1135 344 iv.

1694 292 1755 354 seu
1804 315 1808 319 .

957 445 1022 514 tur,
1042 443 1086 504 sit
1104 441 1299 518 jamdudum
1325 444 1475 506 Parisius
1493 447 1677 523 deputatus,
1696 451 1752 514 ubi

956 541 1058 601 turris
1074 541 1178 601 David
1192 557 1267 601 cum
1286 542 1355 603 suis
1375 547 1632 620 propugnaculis
1647 564 1749 610 cons·

955 635 1030 699 titui
1052 638 1234 710 consuevit,
1259 655 1301 699 011
1323 656 1386 716 qua
1403 657 1468 701 non
1489 643 1596 705 solum
1623 644 1749 723 depen-

955 733 1034 796 dent
1062 736 1152 796 mille
1175 737 1293 814 clypei,
1322 738 1379 798 sed
1408 741 1514 800 omnis
1543 740 1613 803 tere
1640 760 1753 807 arma-

956 832 1029 892 tura
1042 832 1187 904 tortium‚
1198 834 1276 895 dum
1285 834 1637 900 indesinenterex'inde
1650 840 1752 904 sortes

955 945 998 990 ex
1008 929 1210 1002 fortissimis,
1227 930 1392 1008 prodeunt
1411 935 1561 995 tenentes
1575 937 1703 1012 gladios
1719 942 1752 1001 et

956 1026 996 1086 ad
1022 1026 1108 1087 bella
1129 1027 1325 1095 doctissimi,
1353 1030 1437 1105 qriod
1459 1030 1610 1093 ambiunt
1624 1051 1752 1110 peror-

955 1122 1029 1184 bem
1052 1125 1198 1201 undique
1220 1126 1378 1187 lectulum
1395 1127 1593 1190 Salomonis.
1612 1131 1750 1204 Quidam

956 1222 1025 1281 suis
1040 1222 1165 1284 divitiis
1181 1223 1367 1285 invidentes
1390 1224 1501 1287 dicere
1521 1228 1675 1289 videntur
1690 1246 1751 1307 pa·

956 1318 999 1378 tri
1022 1320 1098 1395 quid
1132 1335 1284 1396 generas,
1307 1322 1340 1382 et
1363 1324 1462 1384 matri
1491 1325 1568 1401 quid
1593 1329 1749 1402 parturis,

956 1415 1033 1475 dum
1047 1432 1142 1476 secus
1158 1416 1264 1479 altare
1279 1419 1431 1495 plantare
1458 1421 1568 1482 lucum
1588 1424 1620 1483 et
1641 1425 1750 1486 ancil·

956 1511 1022 1572 lam
1038 1508 1201 1574 haeredem
1223 1530 1291 1575 snae
1307 1516 1449 1577 dominae
1465 1519 1611 1593 gestiunt
1632 1519 1752 1583 subro-

955 1623 1046 1682 gare,
1064 1625 1252 1688 quanquam
1272 1613 1405 1674 ancillae
1422 1613 1510 1674 iilius
1525 1631 1600 1677 cum
1619 1617 1688 1679 tilio
1703 1617 1749 1679 li-

955 1704 1043 1767 berae
1057 1722 1122 1766 non
1136 1708 1254 1769 debeat
1267 1709 1375 1770 haeres
1391 1726 1475 1771 esse.
1498 1713 1642 1775 Currunt
1662 1716 1751 1778 enim

955 1802 1035 1863 illuc
1051 1805 1184 1880 quidam
1198 1805 1338 1881 improbi
1354 1823 1427 1868 cum
1442 1808 1674 1873 traditionibus
1685 1829 1751 1875 000-

956 1899 1119 1961 cularium
1141 1903 1328 1979 principum
1357 1905 1452 1981 quasi
1481 1907 1669 1971 1010100010
1703 1911 1750 1972 ibi

955 1997 1061 2059 velint
1075 1999 1202 2059 fabrum
1219 1999 1396 2061 serrarium
1411 2004 1586 2063 acuentem
1604 2006 1752 2081 gladium

956 2096 1013 2155 aut
1024 2095 1184 2166 lanceam,
1199 2113 1364 2158 vomerem
1380 2101 1413 2160 et
1432 2100 1598 2175 ligonem;
1621 2104 1655 2165 et
1675 2120 1751 2164 cum

957 2191 990 2251 in
1006 2192 1088 2252 locis
1108 2193 1260 2269 plurimis
1281 2195 1392 2271 plnres
1417 2196 1625 2273 habeautsui
1647 2201 1749 2262 studii

956 2287 1171 2364 professores
1195 2291 1281 2353 ultro
1305 2293 1459 2367 ingerunt
1480 2294 1622 2355 tiliorum
1644 2298 1750 2358 oculis

956 2401 1082 2447 merces
1098 2403 1175 2446 suas
1199 2391 1233 2450 ut
1253 2390 1403 2465 ipsarum
1428 2390 1530 2452 illecti
1549 2392 1695 2468 phaleris
1718 2398 1753 2457 et

956 2484 1129 2544 dulcedine
1142 2486 1322 2560 provocati,
1337 2501 1356 2546 a
1372 2489 1487 2548 matris
1503 2489 1750 2565 pulchritudine

956 2596 995 2641 ac
1008 2580 1132 2655 sapidis
1151 2581 1316 2653 uberibus
1339 2584 1586 2658 abstrahantur,
1608 2603 1674 2650 non
1698 2590 1751 2651 at·
1844 2616 1850 2621 ·

954 2676 1127 2738 tendentes
1140 2679 1226 2755 quod
1242 2683 1494 2754 coangustatum
1510 2684 1645 2745 estillic
1662 2686 1751 2748 stra-

955 2775 1036 2844 tum,
1063 2776 1095 2835 et
1119 2774 1189 2835 iere
1211 2779 1324 2837 arctus
1347 2779 1390 2839 sit
1415 2778 1507 2839 locus
1527 2780 1649 2842 ibidem
1672 2781 1751 2844 filiis

956 2872 1202 2946 prophetarum.
1217 2875 1303 2935 Saue
1319 2876 1397 2936 licet
1412 2880 1526 2938 sancta
1540 2879 1687 2942 Ecclesia
1700 2881 1750 2941 le-

956 2984 1033 3042 gum
1053 2971 1265 3030 saecularrnm
1290 2988 1357 3032 non
1380 2977 1515 3049 respuat
1540 2975 1748 3050 famulatum,

957 3081 1030 3140 quae
1043 3080 1133 3126 sanae
1149 3068 1304 3142 equitatis
1320 3071 1353 3130 et
1363 3072 1502 3145 Justitiae
1517 3075 1657 3149 vestigia
1673 3075 1752 3136 imi-

956 3163 1069 3222 tantur
1086 3184 1092 3221 :
1110 3164 1192 3235 Quia
1205 3166 1316 3226 tamen
1331 3167 1365 3226 in
1380 3169 1520 3228 Francia
1536 3173 1568 3230 et
1583 3173 1751 3237 nonnullis

958 3260 1150 3334 provinciis,
1179 3260 1257 3322 laici
1269 3265 1492 3324 Romanorum
1514 3266 1751 3343 imperatorum

957 3356 1085 3432 legibus
1101 3373 1167 3417 nou
1181 3360 1319 3420 utuntur
1337 3359 1369 3420 et
1393 3365 1571 3424 occurrunt
1592 3380 1669 3426 raro
1691 3381 1750 3427 ec-

958 3453 1153 3515 clesiasticae
1180 3471 1290 3516 causae
1312 3458 1408 3528 tales,
1435 3475 1508 3535 quae
1536 3462 1753 3538 nonpossint

958 3551 1089 3612 statutis
1098 3553 1268 3613 canonicis
1280 3554 1441 3632 expediri,
1455 3558 1490 3616 ut
1503 3557 1634 3632 plenius
1647 3575 1752 3621 sacras

959 3649 1087 3723 paginae
1108 3649 1283 3711 insistatur
1303 3653 1336 3712 et
1359 3651 1515 3729 discipuli
1531 3654 1642 3716 Elisaei
1664 3656 1751 3718 liba·
1833 3705 1837 3720 .

957 3745 1028 3804 rius
1040 3747 1137 3821 justa
1157 3746 1282 3807 fluenta
1299 3747 1493 3823 plenissima
1519 3752 1699 3822 resideant,
1716 3757 1753 3817 ut

958 3840 1128 3913 columbas,
1145 3842 1222 3902 dum
1238 3845 1272 3904 in
1282 3845 1396 3919 januis
1412 3846 1520 3907 scalas
1533 3864 1599 3909 non
1611 3850 1752 3911 invene·

958 3939 1035 4009 rint,
1053 3939 1094 3998 ad
1106 3955 1188 4016 quas
1204 3940 1391 4003 divaricare
1403 3943 1538 4004 valeant
1549 3945 1648 4021 pedes
1660 3964 1750 4016 suos,

959 4034 1098 4096 1111111101
1119 4036 1347 4098 interdicimus
1368 4040 1402 4099 01
1423 4039 1604 4102 districtius
1620 4043 1754 4105 inhibe-

959 4147 1031 4191 mus
1045 4148 1087 4193 ne
1103 4135 1242 4194 Parisiis
1257 4134 1309 4195 vel
1325 4135 1360 4195 in
1383 4136 1572 4198 civitatibus
1595 4155 1654 4200 seu
1676 4141 1754 4202 aliis

958 4227 1041 4288 locis
1063 4228 1183 4291 vicinis
1211 4230 1386 4308 qnisquam
1414 4231 1534 4294 docere
1558 4236 1611 4296 vel
1636 4237 1755 4299 audire

956 4326 1010 4402 jus
1034 4325 1132 4387 civile
1148 4331 1348 4403 praesumat3
1369 4332 1401 4390 et
1418 4331 1475 4407 qui
1490 4333 1606 4393 contra
1626 4333 1752 4408 iecerit,

960 4437 1025 4483 non
1046 4424 1156 4484 solum
1173 4439 1193 4484 0
1210 4441 1385 4487 causarum
1407 4428 1601 4504 patrociniis
1620 4430 1754 4494 interim

960 4520 1166 4593 excludatur,
1199 4538 1314 4583 verum
1344 4525 1443 4586 etiam
1476 4542 1535 4603 per
1564 4528 1754 4606 episcopum

952 4619 1036 4690 loci,
1060 4620 1283 4697 appellatione
1311 4624 1505 4699 postposita,
1526 4626 1757 4687 excommuni-
1834 4667 1838 4671 -

961 4716 1102 4777 cationis
1118 4717 1252 4779 vinculo
1268 4719 1457 4781 innodetur.
1475 4722 1540 4780 Vos
1556 4723 1666 4782 autem
1681 4721 1755 4784 ira-

960 4816 1028 4875 tres
1041 4816 1074 4875 et
1089 4813 1150 4875 tilii
1164 4815 1212 4875 sic
1228 4815 1421 4890 diligentius
1434 4817 1626 4895 praescripta
1642 4835 1757 4882 serve-

960 4912 1004 4972 tis
1022 4911 1055 4972 et
1073 4911 1204 4973 faciatis
1224 4912 1405 4974 studiosius
1421 4913 1461 4973 ab
1477 4913 1553 4974 aliis
1571 4913 1754 4991 observari,

962 5009 1047 5086 quod
1058 5009 1130 5069 veri
1143 5009 1242 5070 amici
1258 5009 1371 5084 sponsi
1387 5009 1521 5085 possitis
1532 5013 1650 5074 merito
1665 5030 1757 5076 com-

963 5104 1107 5180 probari,
1131 5103 1208 5166 dum
1233 5104 1471 5182 paranimphos
1500 5122 1578 5168 suos
1599 5109 1758 5171 erudien-

962 5202 1022 5263 dos
1033 5201 1073 5262 ad
1087 5201 1299 5279 epitalamica
1310 5202 1459 5265 carmina
1471 5206 1670 5266 curaveritis
1679 5223 1758 5282 pro-

964 5313 1107 5359 movere.

1004 5396 1123 5455 Datum
1145 5395 1297 5468 viterbii,
1316 5399 1345 5458 X
1373 5398 1533 5459 kalendas
1559 5398 1754 5472 decembris,

964 5490 1175 5568 pontificatus
1191 5495 1296 5554 nostri
1312 5510 1399 5554 anno
1415 5495 1544 5571 quarto.
