3774 6186
56 254 119 314 737
695 246 924 309 EPISTOLAE.
947 246 1025 308 LIB.
1048 246 1087 305 V.
1643 240 1705 301 738

331 420 585 509 CCLXXXIX
906 403 1313 485 repraesententlustam,
1329 402 1465 465 auctore
1477 402 1706 475 1199999199-

907 504 989 565 tiam
1012 502 1339 579 recapitularem
1360 502 1482 571 autem,
1506 499 1562 577 qui
1582 498 1706 561 luerint

907 600 1084 672 nominati,
1109 600 1140 661 si
1168 614 1203 661 99
1235 598 1357 675 gratia,
1384 596 1477 669 9119,
1502 596 1555 658 991
1583 597 1704 658 timore

908 697 1148 765 subtraxerint,
1162 710 1222 773 999
1236 710 1413 757 censuram
1429 693 1702 767 ecclesiasticam,

908 794 1131 873 appellatione
1146 794 1308 864 cessante,
1329 792 1457 868 cogatis
1478 790 1612 853 veritati
1634 792 1705 852 tes-

347 873 377 927 Η
394 878 477 928 ¹⁰³⁸·
495 871 575 927 ¹²²¹·
908 893 1082 956 timonium
1093 889 1281 968 perbibere.
1296 890 1387 963 Quod
1401 889 1431 949 si
1445 904 1512 950 non
1525 904 1639 951 omnes
1649 888 1704 949 his

208 987 300 1051 [aeter.
313 985 397 1037 C0d⁶¹
409 984 526 1049 upton..
535 985 591 1044 vn,
600 999 626 1046 v,
637 983 706 1050 ²²⁰·l
909 986 1129 1067 exsequendis
1153 986 1327 1065 potueritis
1351 985 1526 1059 interesse,
1547 986 1612 1047 199
1625 1000 1705 1047 999-

60 1093 178 1153 Mandat
192 1093 279 1151 91991
293 1092 329 1150 19
343 1091 456 1149 damnis
476 1091 629 1149 conventui
646 1091 742 1149 saneti
761 1092 853 1149 Bene·
889 1088 894 1096 '
909 1089 997 1148 trum
1011 1085 1229 1148 nihilominus
1243 1084 1479 1161 exsequantur,
1501 1084 1704 1145 1191999119-

97 1182 166 1241 dieti
181 1181 216 1240 ab
230 1180 446 1254 archiepiscopo
464 1180 654 1255 strigoniensi
669 1180 754 1237 illatis
768 1178 855 1237 19199-
910 1184 1031 1257 ter-ani,
1054 1184 1083 1244 v
1109 1182 1183 1245 idus
1209 1180 1332 1267 martii,
1360 1178 1571 1258 pontificatus
1596 1178 1704 1242 nostri
1824 1244 1830 1255 ,Ι

97 1278 188 1329 mim·
909 1297 998 1343 anno
1018 1280 1145 1358 quinto.

100 1379 270 1442 Honorius
280 1379 589 1456 episcopusservus
600 1394 771 1441 servornm
782 1377 853 1451 Dei,
1242 1401 1367 1490 ccxc

60 1477 194 1538 dilectis
220 1476 311 1548 filiis,
334 1477 512 1553 praeposito
535 1476 722 1549 (lauriensi,
743 1475 857 1538 archi·

64 1573 207 1636 diacono
226 1574 482 1651 vesprimiensi,
505 1575 538 1635 et
558 1573 687 1636 custodi
707 1572 854 1646 Albensi,
975 1541 1029 1600 Aa
1048 1540 1332 1650 armemffl’ffi‘
1349 1540 1535 1613 ep53⁰⁰p⁰⁸r
1552 1538 1629 1609 ma

63 1673 229 1748 vesprim.
244 1669 408 1743 dioecesis,
420 1671 572 1743 salntem,
586 1673 649 1734 etc.
1149 1636 1183 1697 εἰ
1197 1641 1283 1697 “²²⁰³
1294 1635 1469 1710 mmm·

104 1768 223 1831 Dilecti
250 1768 322 1839 1111,
351 1766 453 1829 91199
479 1768 512 1830 91
537 1767 718 1829 999999199
743 1767 857 1830 Sancti
1189 1754 1224 1812 ¹3
1243 1762 1326 1813 mart.
1344 1754 1424 1817 ¹²²¹·

61 1866 234 1930 Benedicti
254 1864 294 1927 de
313 1868 435 1937 Grana,
451 1865 646 1926 transmissa
662 1864 757 1927 99119
772 1866 857 1943 peti-
988 1868 1620 1936 [9999119991.ο((1.91999.,9.919,9.199.]

61 1966 155 2026 tione
170 1963 409 2033 monstrarunt,
428 1963 513 2040 qnod
535 1961 735 2025 venerabilis
754 1961 858 2025 frater
911 1979 996 2039 vetat
1014 1979 1148 2052 pentacos
1169 1976 1206 2036 ae
1230 1976 1398 2035 haersdtats
1424 1977 1575 2035 hommum
1597 1976 1708 2038 ordinis

61 2063 178 2124 noster
211 2060 452 2136 strigoniensis
486 2059 757 2137 archiepiscopus
788 2063 857 2122 tam
946 2065 1363 2140 ’11991991919999911999999
1374 2066 1565 2139 suorumplus
1576 2067 1705 2140 exigere,

62 2174 185 2236 99999,
203 2173 302 2235 quam
317 2173 376 2234 per
396 2155 557 2218 officiales
572 2173 650 2219 snos
664 2172 767 2234 super
780 2158 856 2235 qui·
946 2170 1032 2229 quam
1046 2161 1219 2214 testamento
1233 2155 1430 2225 sitsaneitnm,
1440 2160 1490 2212 aut
1500 2153 1630 2213 haeredes
1640 2170 1708 2214 cen-

61 2253 203 2316 busdam
222 2254 368 2331 praediis
393 2254 593 2316 animalibus
612 2257 645 2317 et
660 2254 760 2316 rebus
780 2255 857 2318 aliis
946 2244 1096 2304 cesserint.

61 2352 105 2415 ad
122 2369 218 2413 suum
232 2351 469 2414 monasterium
480 2351 606 2429 dejure
619 2352 856 2429 spectantibus,
951 2353 1119 2415 Honorius
1129 2354 1316 2431 episeopus,
1324 2368 1442 2415 servus
1452 2368 1625 2416 servorum
1632 2353 1705 2427 Del,

62 2449 186 2513 damna
210 2450 259 2512 eis
288 2450 405 2526 gravia
432 2448 630 2527 9119999199
658 2449 858 2527 multiplices
911 2450 1160 2513 venerabilibus
1194 2450 1352 2514 iratribus
1384 2451 1646 2529 archiepiscopis
1673 2454 1709 2515 et

10 2620 13 2625 ¹
62 2547 253 2624 irrogavit3
283 2562 344 2608 nec
376 2563 519 2623 unquam
546 2546 587 2609 ab
611 2562 651 2609 eo
681 2548 860 2625 potuerunt
913 2548 1078 2627 episcopis
1090 2550 1124 2612 et
1137 2549 1268 2611 dilectis
1284 2548 1362 2609 tiliis
1380 2548 1600 2612 ecclesiarum
1620 2564 1710 2626 919·

62 2645 187 2707 exinde
217 2644 477 2706 satisfactionem
511 2642 657 2722 aliquam
689 2645 856 2719 obtinere,
913 2647 1001 2719 19119,
1018 2647 1059 2708 91
1075 2663 1159 2725 quos
1180 2647 1300 2709 litterae
1315 2647 1389 2709 istas
1408 2648 1632 2724 pervenerint,
1652 2663 1710 2711 sa-

60 2742 144 2805 licet
163 2742 196 2803 id
216 2742 394 2819 plurimum
416 2742 587 2804 humiliter
605 2742 857 2820 postulaverint·
913 2744 1016 2807 lntem
1028 2748 1063 2808 et
1075 2744 1292 2823 apostolicam
1311 2744 1586 2807 benedictionem.

61 2842 211 2917 Cumque
227 2839 346 2901 1119919
362 2839 597 2912 1191999119,
614 2840 860 2903 991119999991
953 2844 1083 2916 Quanto
1095 2842 1290 2904 sincerioris
1305 2842 1457 2905 caritatis
1471 2843 1593 2906 9119919
1605 2843 1712 2907 dilec-
1844 2854 1850 2865 ‘

60 2938 237 3015 capellano
254 2939 379 3009 nostro,
392 2937 432 2998 19
446 2937 725 3000 mandatonostro
741 2938 776 2999 in
792 2939 860 3001 illis
914 2943 965 3003 tos
986 2940 1073 3001 111199
1095 2939 1217 3002 1991999
1236 2940 1419 3017 Hospitalis
1439 2943 1571 3004 Sanctae
1593 2942 1710 3005 Maria

61 3034 215 3113 partibus
239 3034 413 3107 existente,
429 3035 463 3094 in
479 3050 555 3096 eum
576 3036 734 3112 tanquam
748 3035 785 3097 in
804 3052 862 3099 ar-
913 3037 1192 3100 'lbeutonicorum
1228 3037 1523 3115 Hierosolymitani
1556 3054 1616 3116 pro
1647 3054 1711 3102 999

61 3132 188 3195 bitrum
203 3132 321 3194 brissei
334 3131 375 3193 ab
393 3134 533 3209 utraque
548 3136 642 3209 parte
657 3149 758 3211 super
768 3150 859 3212 9999-
915 3135 1088 3198 199991919
1102 3149 1142 3196 99
1153 3133 1317 3210 religione
1332 3133 1513 3210 diligimus,
1526 3136 1619 3197 tanto
1633 3151 1713 3212 pro-

62 3231 227 3293 missiset
246 3232 454 3293 99999911199
473 3232 763 3308 compromissum
782 3233 860 3311 quia
914 3231 1051 3310 pensius
1070 3229 1112 3292 ad
1136 3245 1176 3292 99
1199 3228 1408 3307 extirpanda,
1432 3245 1505 3306 qnae
1532 3230 1566 3292 in
1595 3246 1712 3293 eorum

61 3330 200 3393 interim
234 3329 349 3390 eodem
378 3329 629 3407 archiepiscopo
658 3330 699 3393 ad
733 3330 860 3393 curiam
915 3328 1147 3408 praejudicium
1169 3326 1326 3390 attentmi
1350 3326 1515 3399 dicuntur,
1538 3327 1713 3391 intendere

61 3427 231 3491 carissimi
243 3427 415 3489 inClrristo
424 3426 486 3487 tilii
496 3427 762 3501 nostri,illnstris
771 3430 861 3505 regis
915 3423 1712 3489 99199199999919991199119191999.1999991991

61 3526 248 3601 Hungariae
270 3525 458 3597 accedente,
480 3524 658 3603 praedictus
678 3527 779 3589 abbas
801 3543 861 3606 999
915 3526 1057 3590 fratrum
1068 3523 1165 3587 99119
1176 3524 1227 3586 991
1238 3522 1401 3585 relatione
1414 3524 1713 3603 suggestum,qu0d

61 3622 186 3685 dilecto
206 3622 287 3695 11119,
304 3622 408 3684 991111
430 3624 514 3695 9199,
536 3623 620 3685 1999
645 3625 805 3699 Pelonitn,
825 3626 861 3688 in
918 3624 1108 3687 sacerdotes
1121 3624 1158 3684 in
1174 3622 1296 3685 9991919
1322 3621 1520 3685 1199991199
1539 3623 1714 3687 constituti

62 3720 240 3785 Peloniam
253 3720 293 3782 19
308 3720 414 3797 199199
427 3721 516 3796 regis
531 3721 686 3784 mandato
702 3723 859 3800 perrexit,
916 3722 1070 3785 homines
1084 3720 1319 3799 predictorum
1336 3719 1476 3783 fratrum
1491 3721 1715 3799 parochianos

10 3892 13 3899 Ι
61 3816 211 3881 nondum
228 3833 246 3879 a
262 3816 400 3894 praeiato
422 3816 675 3895 archiepiscopo
694 3819 862 3897 99999119
916 3836 995 3881 snos
1006 3819 1122 3895 nolunt
1131 3818 1167 3880 in
1177 3818 1270 3880 obitu
1281 3819 1323 3881 ad
1336 3818 1539 3896 sepulturam
1551 3819 1713 3896 recipere,

10 3920 13 3927 '
62 3916 247 3995 potuerunt
258 3914 423 3992 justitiam
443 3914 610 3990 obtinere;
627 3917 862 3994 propterquod
917 3917 982 3979 nisi
1004 3933 1119 3980 eorum
1139 3916 1289 3978 19999199
1311 3915 1463 3977 debonis
1483 3916 1714 3979 detunctorum

61 4015 268 4075 memoratus
296 4012 398 4074 abbas
424 4012 466 4073 ad
491 4013 609 4074 sedem
637 4014 862 4091 apostolicam
916 4015 1042 4078 eisdem
1078 4012 1306 4076 sacerdotibus
1335 4013 1441 4076 velint
1467 4016 1566 4090 juxta
1599 4030 1716 4075 eorum

62 4109 289 4189 personaliter
301 4109 416 4171 999199
427 4110 572 4182 9999199,
585 4109 681 4172 99119
692 4111 863 4174 humiliter
916 4110 1716 4191 beneplacitnmerogare;quodqrramindignum

64 4207 278 4285 supplicavit,
302 4208 347 4279 ut,
370 4223 470 4285 quum
485 4208 621 4284 9999199
641 4208 788 4285 ejusdem
803 4224 863 4271 ar·
917 4213 961 4274 911
972 4214 1006 4273 91
1016 4209 1253 4273 ecclesiasticae
1263 4208 1417 4285 dignitati
1428 4209 1644 4282 contrarium,
1654 4224 1717 4271 nos

64 4304 272 4382 chiepiscopi
295 4305 476 4381 potentiam
497 4304 532 4365 in
554 4306 705 4382 partibus
725 4309 864 4385 Hunga·
918 4308 1050 4387 quidem
1065 4307 1196 4387 plenius
1211 4306 1441 4384 cognoscimus
1456 4309 1490 4368 91
1503 4306 1717 4371 discretionis

64 4404 127 4467 rim
142 4402 184 4464 19
199 4403 271 4480 1999
283 4403 450 4480 Justitiam
463 4402 587 4464 habere
601 4420 667 4466 999
681 4404 796 4482 999911,
814 4406 864 4468 919
918 4407 1038 4470 9991919
1051 4405 1198 4483 probitas
1215 4421 1282 4467 nou
1296 4405 1440 4481 ignorat.
1457 4406 1622 4477 Quocirca
1639 4407 1718 4468 nni·

10 4498 30 4535 '-
64 4500 250 4580 superbae
268 4501 441 4577 999911999
461 4501 724 4565 misericorditer
743 4503 864 4580 digna·
918 4503 1718 4581 999911911999199999199919119999919199999-

10 4612 36 4623 ·
62 4612 193 4663 199999.
220 4599 304 4671 Quia
332 4614 412 4660 9999
438 4598 535 4659 99119
561 4615 627 4661 999
652 4601 801 4664 constitit
824 4601 864 4663 de
919 4604 1046 4676 damus,
1078 4603 1242 4680 quatenns
1274 4601 1466 4664 sacerdotes
1500 4616 1559 4680 999
1587 4602 1717 4664 vestras

23 4728 35 4733 ··
61 4695 263 4775 praemissis,
289 4696 482 4758 discretioni
502 4698 622 4759 vestrae
642 4700 864 4777 9991199919-
919 4702 1079 4763 dioeceses
1105 4701 1301 4764 constitutos
1325 4715 1461 4762 monere
1484 4698 1663 4774 diligenter
1683 4702 1718 4763 et

10 4798 46 4835 ’Ξ
57 4790 134 4859 lica
152 4793 278 4869 scripta
296 4794 492 4856 mandamus
514 4796 689 4872 quatenus,
714 4796 865 4874 partibus
920 4798 1118 4876 compellere
1132 4798 1304 4870 studeatis,
1320 4799 1356 4859 ut
1373 4796 1525 4858 homines
1540 4797 1719 4873 99911919-

10 4926 34 4939 -
55 4892 272 4960 9999999119,
290 4892 434 4953 99119119
458 4907 606 4967 cansam,
622 4896 655 4955 et
674 4894 701 4955 si
726 4894 767 4956 de
786 4910 867 4972 999-
919 4913 993 4959 mm
1009 4896 1160 4967 19919999,
1177 4895 1284 4972 quiin
1306 4908 1422 4955 eorum
1439 4893 1608 4972 parochiis
1625 4909 1719 4957 com·

10 4996 34 5015 ··“
50 4990 152 5065 num
186 4989 387 5065 processerit
418 4989 601 5062 voluntate,
640 4991 865 5068 appellatione
920 4995 1103 5064 morantur,
1132 5008 1208 5054 cum
1234 5006 1291 5054 eos
1315 4991 1401 5052 mori
1427 4991 1615 5069 contigerit,
1643 4992 1718 5055 sine

10 5092 31 5133 -“
47 5085 210 5156 murem,
234 5085 301 5146 1199
325 5085 434 5147 191119
463 5087 661 5156 terminetis,
691 5088 864 5163 iacientes,
920 5090 1112 5171 hujusmodi
1126 5089 1320 5166 gravamine
1338 5088 1379 5150 ad
1403 5089 1608 5166 sepulturam
1623 5090 1716 5152 reci-

10 5196 22 5237 .·-
42 5182 156 5267 quod
172 5183 368 5255 statueritis,
382 5186 581 5247 auctoritate
595 5189 710 5248 999199
725 5187 867 5251 tirmiter
921 5190 1013 5268 piant
1030 5205 1097 5250 non
1119 5188 1195 5265 plns
1209 5186 1251 5248 ab
1271 5186 1320 5249 eis
1335 5186 1546 5265 aliquatenus
1566 5188 1718 5250 exacturi

10 5304 19 5331 =
43 5281 254 5349 observari.
271 5280 428 5359 Alioquin
440 5283 547 5359 ipsam
560 5283 601 5344 ad
612 5299 674 5346 nos
689 5286 866 5348 remittatis
921 5287 1139 5366 9999199199,
1155 5301 1252 5363 quam
1263 5283 1316 5346 991
1327 5284 1556 5347 decedentium
1567 5286 1718 5348 extrema

10 5392 19 5431 1
39 5377 277 5445 sufficienter
295 5379 505 5452 instructam,
528 5380 740 5459 praellgentes
761 5383 868 5460 parti·
921 5384 1075 5447 99199199
1089 5383 1142 5444 991
1155 5381 1324 5444 baeredum
1338 5382 1523 5445 liberalitas
1537 5383 1587 5444 eis
1602 5384 1719 5459 sponte

12 5472 129 5543 alsus
143 5476 325 5538 terminum
340 5480 594 5555 competentem,
608 5496 673 5557 quo
685 5496 745 5557 per
759 5497 805 5553 se,
814 5481 867 5542 vel
901 5481 1055 5560 ,duxerit
1063 5478 1637 5557 199919919919199919199991,111
1645 5480 1719 5543 idus

10 5574 282 5654 stesponsales
302 5574 442 5649 alienos,
468 5578 583 5639 nostro
612 5593 649 5639 se
674 5578 868 5656 conspectui
922 5579 1047 5653 martii,
1061 5576 1274 5657 pontificatus
1287 5578 1493 5641 nostriannc
1506 5577 1632 5656 quinto.

215 5718 330 5763 ramea.
345 5708 481 5765 9999111.
1511 5708 1548 5766 tl

58 558 111 619 11
126 555 613 630 999999911999119991999999,
640 554 854 615 9991111999-

99 668 185 714 ratem
204 654 494 749 t'esprtmtcnscm
504 652 537 713 et
551 651 726 712 custodem
736 652 854 711 Atten-

98 766 185 821 sem,
199 752 354 811 ‹ttoecests
370 750 644 822 teeprtmtensts.
