3774 6186
116 287 176 349 339
730 289 906 353 HONORII
928 288 973 348 111
995 289 1144 349 OPERA.
1705 292 1763 353 340

116 448 296 521 mitterent,
311 450 346 510 ut
361 447 501 525 cognitis
514 447 638 524 negotii
648 449 775 511 moritis
791 465 910 525 proce·
966 447 1079 509 nostro
1103 445 1232 509 scilicet
1255 448 1308 509 W.
1332 446 1460 511 decano
1480 448 1763 513 antissiodorensi

116 545 234 607 damus
254 545 289 607 in
304 546 388 623 ipso,
403 546 500 622 prout
518 547 606 608 esset
620 546 800 608 secundum
807 546 911 623 justi·
966 532 1148 605 absentiam
1164 560 1258 605 suam
1273 545 1421 620 legitime
1434 548 1630 618 excusante,
1646 546 1762 608 obser-

115 643 196 704 tiam
213 643 467 719 procedendum,
485 642 545 705 tibi
560 643 711 704 eumdem
733 643 910 705 terminum
966 642 1043 702 vata
1057 641 1162 702 forma
1178 642 1325 704 mandati
1340 643 1523 718 apostolici
1538 642 1635 705 nobis
1659 661 1761 721 praes-

117 740 337 817 praefigentes.
361 741 475 816 Nuper
497 743 608 802 autem
633 740 780 818 ipsorum
801 756 841 802 ac
855 742 912 801 tuo
967 737 1082 815 cripta,
1096 739 1320 801 venerabilem
1334 741 1460 816 patrem
1473 743 1613 802 Trecen.
1630 741 1761 818 episco-

115 836 386 913 procuratoribus
409 840 544 915 propter
563 839 626 899 hoc
641 839 676 898 in
691 840 805 899 nostra
818 854 911 915 prae·
967 852 1044 912 pum
1064 838 1230 899 Herveum
1253 852 1312 914 per
1333 838 1532 901 sententiam
1554 837 1762 900 diffinitivam

114 934 221 994 sentia
236 934 434 1007 constitutis,
455 951 497 996 ex
512 935 608 996 dictis
626 935 775 1013 eiusdem
795 949 913 1010 procu·
967 933 1168 994 absolvimus
1190 933 1232 994 ab
1251 935 1457 1010 impetitione
1476 934 1618 1007 abbatis,
1635 940 1670 998 et
1687 952 1765 998 con-

114 1031 237 1092 ratoris
255 1031 415 1108 ipsorum,
434 1035 467 1095 et
489 1033 589 1094 etiam
603 1049 647 1094 ex
660 1048 776 1093 eorum
791 1032 912 1094 littoris
967 1031 1085 1092 ventus
1104 1031 1372 1093 pontiniacensis
1388 1048 1489 1109 super
1508 1034 1665 1110 usuagio,
1681 1035 1764 1111 quod

115 1129 149 1190 et
170 1128 310 1205 quodam
329 1129 461 1206 publico
487 1131 708 1192 instrumento
735 1129 913 1206 perpendi·
966 1128 1067 1189 iidem
1087 1127 1189 1189 abbas
1218 1131 1251 1190 et
1271 1130 1453 1190 conventus
1474 1129 1631 1207 petebant
1654 1132 1689 1191 in
1708 1146 1766 1192 ne-

116 1241 201 1297 mus,
218 1227 303 1303 quod
318 1227 485 1299 affectant,
501 1228 671 1289 utelectus
686 1227 914 1290 confirmatio·
967 1224 1113 1286 moribus
1128 1224 1206 1287 dicti
1221 1227 1379 1303 episcopi,
1391 1230 1459 1289 tam
1471 1228 1511 1288 ad
1525 1229 1658 1305 pastum
1670 1244 1767 1306 peco-

116 1338 192 1385 nom
207 1325 239 1385 et
254 1325 536 1387 consecrationem
556 1341 576 1386 a
596 1327 628 1386 te
644 1325 785 1401 recipiat
802 1341 911 1402 saepe-
967 1339 1051 1394 rum,
1075 1324 1107 1385 et
1133 1323 1386 1385 aedificationem
1415 1325 1587 1385 domorum
1616 1341 1765 1397 suarum,

116 1420 236 1492 dictus,
253 1422 339 1483 unde
352 1438 418 1484 non
429 1423 625 1500 opponimus
634 1438 707 1494 nos,
724 1423 803 1499 quin
816 1423 913 1484 iubis
968 1436 1066 1497 quam
1081 1420 1200 1481 adalia
1215 1420 1460 1492 necessariam
1471 1424 1566 1498 cuius
1581 1423 1632 1483 rei
1644 1438 1768 1484 memo-

117 1518 241 1580 stallis
256 1519 627 1597 utareliberejuretuo.
643 1521 761 1584 Datum
774 1521 913 1583 viterbii
967 1518 1053 1579 riam
1079 1518 1111 1578 et
1125 1517 1362 1590 testimonium,
1377 1521 1559 1594 praesentes
1576 1519 1707 1582 litteras
1722 1520 1769 1580 si-

117 1615 149 1676 11
162 1615 237 1676 idus
257 1616 458 1690 novembris,
474 1618 686 1695 pontificatus
708 1619 814 1680 nostri
825 1634 913 1680 anno
968 1614 1124 1691 gillorum
1140 1617 1329 1676 nostrorum
1349 1615 1534 1677 munimine
1551 1615 1694 1678 fecimus
1709 1632 1767 1678 ro·

118 1715 247 1789 quarto.
968 1710 1091 1772 borari.
1107 1712 1224 1773 Actum
1246 1712 1387 1773 Senonis
1401 1712 1532 1789 publice
1547 1729 1639 1774 anno
1651 1715 1809 1790 gratias-

157 1812 200 1870 Ιιι
214 1813 371 1873 eumdem
385 1815 525 1874 modum
547 1813 707 1889 scriptum
727 1814 777 1876 cst
802 1812 915 1876 archi·
970 1811 1176 1870 talemense
1192 1808 1347 1871 octobris.
1363 1825 1382 1869 s

118 1904 259 1969 diacono
276 1910 310 1972 et
323 1909 468 1987 capitulo
482 1910 674 1973 Jadertinis.
1009 1906 1101 1968 Nulli
1122 1921 1213 1982 ergo,
1238 1908 1314 1978 etc„
1343 1906 1431 1969 hanc
1454 1908 1610 1985 paginam
1645 1909 1809 1978 nostr&

970 2003 1231 2066 confirmationis
1240 2002 1482 2081 infringere3si
1490 2005 1756 2082 quisautem,etc

467 2069 570 2171 XLV
970 2104 1089 2163 Datum
1104 2100 1244 2163 viterbii
1267 2102 1413 2164 secundo
1430 2101 1809 2172 idusnovembann:

266 2195 531 2269 Adeptscopum
546 2198 759 2257 Trecensem.
972 2200 1103 2276 quarto.

342 2332 347 2340 ·
381 2307 654 2366 sansadonia.
1305 2287 1429 2375 XLVI

148 2411 269 2476 [aegest.
282 2413 326 2463 lib·
340 2414 383 2473 lv,
394 2414 470 2478 epist.
482 2414 537 2464 ⁶⁹⁹·
549 2414 652 2466 ΝΜ
661 2414 779 2465 ronoau
790 2413 884 2478 rnen]
970 2422 1021 2481 Ad
1035 2420 1153 2480 saiwa
1179 2421 1324 2481 Victoris
1340 2424 1554 2484 parisiensis
1571 2425 1606 2484 et
1620 2425 1808 2485 Hermae·-

118 2512 306 2581 Sententiam,
322 2527 407 2584 quam
423 2511 512 2569 abbas
532 2513 643 2569 sinete
658 2511 800 2570 Columbae
813 2510 914 2568 stolli-
1009 2531 1138 2576 aarum
1148 2518 1285 2578 abbates
1298 2519 1332 2579 ct
1344 2522 1388 2579 ad
1401 2522 1647 2581 cataceliatittm
1662 2524 1792 2582 Pais-

153 2601 235 2657 cialis
254 2599 429 2658 senonensis
446 2600 474 2656 in
492 2598 619 2656 savorem
634 2600 696 2670 ejus
711 2598 847 2657 adsersus
864 2597 913 2654 ab·
1009 2615 1170 2674 Mensem,

152 2688 250 2747 batem
271 2695 300 2746 et
318 2696 492 2745 conventum
517 2688 765 2744 pontiniacensem
781 2686 913 2755 tulerant,
1231 2710 1265 2766 pp
1280 2709 1413 2770 novemb,
1432 2711 1510 2769 1219,

157 2777 324 2833 ³⁰⁰¹⁰s¹²⁸u³
338 2777 501 2848 Ap⁰⁸¹⁰¹¹⁰³
516 2775 675 2831 maurnai.
1003 2821 1080 2883 [sinn
1093 2822 1160 2880 san,
1171 2823 1240 2880 uss..
1256 2824 1333 2874 tonas
1343 2823 1416 2883 ιιιιι,
1428 2839 1455 2874 n.
1467 2826 1540 2881 mss.
1551 2826 1597 2876 ron
1610 2825 1743 2890 rastra]

159 2887 340 2954 H⁰¹¹⁰r¹¹¹⁸’
363 2886 439 2952 θιὼ
457 2882 642 2943 veneram
662 2881 794 2943 smm’·
821 2898 914 2959 ‘³9¹⁸'
971 2930 1038 2986 Post
1054 2931 1225 2987 sententiam
1247 2932 1350 3004 prioris
1369 2934 1481 2989 Sancta
1500 2931 1656 2991 Genovelae
1668 2942 1698 2991 et
1711 2948 1764 2991 nn·

121 2981 532 3094 ⁰⁰P⁰Treoefhstsfflut⁰m2
549 2981 611 3040 etc·
675 3076 681 3088 ,
815 3077 821 3089 ,
1007 3017 1088 3090 gistri
1111 3018 1227 3075 Giraudi
1243 3019 1381 3077 adversus
1403 3022 1569 3093 episcopum
1589 3023 1764 3090 protensam,

160 3082 206 3140 Ea
226 3096 299 3156 quae
315 3079 442 3156 Judrcro
459 3077 510 3138 vel
529 3077 706 3185 concordia
727 3079 915 3138 terminati·
1007 3106 1083 3163 idem
1105 3109 1257 3180 episcopus
1278 3108 1314 3165 ad
1333 3108 1437 3166 ΜΘΗ]
1454 3111 1648 3182 mmmm
1667 3110 1705 3168 de
1727 3111 1764 3167 ip,

120 3179 187 3249 ΝΥ,
203 3180 278 3248 θῑθη
296 3193 399 3253 usque
410 3175 618 3236 communiri.
632 3178 825 3251 Eapropter,
839 3177 914 3247 etc,
1007 3197 1147 3252 sententia
1180 3197 1394 3268 appellaverat;
1425 3197 1490 3255 ideo
1521 3200 1621 3256 Sancti
1650 3199 1766 3256 Victoris

120 3291 224 3352 usque
266 3289 407 3335 assensu
446 3272 656 3333 diffinitivam
697 3273 914 3342 senientiam,
1007 3285 1186 3350 parisiensis,
1209 3288 1416 3343 llerrnenarum
1435 3285 1587 3343 abbatibus
1606 3294 1636 3344 et
1656 3288 1763 3344 canad-

120 3388 255 3448 quarn...
270 3371 372 3431 abbas
387 3373 516 3432 Sanctae
532 3369 699 3431 Columbae
711 3372 746 3431 et
759 3371 918 3445 nnagister
1006 3373 1078 3429 lario
1099 3374 1253 3430 parisiensi
1274 3374 1391 3431 mandat
1415 3375 1558 3433 Honorius
1584 3384 1616 3432 ut
1637 3376 1718 3434 litem
1736 3375 1768 3432 ad

120 3469 294 3545 Philippus
320 3467 473 3529 officialis
501 3467 714 3537 senonensis,
738 3468 835 3527 tertio
860 3483 919 3527 eo·
1008 3461 1094 3518 finem
1109 3460 1235 3519 debitum
1250 3461 1404 3521 deducant.

52 3642 57 3651 ῃ
119 3582 193 3626 rum
216 3566 389 3642 conjudice
416 3565 580 3625 scilicet...
605 3564 730 3624 decano
754 3565 919 3624 Autissio·
1013 3570 1192 3642 Honorius,
1209 3571 1284 3643 etc,
1308 3570 1438 3632 dilectis
1460 3571 1539 3632 tiliis
1559 3573 1676 3635 Sancti
1696 3573 1772 3634 Vic-

119 3663 232 3725 doren.
252 3663 400 3740 legitime
413 3679 506 3723 suam
526 3661 712 3722 absentiam
725 3665 916 3734 excusante,
973 3667 1054 3728 toris
1066 3667 1303 3728 parisiensis...
1318 3671 1561 3729 Hermenarum
1570 3671 1771 3732 parisiensis

119 3777 180 3839 pro
204 3763 234 3822 te
258 3763 372 3821 contra
399 3759 536 3820 dilectos
562 3759 685 3819 lilios...
712 3757 862 3821 abbatem
886 3763 919 3820 et
973 3762 1126 3825 dioecesis
1141 3763 1327 3836 abbatibus,
1349 3766 1552 3827 cancellario
1574 3768 1770 3838 parisiensi,

120 3860 319 3920 conventum
352 3856 654 3927 pontiniacensem,
689 3856 918 3918 Cistcrciensis
973 3861 1114 3922 salutem
1128 3864 1160 3923 et
1174 3862 1392 3939 apostolicam
1405 3863 1688 3926 benedictionem.

120 3956 259 4026 ordinis,
288 3971 389 4032 super
413 3955 563 4030 usuagis,
593 3952 678 4030 quod
704 3953 859 4030 petebant
884 3955 919 4014 in
1013 3958 1222 4019 Venerabilis
1235 3959 1340 4021 irater
1352 3963 1465 4022 noster
1485 3961 1662 4023 Trecensis
1682 3962 1774 4038 epis-

119 4053 312 4129 nemoribus
335 4053 496 4130 episcopi,
512 4054 580 4112 tam
602 4051 642 4112 ad
668 4054 798 4128 pastum
820 4067 920 4128 peoo—
973 4071 1076 4132 copus
1088 4055 1123 4115 iu
1138 4059 1254 4117 nostra
1269 4057 1443 4133 proposuit
1456 4059 1636 4134 praeseutia
1653 4059 1774 4120 consti·

120 4167 212 4223 rum,
238 4151 272 4212 et
299 4149 580 4212 constructionem
609 4149 796 4219 domorum,
821 4166 919 4226 quarn
974 4154 1075 4223 tutas,
1097 4153 1280 4229 quodcum
1305 4153 1429 4214 nobilis
1451 4155 1573 4216 mulier
1592 4157 1656 4216 B...
1672 4157 1776 4218 comi·

119 4248 188 4311 alia
214 4249 415 4318 necessaria,
432 4263 475 4308 ex
496 4247 704 4321 delegatione
727 4247 919 4322 apostolica
973 4251 1056 4312 tissa
1078 4251 1280 4327 Campaniae,
1297 4266 1357 4311 suo
1376 4251 1523 4323 nomine,
1536 4252 1646 4329 ipsum
1664 4268 1776 4313 coram

119 4346 262 4422 cognitis
277 4361 387 4406 causae
401 4345 540 4411 meritis,
553 4343 814 4420 promulgarant,
824 4346 921 4420 prout
974 4347 1106 4408 dilectis
1126 4347 1242 4407 liliis...
1272 4347 1392 4409 abbate
1413 4350 1483 4408 et...
1508 4350 1622 4425 priore
1647 4351 1776 4410 Sanctae

120 4444 156 4505 iu
177 4459 292 4505 eorum
316 4442 437 4503 litteris
459 4441 589 4516 plenius
611 4441 810 4512 continetur,
835 4442 921 4502 sicut
976 4443 1153 4506 Genovelae
1179 4444 1212 4505 et
1235 4445 1395 4521 magistro
1423 4445 1582 4518 Giraudo,
1595 4447 1777 4509 parisiensi

119 4541 172 4603 est
190 4542 298 4618 justa,
322 4555 384 4599 nec
407 4530 556 4613 legitima
585 4539 821 4614 provocat‘one
845 4555 921 4598 sus·
975 4541 1148 4614 canonicO,
1164 4542 1363 4603 auctoritate
1379 4543 1564 4604 litterarum
1587 4546 1776 4604 nostrarum

122 4654 236 4717 perusa,
256 4637 454 4698 auctoritate
475 4635 663 4712 apostolica
687 4636 921 4696 confirmamus
976 4654 1131 4715 supereo
1151 4638 1249 4715 quod,
1270 4639 1357 4700 sicut
1375 4639 1508 4702 dicebat
1528 4641 1648 4702 eadem
1677 4641 1781 4702 comi-

120 4739 156 4799 et
182 4734 357 4813 praesentis
384 4733 501 4808 scripti
527 4733 713 4809 patrocinio
737 4734 922 4794 communi·
975 4737 1069 4808 tissa,
1082 4736 1261 4814 praedictus
1274 4737 1450 4813 episcopus
1463 4737 1620 4798 homines
1632 4736 1779 4816 ejusqui

123 4850 214 4901 titiis:
243 4831 285 4892 ad
312 4834 471 4908 majorem
499 4832 611 4892 autem
640 4831 690 4892 rei
721 4831 920 4891 evidentiam
976 4833 1133 4894 dicuntur
1147 4832 1187 4893 de
1198 4847 1348 4909 corpore,
1358 4833 1527 4894 ordinavit
1539 4833 1686 4911 inclytos
1695 4837 1780 4896 etea

103 4935 273 4995 'iunonem
297 4928 482 4989 litterarum
506 4929 654 5005 ipsarum
685 4927 727 4988 de
753 4926 854 4989 verbo
879 4927 920 4988 ad
978 4930 1167 4991 inconsulta
1181 4932 1215 4990 et
1228 4930 1334 4991 invita
1347 4929 1499 4992 homines
1513 4931 1715 5007 religionem
1728 4931 1780 4992 la-

122 5028 259 5091 verbnm
272 5027 427 5088 duximus
442 5026 669 5096 inserendum,
686 5025 742 5102 qui
756 5027 809 5087 est
822 5024 920 5087 talis:
977 5027 1088 5089 ciebat
1103 5028 1378 5098 intrare,necnon
1391 5027 1497 5089 laicos
1505 5027 1564 5105 qui
1575 5028 1784 5105 adjurisdic·

162 5144 181 5185 ιι
205 5128 241 5186 ln
265 5123 400 5185 nomine
422 5123 530 5184 patris
559 5125 593 5184 et
618 5122 695 5182 pilii
719 5123 752 5183 et
778 5123 923 5200 Spiritus
977 5127 1102 5186 tionem
1123 5123 1289 5201 pertinent
1310 5123 1562 5196 comitissasad
1586 5125 1781 5187 instantiam

124 5224 249 5294 Sancti,
259 5236 370 5283 amen.
386 5221 456 5281 Nos
468 5219 583 5280 Helias
597 5218 700 5280 abbas
713 5221 844 5281 Sanctae
859 5221 925 5281 Co-
979 5222 1144 5283 laicorum
1177 5221 1414 5298 pertinentium
1444 5221 1485 5281 ad
1510 5221 1781 5297 jurisdictionem

122 5319 244 5383 lumbae
266 5323 300 5381 et
320 5318 480 5393 magister
502 5317 676 5393 philippus
692 5316 846 5378 officialis
862 5319 925 5378 Se·
979 5320 1129 5396 episcopi
1142 5318 1278 5397 propria
1292 5319 1492 5380 auctoritate
1501 5317 1631 5380 citabat
1639 5323 1675 5381 et
1687 5319 1783 5381 rebus

124 5418 293 5487 soriensis,
310 5413 465 5476 omuibus
489 5417 670 5491 praesentes
695 5415 825 5476 litteras
853 5415 926 5476 ins·
980 5417 1070 5486 aliis,
1085 5417 1246 5478 traxisset
1262 5417 1298 5477 in
1321 5431 1473 5490 causam3
1497 5416 1586 5477 idem
1607 5418 1781 5494 episcopus

124 5512 926 5591 pecturis,in1)0miuosalutem.Noverituniver
982 5516 1099 5575 contra
1129 5514 1197 5574 illis
1233 5513 1365 5589 excepit
1395 5512 1483 5589 quod
1512 5528 1581 5575 non
1611 5513 1784 5575 tenebatur

123 5614 207 5677 sitas
229 5614 351 5681 vestra,
368 5611 455 5687 quod
469 5627 529 5671 nos
544 5609 621 5677 duo,
635 5611 734 5671 tertio
752 5610 925 5686 conjudice
984 5611 1183 5673 atteteritate
1211 5611 1397 5673 litterarum
1419 5610 1568 5686 ipsarum
1594 5610 1783 5689 hujusmodi
