3824 6180
123 256 196 319 au‘
317 266 320 271 ¹
595 300 606 308 .
743 222 919 316 nononu
943 256 987 315 111
1009 250 1227 317 omnn·
1685 256 1765 323 ,aas

124 415 391 493 procurationem
402 415 482 475 anni
496 412 826 490 proximiatempore
841 427 920 474 sen-
974 428 1056 489 quas
1080 412 1318 475 monasterium
1342 428 1402 490 pro
1425 412 1496 475 lieo·
1520 427 1622 475 causa
1651 412 1765 476 facita

125 513 237 574 tentia
266 512 503 589 promulgata,
537 527 691 573 asserens
717 511 814 587 quod.
834 510 919 570 idem
972 510 1409 587 temporeappellationisad
1418 511 1643 587 apostoticam
1654 510 1765 572 Seden

125 610 300 686 episcopus
317 609 534 684 inpetitione,
551 624 649 685 quam
666 607 789 669 lecerat
804 608 844 667 de
859 622 918 668 ar·
974 607 1103 678 emisse,
1130 608 1194 685 ipsi
1220 608 1423 669 monasterio
1442 606 1706 669 condemnantes
1733 624 1765 670 a<

123 707 236 769 ticulis
251 707 440 769 executioni
452 706 648 766 mandandis
663 720 790 767 memor
800 720 920 781 procu·
973 704 1189 764 decernentes
1213 705 1354 777 irritum,
1376 704 1503 782 siquid
1527 707 1601 780 post
1622 705 1765 782 appella·

124 804 264 864 rationis
289 821 355 864 non
371 803 480 864 luerat
499 803 686 873 antedictae,
705 804 737 864 et
759 802 920 879 adjiciens
973 801 1097 860 tionem
1116 801 1264 861 eamdem
1287 817 1387 878 super
1410 802 1473 864 boc
1487 800 1611 863 lactum
1636 801 1700 864 luit
1714 818 1765 879 per

126 900 344 961 nihilominus
360 901 445 977 quod
463 902 541 962 ante
563 901 631 961 litis
646 901 832 976 ingressum
847 914 920 960 res·
969 897 1099 973 jndices
1111 898 1330 975 supradictos.

125 998 200 1059 litui
222 997 356 1059 volebat
376 998 566 1075 episcopum
581 998 621 1057 ad
639 997 917 1074 procurationem,
1013 996 1172 1065 Quocirca
1195 995 1393 1056 discretioni
1412 997 1531 1058 vestrae
1551 1012 1612 1073 per
1630 998 1765 1073 aposto

126 1111 225 1171 quam
244 1096 450 1170 postmodum
464 1112 537 1156 cum
553 1094 764 1170 processione
779 1109 918 1170 recepe·
973 1091 1037 1151 lica
1076 1091 1199 1168 scripta
1228 1092 1434 1165 mandamus,
1464 1097 1627 1170 quatenus
1664 1095 1765 1170 ipsun

126 1193 191 1263 rat,
207 1192 320 1253 dicens
333 1192 417 1268 quod
432 1208 498 1253 non
518 1192 626 1254 iuerat
645 1191 791 1252 exhibita
812 1192 848 1252 ut
861 1191 921 1250 de-
973 1189 1164 1265 episcopum
1194 1189 1235 1249 ad
1266 1190 1507 1251 restitutionem
1545 1206 1765 1268 expensarum

125 1287 225 1350 bebat
238 1305 278 1352 eo
300 1290 385 1366 quod
411 1290 561 1368 sequenti
583 1289 636 1350 die
658 1288 793 1349 familiae
815 1289 920 1364 ipsius
974 1286 1121 1361 ipsarum
1142 1300 1200 1361 per
1221 1285 1462 1348 districtionem
1486 1288 1696 1359 canonicam,
1719 1303 1765 1365 ap

124 1386 273 1462 episcopi
294 1386 401 1447 luerat
425 1386 584 1447 comestio
604 1386 777 1461 denegata,
799 1399 919 1445 mona·
974 1382 1151 1457 pellatione
1178 1385 1314 1454 remota,
1336 1384 1502 1459 cogentes,
1518 1399 1557 1444 ac
1577 1384 1765 1445 nuntianter

124 1482 209 1553 chis,
227 1483 313 1543 sicut
323 1483 421 1543 iidem
436 1486 668 1559 procuratores
681 1483 721 1543 de
734 1483 833 1559 plano
846 1498 921 1544 con·
974 1477 1115 1543 irritum.
1131 1478 1247 1555 siquid
1264 1481 1337 1555 post
1351 1480 1607 1556 appellationem
1622 1479 1766 1557 praedic·

125 1578 205 1638 lessi
221 1578 342 1641 suntid
358 1579 476 1639 merito
489 1579 688 1639 lactentibus
703 1595 777 1639 cum
794 1595 921 1654 praece-
974 1576 1040 1635 tam
1056 1591 1115 1650 per
1127 1575 1282 1651 praelatos
1290 1576 1421 1652 jndices
1438 1578 1547 1639 extitit
1559 1580 1765 1647 attentatum,

123 1674 214 1750 denti
237 1675 292 1735 die
317 1677 586 1752 procurationem
622 1676 802 1737 solemnem
832 1676 920 1741 idem
974 1671 1195 1748 probationes,
1234 1689 1315 1749 quas
1353 1674 1439 1734 idem
1477 1676 1653 1751 episcopus
1685 1674 1765 1736 inira

24 1810 31 1819 --
124 1772 299 1849 episcopus
311 1774 501 1849 recepisset.
517 1776 736 1834 Procuratore
750 1773 852 1848 igitur
864 1773 919 1849 ip·
974 1769 1202 1845 praescriptum
1215 1771 1344 1845 tempus
1352 1786 1454 1846 super
1466 1771 1620 1846 petitorio
1636 1771 1765 1833 duxerit

126 1870 197 1929 sius
216 1870 361 1947 episcopi
382 1871 573 1948 hujusmodi
592 1870 808 1931 dilationibus
821 1870 922 1930 insis—
975 1864 1190 1937 inducendas,
1205 1881 1244 1927 ac
1259 1866 1467 1927 detensiones
1483 1869 1677 1929 monasterii
1694 1884 1765 1929 me-

126 1967 227 2037 tante,
241 1966 343 2027 abbas
359 1971 393 2028 et
404 1968 586 2028 conventus
605 1967 752 2043 praedicti
767 1966 921 2027 conside-
975 1963 1093 2021 morati
1125 1963 1275 2038 recipere
1302 1963 1497 2040 procuretis,
1526 1966 1560 2026 et
1587 1964 1765 2040 injungatis

127 2062 241 2120 rantes
253 2076 311 2137 per
326 2060 502 2122 dilationes
512 2060 603 2137 ipsas
613 2060 676 2119 sibi
692 2059 920 2136 praejudicium
975 2058 1134 2134 partibus,
1160 2060 1195 2119 ut
1225 2060 1260 2119 in
1285 2060 1350 2120 fine
1377 2061 1510 2121 termini
1532 2063 1710 2137 praetaxati
1735 2062 1765 2122 ir

127 2157 293 2232 generari,
310 2173 383 2218 cum
395 2173 415 2217 a
425 2159 572 2234 tempore
587 2157 662 2218 latae
672 2156 843 2217 sententiae
855 2171 919 2216 non
976 2156 1119 2230 proximi
1133 2155 1328 2232 septembris
1348 2156 1511 2228 kalendis,
1523 2156 1682 2219 videlicet
1695 2174 1765 2219 cunr

128 2253 547 2326 solumbiennium,verum
558 2254 735 2315 etiamlere
746 2254 921 2331 quadrien·
974 2250 1223 2327 probationibus
1235 2253 1268 2313 et
1282 2252 1531 2314 defensionibus
1544 2254 1625 2325 suis,
1640 2256 1765 2330 aposto

128 2349 220 2410 nium
235 2350 428 2423 effluxisset,
445 2354 478 2414 et
492 2353 666 2428 episcopus
691 2351 809 2412 iterum
825 2367 919 2412 com·
975 2347 1039 2407 lico
1052 2362 1088 2406 se
1100 2348 1291 2423 conspectui
1306 2350 1554 2425 repraesentent,
1572 2350 1765 2412 sententian

128 2447 224 2507 moda
240 2450 460 2523 possessionis
481 2449 668 2525 percipiens
692 2449 823 2509 curaret
843 2464 921 2524 pro-
974 2446 1168 2519 recepturae,
1199 2445 1430 2506 denuntiantes
1465 2446 1570 2507 eidem
1602 2448 1765 2524 episcopo,

128 2543 279 2619 prietatis
303 2545 465 2620 judicium
501 2545 679 2615 inchoare,
718 2546 829 2620 utpote
866 2543 920 2604 cui
975 2539 1765 2618 quodsijamdictoterminoneglexeritinnos·

127 2640 300 2716 expediret
314 2656 446 2717 semper
461 2643 550 2702 stare
564 2642 597 2701 in
610 2641 819 2718 possessione
835 2656 922 2717 prae-
977 2639 1025 2696 tra
1037 2638 1214 2712 prasentia
1242 2653 1300 2714 per
1314 2654 1349 2699 se
1364 2639 1417 2699 vel
1430 2640 1682 2716 procuratorem
1697 2639 1765 2701 ido·

10 2772 14 2783 ·
68 2761 71 2764 ⁷
128 2736 227 2808 dicta,
244 2739 277 2798 ot
291 2753 349 2798 eos
362 2738 476 2799 tenere
491 2738 632 2814 quodam
646 2738 742 2798 modo
757 2738 791 2798 in
813 2738 921 2798 servi·
976 2736 1765 2813 neumcomparere,nosnibilominusinnegotit

127 2834 208 2901 tute,
223 2835 251 2894 si
267 2837 389 2911 posset,
412 2836 567 2896 timentes
593 2835 692 2896 etiam
717 2850 758 2895 ne
776 2835 918 2912 judices,
975 2830 1058 2905 ipso,
1076 2832 1234 2906 quantum
1251 2832 1401 2893 suadebit
1423 2833 1520 2904 ι’ἃῒίο,
1543 2832 1765 2909 procedemus.

130 2946 269 3007 quorum
286 2930 453 2992 absentias
468 2932 723 3008 suspicabantur
737 2932 839 2992 luisse
853 2948 920 2993 ma·
975 2928 1088 2987 Testes
1114 2928 1223 2988 autem
1248 2929 1304 3005 qui
1329 2928 1453 2990 fuerint
1475 2931 1652 3004 evocandi,
1679 2931 1709 2992 si
1738 2946 1765 2992 sc

128 3026 239 3089 litiose
260 3029 391 3105 aparte
416 3029 562 3105 episcopi
582 3030 788 3106 procuratas,
812 3029 921 3090 adhuc
974 3023 1093 3098 gratia,
1118 3024 1204 3095 odio,
1228 3025 1280 3084 vel
1309 3026 1427 3086 timore
1452 3025 1691 3099 subtraxerint,
1716 3043 1765 3104 per

127 3125 161 3184 in
175 3123 321 3185 favorem
336 3126 483 3202 ejusdem
498 3126 644 3203 episcopi
660 3126 827 3202 negotium
841 3126 920 3187 diu·
975 3134 1149 3181 censuram
1160 3121 1430 3194 ecclesiasticam,
1447 3123 1672 3200 appellatione
1687 3126 1765 3201 post¹

126 3219 193 3280 tius
208 3220 415 3296 protrahant,
429 3221 545 3282 sedem
561 3221 783 3297 apostoticam
807 3222 922 3297 appel·
975 3216 1093 3293 posita,
1106 3219 1355 3294 compescendo.
1370 3219 1481 3280 Nullis
1496 3221 1616 3281 litteris
1633 3220 1765 3284 obstan-

127 3314 249 3388 larunt,
267 3319 299 3378 et
314 3318 355 3378 ad
371 3319 583 3394 praesentiam
598 3319 745 3379 nostram
762 3333 922 3394 procura·
974 3313 1064 3374 tibus
1086 3314 1203 3374 harum
1231 3317 1348 3376 tenore
1367 3317 1469 3377 tacito
1490 3332 1508 3377 a
1528 3318 1612 3378 Sede
1631 3320 1765 3394 aposto

126 3413 216 3474 tores
231 3416 433 3475 curaverunt
453 3415 678 3476 transmittere
700 3398 918 3490 supradictos.
977 3411 1040 3471 lica
1057 3412 1252 3488 impetratis
1270 3428 1331 3473 nec
1344 3412 1504 3485 obstante,
1522 3415 1607 3491 quod
1622 3415 1723 3478 luerit
1739 3416 1765 3478 it

127 3511 272 3586 Cumque
286 3511 397 3571 nullus
409 3528 469 3588 pro
483 3515 575 3588 parte
585 3512 689 3572 altera
703 3512 919 3587 compareret,
977 3508 1097 3568 litteris
1112 3509 1263 3585 jamdicti
1293 3511 1398 3571 nostri
1425 3510 1682 3587 predecessoris
1719 3528 1765 3574 ex·

127 3607 193 3667 nisi
208 3607 353 3683 quidam,
366 3609 422 3684 qui
433 3608 473 3669 ad
490 3608 732 3685 impetrandum
744 3611 776 3669 et
788 3609 922 3669 contra·
976 3620 1136 3679 pressum,
1154 3610 1190 3665 ut
1210 3606 1329 3667 litterae
1344 3607 1527 3683 impetratae
1542 3607 1668 3685 absque
1684 3624 1765 3671 con-

7 3751 16 3771 ,
127 3703 303 3764 dicendum
319 3704 479 3766 duntaxat
501 3705 609 3766 luerat
629 3706 823 3776 destinatus,
839 3706 920 3766 dicti
975 3717 1075 3761 sensu
1096 3703 1239 3778 partium
1264 3719 1330 3763 non
1358 3705 1517 3766 valerent.
1542 3706 1633 3777 Quod
1655 3706 1685 3766 si
1704 3722 1765 3767 non

127 3801 359 3876 procuratores
375 3801 546 3862 humiliter
560 3801 779 3878 postularunt,
797 3804 832 3864 ut
846 3817 920 3863 cum
975 3812 1100 3866 omnes,
1137 3802 1198 3862 etc.
1234 3800 1352 3862 Datum
1388 3801 1539 3873 viterbii,
1562 3803 1662 3864 tertio
1698 3803 1765 3865 idus

127 3896 284 3974 praelatus
310 3899 485 3975 episcopus
511 3898 598 3960 inira
623 3901 752 3976 tempus
780 3900 813 3959 in
838 3916 920 3960 sen·
975 3895 1171 3968 decembris,
1193 3898 1520 3974 pontificatusnostri
1537 3915 1627 3962 anno
1642 3904 1765 3979 quarto.

127 3996 232 4056 tentia
246 3996 436 4073 supradicta
447 3996 605 4057 statutum
617 3996 651 4056 in
664 4013 765 4057 causa
775 3997 923 4073 proprie·

126 4091 204 4153 tatis
225 4094 403 4170 procedere
419 4110 484 4154 non
500 4094 639 4165 curavit,
653 4093 771 4155 abbate
789 4096 821 4155 et
836 4110 920 4155 con·
1311 4048 1436 4135 LXIX

127 4191 226 4250 ventu
242 4189 374 4265 semper
394 4192 519 4267 paratis
539 4191 718 4267 procedere
740 4192 774 4252 in
791 4190 919 4262 eadem,
1024 4173 1076 4231 Ad
1097 4174 1293 4232 VOlWl'um
1310 4176 1495 4246 plebanum
1512 4177 1553 4235 de
1566 4177 1733 4236 Kitcbetm

127 4287 362 4348 monasterium
391 4288 499 4363 ipsum
528 4289 818 4364 pronuntiaremus
838 4288 923 4349 libe-
1080 4269 1115 4328 ‘32
1133 4272 1376 4330 Bliwllardiim
1391 4271 1541 4343 {latrem
1555 4287 1671 4333 Situm·

125 4398 199 4443 rum
223 4385 256 4445 et
278 4386 466 4460 exemptum
496 4401 596 4462 super
625 4386 858 4462 procuratione
882 4401 921 4446 ac
1237 4383 1271 4438 lt
1285 4381 1413 4439 decemb.
1430 4383 1508 4440 tare.

18 4530 24 4542 .
126 4480 203 4541 aliis
227 4481 426 4557 supradictis
452 4485 646 4558 perpetuum
675 4483 739 4559 ipsi
766 4483 921 4559 episcopo
1084 4486 1239 4551 [serapnim
1252 4488 1317 4537 utet.
1336 4503 1386 4538 aar.
1399 4488 1525 4550 madens,
1539 4490 1582 4552 tt,
1596 4489 1664 4555 tta]

127 4578 297 4638 silentium
322 4578 538 4654 imponentes,
555 4581 651 4656 juxta
675 4582 823 4640 tenorem
844 4595 923 4640 sen·
975 4585 1215 4657 compositionem
1230 4585 1342 4659 dejure
1357 4593 1522 4657 patronatus
1536 4588 1622 4645 trium
1635 4589 1765 4647 ecclesia·

126 4674 239 4737 tentiae
252 4676 448 4752 saepedictae.
464 4677 556 4738 Licet
565 4678 668 4753 igitur
678 4677 719 4737 de
729 4677 839 4752 rigore
850 4693 922 4754 pos-
1013 4688 1085 4739 rum,
1109 4672 1253 4731 mediante
1270 4676 1480 4732 constantiensi
1499 4676 1635 4749 epistello
1657 4676 1765 4745 stolam:

127 4788 238 4833 semus
265 4776 382 4834 contra
414 4774 522 4850 ipsum
546 4775 736 4851 episcopum
772 4775 921 4835 severius
1011 4763 1170 4820 ⁰⁰ssflffflti·

127 4872 339 4947 processisse,
352 4888 427 4932 cum
435 4875 564 4948 tempus
573 4872 667 4949 culpa
677 4888 737 4933 sua
749 4871 922 4932 effluxisse
1015 4870 1193 4941 Honorius,
1210 4873 1285 4942 etc..
1302 4871 1431 4933 dilectis
1447 4872 1691 4935 tiliisvolmaro
1703 4874 1765 4952 ple-

127 4967 246 5028 inutile
267 4969 428 5041 videatur,
447 4971 483 5030 ut
506 4971 615 5030 tamen
631 4969 839 5030 occasionem
855 4983 921 5029 non
975 4968 1062 5029 bano
1078 4967 1118 5027 de
1133 4968 1309 5039 Kilcheim,
1327 4970 1359 5029 et
1372 4970 1564 5032 Burcbardo
1579 4970 1676 5032 fratri
1700 4988 1765 5043 suo,

125 5064 246 5126 babeat
279 5067 509 5128 murmurandi
545 5067 688 5143 spatium
723 5082 784 5127 sex
823 5080 920 5127 meu·
976 5065 1115 5126 salutem
1135 5068 1168 5126 et
1183 5066 1397 5141 apostolicam
1413 5066 1691 5129 benedictionem.

126 5161 211 5222 sium
246 5162 510 5224 inchoandorum
544 5163 581 5224 in
622 5163 776 5224 kalendis
811 5163 922 5224 martii
1015 5162 1119 5223 Justis
1130 5162 1310 5237 petentium
1320 5161 1637 5239 desideriisdignum
1648 5165 1700 5226 est
1712 5179 1765 5227 nos

126 5259 287 5336 proximis
319 5261 351 5321 ei
389 5261 430 5321 ad
466 5260 669 5337 probandam
704 5261 922 5322 intentionem
977 5257 1109 5318 facilem
1124 5258 1272 5334 praebere
1287 5274 1484 5320 consensum
1497 5261 1530 5321 et
1544 5262 1633 5333 vota,
1657 5277 1765 5338 quasa

127 5372 220 5416 stram
242 5372 342 5432 super
353 5357 519 5434 petitorio,
533 5356 740 5418 cessantibus
753 5354 924 5419 excessio·
977 5355 1116 5415 rationis
1148 5356 1281 5415 tramite
1315 5371 1382 5416 non
1415 5356 1625 5429 discordant,
1653 5359 1765 5420 effectu

128 5454 224 5514 nibus
241 5455 452 5530 supradictis,
465 5470 548 5531 quas
563 5454 699 5515 frivolas
719 5456 920 5532 reputamus,
978 5454 1196 5528 prosequente
1212 5453 1389 5528 complere.
1404 5455 1450 5514 Ea
1463 5455 1608 5530 propter,
1619 5454 1729 5518 dilecti
1740 5458 1765 5517 in

127 5551 920 5629 duximusindulgendum,eumdeminexpensis,
977 5548 1115 5610 Domino
1139 5549 1211 5616 lilii,
1236 5551 1356 5611 vestris
1374 5550 1473 5626 justis
1494 5553 1765 5628 postulationibus
