<?xml version="1.0" encoding="UTF-8"?>
<!DOCTYPE html PUBLIC "-//W3C//DTD XHTML 1.0 Transitional//EN"
    "http://www.w3.org/TR/xhtml1/DTD/xhtml1-transitional.dtd">
<html xmlns="http://www.w3.org/1999/xhtml" xml:lang="en" lang="en">
 <head>
  <title>
</title>
<meta http-equiv="Content-Type" content="text/html;charset=utf-8" />
  <meta name='ocr-system' content='tesseract 3.04.00' />
  <meta name='ocr-capabilities' content='ocr_page ocr_carea ocr_par ocr_line ocrx_word'/>
</head>
<body>
  <div class='ocr_page' id='page_1' title='image "./mediiaevibiblio00horogoog_0433.png"; bbox 0 0 3774 6186; ppageno 0'>
   <div class='ocr_carea' id='block_1_1' title="bbox 90 299 154 362">
    <p class='ocr_par' dir='ltr' id='par_1_1' title="bbox 90 299 154 362">
     <span class='ocr_line' id='line_1_1' title="bbox 90 299 154 362; baseline -0.016 0"><span class='ocrx_word' id='word_1_1' title='bbox 90 299 154 362; x_wconf 81' lang='lat'><strong>835</strong></span> 
     </span>
    </p>
   </div>
   <div class='ocr_carea' id='block_1_2' title="bbox 38 458 886 1316">
    <p class='ocr_par' dir='ltr' id='par_1_2' title="bbox 38 458 886 831">
     <span class='ocr_line' id='line_1_2' title="bbox 38 458 886 537; baseline -0.002 -14"><span class='ocrx_word' id='word_1_2' title='bbox 38 511 46 529; x_wconf 82' lang='lat'><strong>,</strong></span> <span class='ocrx_word' id='word_1_3' title='bbox 90 459 247 523; x_wconf 86' lang='lat' dir='ltr'><strong>nabiliter</strong></span> <span class='ocrx_word' id='word_1_4' title='bbox 260 459 373 523; x_wconf 89' lang='lat' dir='ltr'><strong>tulerit</strong></span> <span class='ocrx_word' id='word_1_5' title='bbox 387 459 422 521; x_wconf 92' lang='lat' dir='ltr'><strong>in</strong></span> <span class='ocrx_word' id='word_1_6' title='bbox 434 458 576 522; x_wconf 81' lang='lat' dir='ltr'>rebelles</span> <span class='ocrx_word' id='word_1_7' title='bbox 587 459 810 537; x_wconf 86' lang='lat' dir='ltr'><strong>praecipimus,</strong></span> <span class='ocrx_word' id='word_1_8' title='bbox 827 476 886 521; x_wconf 80' lang='lat' dir='ltr'><strong>us-</strong></span> 
     </span>
     <span class='ocr_line' id='line_1_3' title="bbox 90 558 885 637; baseline 0 -19"><span class='ocrx_word' id='word_1_9' title='bbox 90 574 155 637; x_wconf 79' lang='lat' dir='ltr'><strong>que</strong></span> <span class='ocrx_word' id='word_1_10' title='bbox 175 558 217 620; x_wconf 92' lang='lat' dir='ltr'><strong>ad</strong></span> <span class='ocrx_word' id='word_1_11' title='bbox 235 558 494 620; x_wconf 72' lang='lat' dir='ltr'><strong>satisfactionem</strong></span> <span class='ocrx_word' id='word_1_12' title='bbox 518 558 728 634; x_wconf 78' lang='lat' dir='ltr'><strong>condignam,</strong></span> <span class='ocrx_word' id='word_1_13' title='bbox 745 559 885 620; x_wconf 84' lang='lat' dir='ltr'><strong>firmiter</strong></span> 
     </span>
     <span class='ocr_line' id='line_1_4' title="bbox 91 654 883 733; baseline -0.004 -15"><span class='ocrx_word' id='word_1_14' title='bbox 91 656 273 718; x_wconf 84' lang='lat' dir='ltr'><strong>observari.</strong></span> <span class='ocrx_word' id='word_1_15' title='bbox 288 658 406 717; x_wconf 88' lang='lat' dir='ltr'><strong>Datum</strong></span> <span class='ocrx_word' id='word_1_16' title='bbox 420 656 588 728; x_wconf 82' lang='lat' dir='ltr'><strong>Laterani,</strong></span> <span class='ocrx_word' id='word_1_17' title='bbox 603 657 648 716; x_wconf 88' lang='grc' dir='ltr'><strong>ΙΙΙ</strong></span> <span class='ocrx_word' id='word_1_18' title='bbox 663 671 770 716; x_wconf 89' lang='lat' dir='ltr'><strong>nonas</strong></span> <span class='ocrx_word' id='word_1_19' title='bbox 784 654 883 733; x_wconf 90' lang='lat' dir='ltr'><strong>junii,</strong></span> 
     </span>
     <span class='ocr_line' id='line_1_5' title="bbox 93 754 416 831; baseline 0 -17"><span class='ocrx_word' id='word_1_20' title='bbox 93 768 181 815; x_wconf 86' lang='lat' dir='ltr'><strong>anno</strong></span> <span class='ocrx_word' id='word_1_21' title='bbox 196 754 323 831; x_wconf 85' lang='lat' dir='ltr'><strong>quinto.</strong></span> <span class='ocrx_word' id='word_1_22' title='bbox 414 780 416 787; x_wconf 95' lang='lat'><em>·</em></span> 
     </span>
    </p>

    <p class='ocr_par' dir='ltr' id='par_1_3' title="bbox 89 850 886 1316">
     <span class='ocr_line' id='line_1_6' title="bbox 130 850 880 924; baseline 0.001 -13"><span class='ocrx_word' id='word_1_23' title='bbox 130 855 173 912; x_wconf 81' lang='lat' dir='ltr'><strong>ln</strong></span> <span class='ocrx_word' id='word_1_24' title='bbox 188 853 345 912; x_wconf 83' lang='lat' dir='ltr'><strong>eumdem</strong></span> <span class='ocrx_word' id='word_1_25' title='bbox 365 852 504 911; x_wconf 70' lang='lat' dir='ltr'><strong>modeim</strong></span> <span class='ocrx_word' id='word_1_26' title='bbox 518 851 687 924; x_wconf 75' lang='lat' dir='ltr'><strong>scriptum</strong></span> <span class='ocrx_word' id='word_1_27' title='bbox 702 850 754 911; x_wconf 88' lang='lat' dir='ltr'><strong>est</strong></span> <span class='ocrx_word' id='word_1_28' title='bbox 770 851 880 912; x_wconf 89' lang='lat' dir='ltr'><strong>Seno-</strong></span> 
     </span>
     <span class='ocr_line' id='line_1_7' title="bbox 89 946 886 1024; baseline -0.003 -14"><span class='ocrx_word' id='word_1_29' title='bbox 89 949 185 1010; x_wconf 89' lang='lat' dir='ltr'><strong>nensi</strong></span> <span class='ocrx_word' id='word_1_30' title='bbox 200 947 450 1024; x_wconf 81' lang='lat' dir='ltr'><strong>archiepiscopo</strong></span> <span class='ocrx_word' id='word_1_31' title='bbox 472 947 505 1007; x_wconf 89' lang='lat' dir='ltr'><strong>et</strong></span> <span class='ocrx_word' id='word_1_32' title='bbox 518 946 740 1022; x_wconf 85' lang='lat' dir='ltr'><strong>suffraganeis</strong></span> <span class='ocrx_word' id='word_1_33' title='bbox 755 949 828 1023; x_wconf 89' lang='lat' dir='ltr'><strong>ejus</strong></span> <span class='ocrx_word' id='word_1_34' title='bbox 852 946 886 1008; x_wconf 89' lang='lat' dir='ltr'><strong>et</strong></span> 
     </span>
     <span class='ocr_line' id='line_1_8' title="bbox 89 1042 884 1120; baseline -0.004 -14"><span class='ocrx_word' id='word_1_35' title='bbox 89 1046 216 1107; x_wconf 82' lang='lat' dir='ltr'><strong>aliis...</strong></span> <span class='ocrx_word' id='word_1_36' title='bbox 242 1048 364 1105; x_wconf 88' lang='lat' dir='ltr'><strong>Turon.</strong></span> <span class='ocrx_word' id='word_1_37' title='bbox 390 1043 639 1120; x_wconf 84' lang='lat' dir='ltr'><strong>archiepiscopo</strong></span> <span class='ocrx_word' id='word_1_38' title='bbox 659 1045 692 1104; x_wconf 87' lang='lat' dir='ltr'><strong>et</strong></span> <span class='ocrx_word' id='word_1_39' title='bbox 712 1042 884 1118; x_wconf 87' lang='lat' dir='ltr'><strong>suffraga-</strong></span> 
     </span>
     <span class='ocr_line' id='line_1_9' title="bbox 90 1139 886 1218; baseline -0.003 -16"><span class='ocrx_word' id='word_1_40' title='bbox 90 1143 163 1204; x_wconf 90' lang='lat' dir='ltr'><strong>neis</strong></span> <span class='ocrx_word' id='word_1_41' title='bbox 191 1143 263 1218; x_wconf 85' lang='lat' dir='ltr'><strong>ejus</strong></span> <span class='ocrx_word' id='word_1_42' title='bbox 290 1142 322 1202; x_wconf 89' lang='lat' dir='ltr'><strong>et</strong></span> <span class='ocrx_word' id='word_1_43' title='bbox 351 1141 463 1202; x_wconf 87' lang='lat' dir='ltr'><strong>aliis...</strong></span> <span class='ocrx_word' id='word_1_44' title='bbox 495 1140 736 1217; x_wconf 89' lang='lat' dir='ltr'><strong>Burdegalensi</strong></span> <span class='ocrx_word' id='word_1_45' title='bbox 769 1139 886 1201; x_wconf 87' lang='lat' dir='ltr'><strong>archi·</strong></span> 
     </span>
     <span class='ocr_line' id='line_1_10' title="bbox 89 1237 811 1316; baseline -0.004 -15"><span class='ocrx_word' id='word_1_46' title='bbox 89 1240 258 1316; x_wconf 89' lang='lat' dir='ltr'><strong>episcopo,</strong></span> <span class='ocrx_word' id='word_1_47' title='bbox 273 1239 307 1300; x_wconf 88' lang='lat' dir='ltr'><strong>et</strong></span> <span class='ocrx_word' id='word_1_48' title='bbox 320 1237 543 1312; x_wconf 87' lang='lat' dir='ltr'><strong>suffraganeis</strong></span> <span class='ocrx_word' id='word_1_49' title='bbox 557 1241 629 1314; x_wconf 89' lang='lat' dir='ltr'><strong>ejus</strong></span> <span class='ocrx_word' id='word_1_50' title='bbox 650 1240 683 1301; x_wconf 88' lang='lat' dir='ltr'><strong>et</strong></span> <span class='ocrx_word' id='word_1_51' title='bbox 693 1237 811 1299; x_wconf 88' lang='lat' dir='ltr'><strong>aliis...</strong></span> 
     </span>
    </p>
   </div>
   <div class='ocr_carea' id='block_1_3' title="bbox 380 1451 593 1540">
    <p class='ocr_par' dir='ltr' id='par_1_4' title="bbox 380 1451 593 1540">
     <span class='ocr_line' id='line_1_11' title="bbox 380 1451 593 1540; baseline -0.005 -1"><span class='ocrx_word' id='word_1_52' title='bbox 380 1451 593 1540; x_wconf 79' lang='lat' dir='ltr'><strong>ccccxlv</strong></span> 
     </span>
    </p>
   </div>
   <div class='ocr_carea' id='block_1_4' title="bbox 92 1596 853 1768">
    <p class='ocr_par' dir='ltr' id='par_1_5' title="bbox 92 1596 853 1768">
     <span class='ocr_line' id='line_1_12' title="bbox 92 1596 853 1669; baseline -0.004 -10"><span class='ocrx_word' id='word_1_53' title='bbox 92 1650 97 1659; x_wconf 87' lang='lat'>.</span> <span class='ocrx_word' id='word_1_54' title='bbox 122 1597 174 1656; x_wconf 82' lang='lat' dir='ltr'><strong>Ad</strong></span> <span class='ocrx_word' id='word_1_55' title='bbox 189 1596 384 1656; x_wconf 72' lang='lat' dir='ltr'><strong>coracesium</strong></span> <span class='ocrx_word' id='word_1_56' title='bbox 400 1597 628 1657; x_wconf 70' lang='lat' dir='ltr'><strong>portuensem</strong></span> <span class='ocrx_word' id='word_1_57' title='bbox 646 1597 853 1669; x_wconf 75' lang='lat' dir='ltr'><strong>episcopum,</strong></span> 
     </span>
     <span class='ocr_line' id='line_1_13' title="bbox 238 1690 725 1768; baseline 0.004 -18"><span class='ocrx_word' id='word_1_58' title='bbox 238 1690 438 1762; x_wconf 66' lang='lat' dir='ltr'><strong>apostoticae</strong></span> <span class='ocrx_word' id='word_1_59' title='bbox 448 1693 547 1752; x_wconf 81' lang='lat' dir='ltr'><strong>Sedis</strong></span> <span class='ocrx_word' id='word_1_60' title='bbox 561 1691 725 1768; x_wconf 75' lang='lat' dir='ltr'><strong>legatum.</strong></span> 
     </span>
    </p>
   </div>
   <div class='ocr_carea' id='block_1_5' title="bbox 91 1811 883 2120">
    <p class='ocr_par' dir='ltr' id='par_1_6' title="bbox 91 1811 883 2120">
     <span class='ocr_line' id='line_1_14' title="bbox 382 1811 586 1885; baseline 0 -16"><span class='ocrx_word' id='word_1_61' title='bbox 382 1811 399 1869; x_wconf 81' lang='lat'><strong>3</strong></span> <span class='ocrx_word' id='word_1_62' title='bbox 415 1811 489 1885; x_wconf 85' lang='lat' dir='ltr'><strong>junii</strong></span> <span class='ocrx_word' id='word_1_63' title='bbox 509 1812 586 1870; x_wconf 73' lang='lat'>122¹.</span> 
     </span>
     <span class='ocr_line' id='line_1_15' title="bbox 122 1925 850 1992; baseline 0.004 -16"><span class='ocrx_word' id='word_1_64' title='bbox 122 1927 244 1990; x_wconf 82' lang='lat' dir='ltr'><strong>[Regest.,</strong></span> <span class='ocrx_word' id='word_1_65' title='bbox 255 1926 300 1977; x_wconf 90' lang='lat' dir='ltr'><strong>lib.</strong></span> <span class='ocrx_word' id='word_1_66' title='bbox 313 1925 346 1987; x_wconf 87' lang='lat' dir='ltr'><strong>V,</strong></span> <span class='ocrx_word' id='word_1_67' title='bbox 357 1927 430 1991; x_wconf 86' lang='lat' dir='ltr'><strong>epist.</strong></span> <span class='ocrx_word' id='word_1_68' title='bbox 438 1927 494 1977; x_wconf 77' lang='lat' dir='ltr'><strong>dal.</strong></span> <span class='ocrx_word' id='word_1_69' title='bbox 505 1929 562 1980; x_wconf 80' lang='lat' dir='ltr'><strong>llas.</strong></span> <span class='ocrx_word' id='word_1_70' title='bbox 573 1927 611 1978; x_wconf 85' lang='lat' dir='ltr'><strong>La</strong></span> <span class='ocrx_word' id='word_1_71' title='bbox 624 1927 700 1979; x_wconf 80' lang='lat' dir='ltr'><strong>Porta</strong></span> <span class='ocrx_word' id='word_1_72' title='bbox 710 1928 743 1979; x_wconf 91' lang='lat' dir='ltr'><strong>du</strong></span> <span class='ocrx_word' id='word_1_73' title='bbox 756 1929 850 1992; x_wconf 79' lang='lat' dir='ltr'><strong>Theti]</strong></span> 
     </span>
     <span class='ocr_line' id='line_1_16' title="bbox 91 2041 883 2120; baseline 0.003 -20"><span class='ocrx_word' id='word_1_74' title='bbox 91 2041 326 2116; x_wconf 78' lang='lat' dir='ltr'><strong>burdigalensem</strong></span> <span class='ocrx_word' id='word_1_75' title='bbox 339 2044 514 2116; x_wconf 86' lang='lat' dir='ltr'><strong>provinciam</strong></span> <span class='ocrx_word' id='word_1_76' title='bbox 526 2044 663 2117; x_wconf 84' lang='lat' dir='ltr'><strong>legationi</strong></span> <span class='ocrx_word' id='word_1_77' title='bbox 674 2060 734 2103; x_wconf 81' lang='lat' dir='ltr'><strong>sue</strong></span> <span class='ocrx_word' id='word_1_78' title='bbox 742 2045 883 2120; x_wconf 84' lang='lat' dir='ltr'><strong>adjungit.</strong></span> 
     </span>
    </p>
   </div>
   <div class='ocr_carea' id='block_1_6' title="bbox 90 2179 896 4986">
    <p class='ocr_par' dir='ltr' id='par_1_7' title="bbox 91 2179 888 2445">
     <span class='ocr_line' id='line_1_17' title="bbox 96 2179 888 2252; baseline 0.001 -12"><span class='ocrx_word' id='word_1_79' title='bbox 96 2224 98 2228; x_wconf 84' lang='lat'>-</span> <span class='ocrx_word' id='word_1_80' title='bbox 131 2179 311 2251; x_wconf 85' lang='lat' dir='ltr'><strong>Honorius,</strong></span> <span class='ocrx_word' id='word_1_81' title='bbox 339 2179 414 2252; x_wconf 82' lang='lat' dir='ltr'><strong>etc,</strong></span> <span class='ocrx_word' id='word_1_82' title='bbox 435 2179 619 2242; x_wconf 79' lang='lat' dir='ltr'><strong>venerabili</strong></span> <span class='ocrx_word' id='word_1_83' title='bbox 638 2180 734 2242; x_wconf 84' lang='lat' dir='ltr'><strong>fratri</strong></span> <span class='ocrx_word' id='word_1_84' title='bbox 752 2182 786 2241; x_wconf 87' lang='lat' dir='ltr'><strong>G.</strong></span> <span class='ocrx_word' id='word_1_85' title='bbox 803 2183 888 2242; x_wconf 92' lang='lat' dir='ltr'><strong>Por-</strong></span> 
     </span>
     <span class='ocr_line' id='line_1_18' title="bbox 91 2276 884 2356; baseline 0 -16"><span class='ocrx_word' id='word_1_86' title='bbox 91 2276 181 2340; x_wconf 91' lang='lat' dir='ltr'><strong>tuen.</strong></span> <span class='ocrx_word' id='word_1_87' title='bbox 216 2277 372 2355; x_wconf 89' lang='lat' dir='ltr'><strong>episcopo</strong></span> <span class='ocrx_word' id='word_1_88' title='bbox 399 2278 598 2356; x_wconf 75' lang='lat' dir='ltr'><strong>apostolicae</strong></span> <span class='ocrx_word' id='word_1_89' title='bbox 626 2279 721 2340; x_wconf 84' lang='lat' dir='ltr'><strong>Sedis</strong></span> <span class='ocrx_word' id='word_1_90' title='bbox 763 2278 884 2355; x_wconf 90' lang='lat' dir='ltr'><strong>legato,</strong></span> 
     </span>
     <span class='ocr_line' id='line_1_19' title="bbox 93 2373 323 2445; baseline -0.004 -9"><span class='ocrx_word' id='word_1_91' title='bbox 93 2373 323 2445; x_wconf 90' lang='lat' dir='ltr'><strong>salutem,etc.</strong></span> 
     </span>
    </p>

    <p class='ocr_par' dir='ltr' id='par_1_8' title="bbox 90 2472 896 4986">
     <span class='ocr_line' id='line_1_20' title="bbox 126 2472 883 2549; baseline 0.001 -16"><span class='ocrx_word' id='word_1_92' title='bbox 126 2472 264 2535; x_wconf 86' lang='lat' dir='ltr'><strong>Divinas</strong></span> <span class='ocrx_word' id='word_1_93' title='bbox 274 2475 487 2536; x_wconf 89' lang='lat' dir='ltr'><strong>recensentes</strong></span> <span class='ocrx_word' id='word_1_94' title='bbox 499 2474 657 2535; x_wconf 87' lang='lat' dir='ltr'><strong>historias</strong></span> <span class='ocrx_word' id='word_1_95' title='bbox 660 2517 720 2547; x_wconf 91' lang='lat'><strong>.....</strong></span> <span class='ocrx_word' id='word_1_96' title='bbox 728 2475 883 2549; x_wconf 87' lang='lat' dir='ltr'><strong>utsupra,</strong></span> 
     </span>
     <span class='ocr_line' id='line_1_21' title="bbox 90 2571 885 2648; baseline -0.005 -14"><span class='ocrx_word' id='word_1_97' title='bbox 90 2585 199 2646; x_wconf 78' lang='lat' dir='ltr'><strong>usque</strong></span> <span class='ocrx_word' id='word_1_98' title='bbox 212 2571 360 2648; x_wconf 83' lang='lat' dir='ltr'><strong>graviter</strong></span> <span class='ocrx_word' id='word_1_99' title='bbox 374 2572 551 2633; x_wconf 89' lang='lat' dir='ltr'><strong>corruisse.</strong></span> <span class='ocrx_word' id='word_1_100' title='bbox 566 2575 656 2632; x_wconf 86' lang='lat' dir='ltr'><strong>Tuus</strong></span> <span class='ocrx_word' id='word_1_101' title='bbox 680 2576 792 2633; x_wconf 89' lang='lat' dir='ltr'><strong>tamen</strong></span> <span class='ocrx_word' id='word_1_102' title='bbox 807 2571 885 2631; x_wconf 90' lang='lat' dir='ltr'><strong>ani-</strong></span> 
     </span>
     <span class='ocr_line' id='line_1_22' title="bbox 94 2666 884 2747; baseline -0.005 -16"><span class='ocrx_word' id='word_1_103' title='bbox 94 2683 169 2731; x_wconf 90' lang='lat' dir='ltr'><strong>mus</strong></span> <span class='ocrx_word' id='word_1_104' title='bbox 181 2669 217 2730; x_wconf 90' lang='lat' dir='ltr'><strong>in</strong></span> <span class='ocrx_word' id='word_1_105' title='bbox 232 2669 421 2747; x_wconf 90' lang='lat' dir='ltr'><strong>hujusmodi</strong></span> <span class='ocrx_word' id='word_1_106' title='bbox 439 2669 537 2730; x_wconf 91' lang='lat' dir='ltr'><strong>ruina</strong></span> <span class='ocrx_word' id='word_1_107' title='bbox 553 2685 619 2730; x_wconf 93' lang='lat' dir='ltr'><strong>non</strong></span> <span class='ocrx_word' id='word_1_108' title='bbox 631 2668 798 2742; x_wconf 82' lang='lat' dir='ltr'><strong>concidat3</strong></span> <span class='ocrx_word' id='word_1_109' title='bbox 816 2666 884 2739; x_wconf 91' lang='lat' dir='ltr'><strong>sed,</strong></span> 
     </span>
     <span class='ocr_line' id='line_1_23' title="bbox 91 2764 887 2845; baseline -0.001 -18"><span class='ocrx_word' id='word_1_110' title='bbox 91 2767 178 2845; x_wconf 85' lang='lat' dir='ltr'><strong>quod</strong></span> <span class='ocrx_word' id='word_1_111' title='bbox 194 2768 245 2830; x_wconf 91' lang='lat' dir='ltr'><strong>est</strong></span> <span class='ocrx_word' id='word_1_112' title='bbox 256 2767 388 2842; x_wconf 90' lang='lat' dir='ltr'><strong>signum</strong></span> <span class='ocrx_word' id='word_1_113' title='bbox 401 2767 545 2838; x_wconf 87' lang='lat' dir='ltr'><strong>virtutis,</strong></span> <span class='ocrx_word' id='word_1_114' title='bbox 563 2782 708 2841; x_wconf 79' lang='lat' dir='ltr'><strong>exurgas</strong></span> <span class='ocrx_word' id='word_1_115' title='bbox 721 2765 839 2827; x_wconf 87' lang='lat' dir='ltr'><strong>fortior</strong></span> <span class='ocrx_word' id='word_1_116' title='bbox 851 2764 887 2826; x_wconf 91' lang='lat' dir='ltr'><strong>in</strong></span> 
     </span>
     <span class='ocr_line' id='line_1_24' title="bbox 91 2863 887 2941; baseline -0.005 -14"><span class='ocrx_word' id='word_1_117' title='bbox 91 2864 256 2936; x_wconf 82' lang='lat' dir='ltr'><strong>adversis,</strong></span> <span class='ocrx_word' id='word_1_118' title='bbox 266 2865 358 2926; x_wconf 89' lang='lat' dir='ltr'><strong>tuum</strong></span> <span class='ocrx_word' id='word_1_119' title='bbox 367 2865 499 2941; x_wconf 89' lang='lat' dir='ltr'><strong>jactans</strong></span> <span class='ocrx_word' id='word_1_120' title='bbox 508 2864 543 2924; x_wconf 90' lang='lat' dir='ltr'><strong>in</strong></span> <span class='ocrx_word' id='word_1_121' title='bbox 552 2865 691 2924; x_wconf 88' lang='lat' dir='ltr'><strong>Domino</strong></span> <span class='ocrx_word' id='word_1_122' title='bbox 706 2863 887 2940; x_wconf 85' lang='lat' dir='ltr'><strong>cogitatum</strong></span> 
     </span>
     <span class='ocr_line' id='line_1_25' title="bbox 91 2960 886 3041; baseline -0.003 -18"><span class='ocrx_word' id='word_1_123' title='bbox 91 2962 148 3041; x_wconf 87' lang='lat' dir='ltr'><strong>qui</strong></span> <span class='ocrx_word' id='word_1_124' title='bbox 163 2962 264 3025; x_wconf 90' lang='lat' dir='ltr'><strong>elisos</strong></span> <span class='ocrx_word' id='word_1_125' title='bbox 279 2962 389 3038; x_wconf 89' lang='lat' dir='ltr'><strong>erigit,</strong></span> <span class='ocrx_word' id='word_1_126' title='bbox 406 2964 439 3024; x_wconf 86' lang='lat' dir='ltr'><strong>et</strong></span> <span class='ocrx_word' id='word_1_127' title='bbox 459 2978 536 3023; x_wconf 90' lang='lat' dir='ltr'><strong>suos</strong></span> <span class='ocrx_word' id='word_1_128' title='bbox 552 2962 587 3023; x_wconf 93' lang='lat' dir='ltr'><strong>in</strong></span> <span class='ocrx_word' id='word_1_129' title='bbox 602 2961 816 3023; x_wconf 86' lang='lat' dir='ltr'><strong>tribulatione</strong></span> <span class='ocrx_word' id='word_1_130' title='bbox 831 2960 886 3021; x_wconf 93' lang='lat' dir='ltr'><strong>di-</strong></span> 
     </span>
     <span class='ocr_line' id='line_1_26' title="bbox 91 3059 887 3136; baseline -0.006 -13"><span class='ocrx_word' id='word_1_131' title='bbox 91 3060 186 3123; x_wconf 88' lang='lat' dir='ltr'><strong>latat.</strong></span> <span class='ocrx_word' id='word_1_132' title='bbox 211 3062 280 3123; x_wconf 90' lang='lat' dir='ltr'><strong>Nos</strong></span> <span class='ocrx_word' id='word_1_133' title='bbox 307 3061 418 3121; x_wconf 90' lang='lat' dir='ltr'><strong>autem</strong></span> <span class='ocrx_word' id='word_1_134' title='bbox 449 3060 489 3120; x_wconf 90' lang='lat' dir='ltr'><strong>ad</strong></span> <span class='ocrx_word' id='word_1_135' title='bbox 518 3060 756 3121; x_wconf 82' lang='lat' dir='ltr'><strong>relevationem</strong></span> <span class='ocrx_word' id='word_1_136' title='bbox 781 3059 887 3136; x_wconf 91' lang='lat' dir='ltr'><strong>ipsius</strong></span> 
     </span>
     <span class='ocr_line' id='line_1_27' title="bbox 90 3157 889 3236; baseline -0.006 -15"><span class='ocrx_word' id='word_1_137' title='bbox 90 3160 217 3236; x_wconf 89' lang='lat' dir='ltr'><strong>negotii</strong></span> <span class='ocrx_word' id='word_1_138' title='bbox 246 3159 387 3221; x_wconf 86' lang='lat' dir='ltr'><strong>sollicite</strong></span> <span class='ocrx_word' id='word_1_139' title='bbox 419 3157 636 3229; x_wconf 90' lang='lat' dir='ltr'><strong>intendentes,</strong></span> <span class='ocrx_word' id='word_1_140' title='bbox 659 3157 889 3232; x_wconf 83' lang='lat' dir='ltr'><strong>Burdegalen-</strong></span> 
     </span>
     <span class='ocr_line' id='line_1_28' title="bbox 92 3253 888 3334; baseline -0.008 -16"><span class='ocrx_word' id='word_1_141' title='bbox 92 3272 162 3318; x_wconf 92' lang='lat' dir='ltr'><strong>sem</strong></span> <span class='ocrx_word' id='word_1_142' title='bbox 176 3257 381 3334; x_wconf 85' lang='lat' dir='ltr'><strong>provinciam</strong></span> <span class='ocrx_word' id='word_1_143' title='bbox 393 3256 460 3316; x_wconf 88' lang='lat' dir='ltr'><strong>tuae</strong></span> <span class='ocrx_word' id='word_1_144' title='bbox 469 3254 695 3333; x_wconf 85' lang='lat' dir='ltr'><strong>jurisdictioni</strong></span> <span class='ocrx_word' id='word_1_145' title='bbox 711 3253 888 3331; x_wconf 86' lang='lat' dir='ltr'><strong>adjicimus</strong></span> 
     </span>
     <span class='ocr_line' id='line_1_29' title="bbox 93 3349 890 3431; baseline -0.009 -14"><span class='ocrx_word' id='word_1_146' title='bbox 93 3355 292 3417; x_wconf 86' lang='lat' dir='ltr'><strong>auctoritate</strong></span> <span class='ocrx_word' id='word_1_147' title='bbox 332 3354 556 3431; x_wconf 86' lang='lat' dir='ltr'><strong>praesentium,</strong></span> <span class='ocrx_word' id='word_1_148' title='bbox 586 3351 795 3413; x_wconf 90' lang='lat' dir='ltr'><strong>concedendo</strong></span> <span class='ocrx_word' id='word_1_149' title='bbox 829 3349 890 3412; x_wconf 89' lang='lat' dir='ltr'><strong>tihi</strong></span> 
     </span>
     <span class='ocr_line' id='line_1_30' title="bbox 92 3447 890 3532; baseline -0.004 -21"><span class='ocrx_word' id='word_1_150' title='bbox 92 3452 200 3532; x_wconf 85' lang='lat' dir='ltr'><strong>plenae</strong></span> <span class='ocrx_word' id='word_1_151' title='bbox 216 3451 393 3527; x_wconf 83' lang='lat' dir='ltr'><strong>legationis</strong></span> <span class='ocrx_word' id='word_1_152' title='bbox 406 3450 552 3511; x_wconf 86' lang='lat' dir='ltr'><strong>officium</strong></span> <span class='ocrx_word' id='word_1_153' title='bbox 567 3450 602 3510; x_wconf 91' lang='lat' dir='ltr'><strong>in</strong></span> <span class='ocrx_word' id='word_1_154' title='bbox 618 3447 743 3509; x_wconf 91' lang='lat' dir='ltr'><strong>eadem.</strong></span> <span class='ocrx_word' id='word_1_155' title='bbox 755 3448 804 3508; x_wconf 78' lang='lat' dir='ltr'><strong>Ad</strong></span> <span class='ocrx_word' id='word_1_156' title='bbox 817 3448 890 3509; x_wconf 90' lang='lat' dir='ltr'><strong>haec</strong></span> 
     </span>
     <span class='ocr_line' id='line_1_31' title="bbox 93 3543 888 3622; baseline -0.008 -11"><span class='ocrx_word' id='word_1_157' title='bbox 93 3550 205 3621; x_wconf 89' lang='lat' dir='ltr'><strong>etiam,</strong></span> <span class='ocrx_word' id='word_1_158' title='bbox 229 3549 387 3610; x_wconf 87' lang='lat' dir='ltr'><strong>iratribus</strong></span> <span class='ocrx_word' id='word_1_159' title='bbox 415 3548 539 3608; x_wconf 90' lang='lat' dir='ltr'><strong>nostris</strong></span> <span class='ocrx_word' id='word_1_160' title='bbox 574 3543 888 3622; x_wconf 80' lang='lat' dir='ltr'><strong>archiepiscopis...</strong></span> 
     </span>
     <span class='ocr_line' id='line_1_32' title="bbox 91 3642 889 3718; baseline -0.006 -11"><span class='ocrx_word' id='word_1_161' title='bbox 91 3646 248 3709; x_wconf 88' lang='lat' dir='ltr'><strong>Remensi</strong></span> <span class='ocrx_word' id='word_1_162' title='bbox 272 3647 307 3706; x_wconf 90' lang='lat' dir='ltr'><strong>in</strong></span> <span class='ocrx_word' id='word_1_163' title='bbox 332 3659 404 3716; x_wconf 87' lang='lat' dir='ltr'><strong>sua,</strong></span> <span class='ocrx_word' id='word_1_164' title='bbox 422 3644 455 3706; x_wconf 88' lang='lat' dir='ltr'><strong>et</strong></span> <span class='ocrx_word' id='word_1_165' title='bbox 481 3642 753 3718; x_wconf 87' lang='lat' dir='ltr'><strong>Rothomagensi,</strong></span> <span class='ocrx_word' id='word_1_166' title='bbox 780 3644 889 3704; x_wconf 90' lang='lat' dir='ltr'><strong>Seno-</strong></span> 
     </span>
     <span class='ocr_line' id='line_1_33' title="bbox 90 3740 888 3808; baseline -0.006 -4"><span class='ocrx_word' id='word_1_167' title='bbox 90 3744 186 3806; x_wconf 89' lang='lat' dir='ltr'><strong>nensi</strong></span> <span class='ocrx_word' id='word_1_168' title='bbox 212 3759 292 3804; x_wconf 81' lang='lat' dir='ltr'><strong>vero</strong></span> <span class='ocrx_word' id='word_1_169' title='bbox 308 3743 342 3803; x_wconf 87' lang='lat' dir='ltr'><strong>in</strong></span> <span class='ocrx_word' id='word_1_170' title='bbox 371 3757 442 3808; x_wconf 89' lang='lat' dir='ltr'><strong>sua,</strong></span> <span class='ocrx_word' id='word_1_171' title='bbox 469 3743 501 3801; x_wconf 89' lang='lat' dir='ltr'><strong>et</strong></span> <span class='ocrx_word' id='word_1_172' title='bbox 516 3740 714 3801; x_wconf 90' lang='lat' dir='ltr'><strong>Bituricensi</strong></span> <span class='ocrx_word' id='word_1_173' title='bbox 729 3740 763 3802; x_wconf 88' lang='lat' dir='ltr'><strong>et</strong></span> <span class='ocrx_word' id='word_1_174' title='bbox 776 3742 888 3800; x_wconf 79' lang='lat' dir='ltr'><strong>&#39;ruro-</strong></span> 
     </span>
     <span class='ocr_line' id='line_1_34' title="bbox 93 3836 892 3919; baseline -0.005 -16"><span class='ocrx_word' id='word_1_175' title='bbox 93 3842 190 3903; x_wconf 88' lang='lat' dir='ltr'><strong>nensi</strong></span> <span class='ocrx_word' id='word_1_176' title='bbox 206 3839 387 3919; x_wconf 91' lang='lat' dir='ltr'><strong>provinciis</strong></span> <span class='ocrx_word' id='word_1_177' title='bbox 397 3838 574 3915; x_wconf 82' lang='lat' dir='ltr'><strong>legationis</strong></span> <span class='ocrx_word' id='word_1_178' title='bbox 588 3836 733 3899; x_wconf 90' lang='lat' dir='ltr'><strong>officium</strong></span> <span class='ocrx_word' id='word_1_179' title='bbox 745 3837 892 3899; x_wconf 88' lang='lat' dir='ltr'><strong>commit·</strong></span> 
     </span>
     <span class='ocr_line' id='line_1_35' title="bbox 94 3930 892 4010; baseline -0.01 -10"><span class='ocrx_word' id='word_1_180' title='bbox 94 3939 213 4001; x_wconf 88' lang='lat' dir='ltr'><strong>tentes.</strong></span> <span class='ocrx_word' id='word_1_181' title='bbox 230 3937 279 3998; x_wconf 80' lang='lat' dir='ltr'><strong>Ad</strong></span> <span class='ocrx_word' id='word_1_182' title='bbox 294 3938 386 3997; x_wconf 88' lang='lat' dir='ltr'><strong>tuum</strong></span> <span class='ocrx_word' id='word_1_183' title='bbox 409 3936 441 3996; x_wconf 89' lang='lat' dir='ltr'><strong>et</strong></span> <span class='ocrx_word' id='word_1_184' title='bbox 461 3933 586 4010; x_wconf 90' lang='lat' dir='ltr'><strong>negotii</strong></span> <span class='ocrx_word' id='word_1_185' title='bbox 606 3931 758 4010; x_wconf 86' lang='lat' dir='ltr'><strong>jamdicti</strong></span> <span class='ocrx_word' id='word_1_186' title='bbox 782 3930 892 3992; x_wconf 89' lang='lat' dir='ltr'><strong>subsi-</strong></span> 
     </span>
     <span class='ocr_line' id='line_1_36' title="bbox 96 4030 893 4108; baseline -0.009 -11"><span class='ocrx_word' id='word_1_187' title='bbox 96 4035 198 4108; x_wconf 88' lang='lat' dir='ltr'><strong>dium,</strong></span> <span class='ocrx_word' id='word_1_188' title='bbox 221 4034 454 4097; x_wconf 90' lang='lat' dir='ltr'><strong>charissimum</strong></span> <span class='ocrx_word' id='word_1_189' title='bbox 479 4033 513 4092; x_wconf 89' lang='lat' dir='ltr'><strong>in</strong></span> <span class='ocrx_word' id='word_1_190' title='bbox 534 4031 664 4092; x_wconf 83' lang='lat' dir='ltr'><strong>Christo</strong></span> <span class='ocrx_word' id='word_1_191' title='bbox 684 4030 789 4090; x_wconf 86' lang='lat' dir='ltr'><strong>illium</strong></span> <span class='ocrx_word' id='word_1_192' title='bbox 813 4045 893 4091; x_wconf 89' lang='lat' dir='ltr'><strong>nos·</strong></span> 
     </span>
     <span class='ocr_line' id='line_1_37' title="bbox 94 4127 893 4208; baseline -0.011 -11"><span class='ocrx_word' id='word_1_193' title='bbox 94 4135 182 4199; x_wconf 87' lang='lat' dir='ltr'><strong>trum</strong></span> <span class='ocrx_word' id='word_1_194' title='bbox 206 4134 279 4205; x_wconf 82' lang='lat' dir='ltr'><strong>Ph,</strong></span> <span class='ocrx_word' id='word_1_195' title='bbox 296 4147 409 4208; x_wconf 88' lang='lat' dir='ltr'><strong>regem</strong></span> <span class='ocrx_word' id='word_1_196' title='bbox 435 4132 639 4191; x_wconf 87' lang='lat' dir='ltr'><strong>Francorum</strong></span> <span class='ocrx_word' id='word_1_197' title='bbox 660 4128 841 4199; x_wconf 88' lang='lat' dir='ltr'><strong>illustrem,</strong></span> <span class='ocrx_word' id='word_1_198' title='bbox 860 4127 893 4188; x_wconf 85' lang='lat' dir='ltr'><strong>et</strong></span> 
     </span>
     <span class='ocr_line' id='line_1_38' title="bbox 96 4226 892 4309; baseline -0.011 -16"><span class='ocrx_word' id='word_1_199' title='bbox 96 4247 237 4308; x_wconf 88' lang='lat' dir='ltr'><strong>regnum</strong></span> <span class='ocrx_word' id='word_1_200' title='bbox 262 4233 334 4309; x_wconf 87' lang='lat' dir='ltr'><strong>ejus</strong></span> <span class='ocrx_word' id='word_1_201' title='bbox 360 4227 543 4304; x_wconf 84' lang='lat' dir='ltr'><strong>satagimus</strong></span> <span class='ocrx_word' id='word_1_202' title='bbox 558 4226 717 4287; x_wconf 83' lang='lat' dir='ltr'><strong>excitare.</strong></span> <span class='ocrx_word' id='word_1_203' title='bbox 747 4227 795 4284; x_wconf 84' lang='lat' dir='ltr'><strong>Tu</strong></span> <span class='ocrx_word' id='word_1_204' title='bbox 813 4239 892 4299; x_wconf 92' lang='lat' dir='ltr'><strong>ergo</strong></span> 
     </span>
     <span class='ocr_line' id='line_1_39' title="bbox 96 4321 892 4394; baseline -0.013 -3"><span class='ocrx_word' id='word_1_205' title='bbox 96 4329 285 4391; x_wconf 90' lang='lat' dir='ltr'><strong>confortare</strong></span> <span class='ocrx_word' id='word_1_206' title='bbox 305 4327 340 4386; x_wconf 91' lang='lat' dir='ltr'><strong>in</strong></span> <span class='ocrx_word' id='word_1_207' title='bbox 363 4325 513 4394; x_wconf 88' lang='lat' dir='ltr'><strong>Domino,</strong></span> <span class='ocrx_word' id='word_1_208' title='bbox 533 4324 566 4384; x_wconf 91' lang='lat' dir='ltr'><strong>et</strong></span> <span class='ocrx_word' id='word_1_209' title='bbox 581 4322 724 4383; x_wconf 90' lang='lat' dir='ltr'><strong>aliorum</strong></span> <span class='ocrx_word' id='word_1_210' title='bbox 740 4321 841 4383; x_wconf 90' lang='lat' dir='ltr'><strong>corda</strong></span> <span class='ocrx_word' id='word_1_211' title='bbox 857 4321 892 4381; x_wconf 91' lang='lat' dir='ltr'><strong>in</strong></span> 
     </span>
     <span class='ocr_line' id='line_1_40' title="bbox 97 4417 892 4496; baseline -0.014 -7"><span class='ocrx_word' id='word_1_212' title='bbox 97 4441 222 4496; x_wconf 88' lang='lat' dir='ltr'><strong>amore,</strong></span> <span class='ocrx_word' id='word_1_213' title='bbox 241 4439 281 4484; x_wconf 90' lang='lat' dir='ltr'><strong>ac</strong></span> <span class='ocrx_word' id='word_1_214' title='bbox 300 4423 440 4484; x_wconf 89' lang='lat' dir='ltr'><strong>tuitione</strong></span> <span class='ocrx_word' id='word_1_215' title='bbox 462 4420 631 4496; x_wconf 85' lang='lat' dir='ltr'><strong>saepedicti</strong></span> <span class='ocrx_word' id='word_1_216' title='bbox 648 4419 772 4495; x_wconf 90' lang='lat' dir='ltr'><strong>negotii</strong></span> <span class='ocrx_word' id='word_1_217' title='bbox 792 4417 892 4480; x_wconf 87' lang='lat' dir='ltr'><strong>verbo</strong></span> 
     </span>
     <span class='ocr_line' id='line_1_41' title="bbox 99 4518 892 4597; baseline -0.013 -11"><span class='ocrx_word' id='word_1_218' title='bbox 99 4523 132 4586; x_wconf 92' lang='lat' dir='ltr'><strong>et</strong></span> <span class='ocrx_word' id='word_1_219' title='bbox 158 4520 309 4597; x_wconf 77' lang='lat' dir='ltr'><strong>exemplo</strong></span> <span class='ocrx_word' id='word_1_220' title='bbox 327 4518 498 4588; x_wconf 86' lang='lat' dir='ltr'><strong>confirma,</strong></span> <span class='ocrx_word' id='word_1_221' title='bbox 514 4518 606 4577; x_wconf 89' lang='lat' dir='ltr'><strong>tanto</strong></span> <span class='ocrx_word' id='word_1_222' title='bbox 630 4520 789 4593; x_wconf 89' lang='lat' dir='ltr'><strong>majorem</strong></span> <span class='ocrx_word' id='word_1_223' title='bbox 808 4532 892 4577; x_wconf 91' lang='lat' dir='ltr'><strong>con-</strong></span> 
     </span>
     <span class='ocr_line' id='line_1_42' title="bbox 98 4612 893 4682; baseline -0.011 0"><span class='ocrx_word' id='word_1_224' title='bbox 98 4620 272 4682; x_wconf 89' lang='lat' dir='ltr'><strong>secuturus</strong></span> <span class='ocrx_word' id='word_1_225' title='bbox 281 4615 321 4678; x_wconf 90' lang='lat' dir='ltr'><strong>ab</strong></span> <span class='ocrx_word' id='word_1_226' title='bbox 335 4614 524 4677; x_wconf 89' lang='lat' dir='ltr'><strong>hominibus</strong></span> <span class='ocrx_word' id='word_1_227' title='bbox 533 4612 675 4682; x_wconf 89' lang='lat' dir='ltr'><strong>landem,</strong></span> <span class='ocrx_word' id='word_1_228' title='bbox 684 4614 893 4675; x_wconf 83' lang='lat' dir='ltr'><strong>etabomino</strong></span> 
     </span>
     <span class='ocr_line' id='line_1_43' title="bbox 100 4711 896 4796; baseline -0.009 -17"><span class='ocrx_word' id='word_1_229' title='bbox 100 4717 274 4796; x_wconf 76' lang='lat' dir='ltr'><strong>praemium</strong></span> <span class='ocrx_word' id='word_1_230' title='bbox 290 4715 412 4792; x_wconf 87' lang='lat' dir='ltr'><strong>quanto</strong></span> <span class='ocrx_word' id='word_1_231' title='bbox 433 4711 601 4789; x_wconf 88' lang='lat' dir='ltr'><strong>negotium</strong></span> <span class='ocrx_word' id='word_1_232' title='bbox 621 4711 730 4787; x_wconf 91' lang='lat' dir='ltr'><strong>ipsum</strong></span> <span class='ocrx_word' id='word_1_233' title='bbox 750 4726 823 4772; x_wconf 92' lang='lat' dir='ltr'><strong>esse</strong></span> <span class='ocrx_word' id='word_1_234' title='bbox 843 4711 896 4772; x_wconf 87' lang='lat' dir='ltr'><strong>vi-</strong></span> 
     </span>
     <span class='ocr_line' id='line_1_44' title="bbox 100 4809 895 4890; baseline -0.008 -13"><span class='ocrx_word' id='word_1_235' title='bbox 100 4815 196 4877; x_wconf 87' lang='lat' dir='ltr'><strong>detur</strong></span> <span class='ocrx_word' id='word_1_236' title='bbox 209 4830 289 4876; x_wconf 92' lang='lat' dir='ltr'><strong>casu</strong></span> <span class='ocrx_word' id='word_1_237' title='bbox 303 4811 458 4890; x_wconf 82' lang='lat' dir='ltr'><strong>graviore</strong></span> <span class='ocrx_word' id='word_1_238' title='bbox 482 4809 676 4885; x_wconf 88' lang='lat' dir='ltr'><strong>collapsum.</strong></span> <span class='ocrx_word' id='word_1_239' title='bbox 700 4809 819 4870; x_wconf 85' lang='lat' dir='ltr'><strong>Datum</strong></span> <span class='ocrx_word' id='word_1_240' title='bbox 835 4810 895 4871; x_wconf 91' lang='lat' dir='ltr'><strong>La·</strong></span> 
     </span>
     <span class='ocr_line' id='line_1_45' title="bbox 100 4905 762 4986; baseline -0.012 -12"><span class='ocrx_word' id='word_1_241' title='bbox 100 4912 222 4984; x_wconf 85' lang='lat' dir='ltr'><strong>terant,</strong></span> <span class='ocrx_word' id='word_1_242' title='bbox 237 4913 282 4972; x_wconf 93' lang='lat' dir='ltr'><strong>lll</strong></span> <span class='ocrx_word' id='word_1_243' title='bbox 297 4925 403 4971; x_wconf 88' lang='lat' dir='ltr'><strong>nonas</strong></span> <span class='ocrx_word' id='word_1_244' title='bbox 410 4907 511 4986; x_wconf 85' lang='lat' dir='ltr'><strong>junii,</strong></span> <span class='ocrx_word' id='word_1_245' title='bbox 528 4921 615 4967; x_wconf 90' lang='lat' dir='ltr'><strong>anno</strong></span> <span class='ocrx_word' id='word_1_246' title='bbox 635 4905 762 4985; x_wconf 89' lang='lat' dir='ltr'><strong>quinto.</strong></span> 
     </span>
    </p>
   </div>
   <div class='ocr_carea' id='block_1_7' title="bbox 404 5127 597 5216">
    <p class='ocr_par' dir='ltr' id='par_1_9' title="bbox 404 5127 597 5216">
     <span class='ocr_line' id='line_1_46' title="bbox 404 5127 597 5216; baseline -0.005 -1"><span class='ocrx_word' id='word_1_247' title='bbox 404 5127 597 5216; x_wconf 76' lang='lat' dir='ltr'><strong>dcccxv</strong></span> 
     </span>
    </p>
   </div>
   <div class='ocr_carea' id='block_1_8' title="bbox 145 5272 865 5573">
    <p class='ocr_par' dir='ltr' id='par_1_10' title="bbox 145 5272 865 5573">
     <span class='ocr_line' id='line_1_47' title="bbox 384 5272 616 5332; baseline -0.013 0"><span class='ocrx_word' id='word_1_248' title='bbox 384 5272 436 5332; x_wconf 80' lang='lat' dir='ltr'><strong>Ad</strong></span> <span class='ocrx_word' id='word_1_249' title='bbox 448 5272 616 5331; x_wconf 79' lang='lat' dir='ltr'><strong>eacmdem.</strong></span> 
     </span>
     <span class='ocr_line' id='line_1_48' title="bbox 145 5391 865 5465; baseline -0.013 -14"><span class='ocrx_word' id='word_1_250' title='bbox 145 5401 264 5465; x_wconf 50' lang='lat' dir='ltr'><strong>[bageam</strong></span> <span class='ocrx_word' id='word_1_251' title='bbox 275 5393 321 5446; x_wconf 87' lang='lat' dir='ltr'><strong>lib.</strong></span> <span class='ocrx_word' id='word_1_252' title='bbox 332 5394 364 5453; x_wconf 86' lang='lat' dir='ltr'><strong>v,</strong></span> <span class='ocrx_word' id='word_1_253' title='bbox 376 5391 450 5457; x_wconf 88' lang='lat' dir='ltr'><strong>epist.</strong></span> <span class='ocrx_word' id='word_1_254' title='bbox 460 5392 516 5442; x_wconf 75' lang='lat'>68².</span> <span class='ocrx_word' id='word_1_255' title='bbox 528 5393 586 5443; x_wconf 88' lang='lat' dir='ltr'><strong>lllss.</strong></span> <span class='ocrx_word' id='word_1_256' title='bbox 598 5393 633 5442; x_wconf 84' lang='lat' dir='ltr'><strong>La</strong></span> <span class='ocrx_word' id='word_1_257' title='bbox 644 5391 720 5442; x_wconf 80' lang='lat' dir='ltr'><strong>Porto</strong></span> <span class='ocrx_word' id='word_1_258' title='bbox 728 5391 762 5442; x_wconf 90' lang='lat' dir='ltr'><strong>du</strong></span> <span class='ocrx_word' id='word_1_259' title='bbox 771 5392 865 5459; x_wconf 78' lang='lat' dir='ltr'><strong>Theti]</strong></span> 
     </span>
     <span class='ocr_line' id='line_1_49' title="bbox 309 5498 691 5573; baseline -0.013 -13"><span class='ocrx_word' id='word_1_260' title='bbox 309 5499 471 5560; x_wconf 83' lang='lat' dir='ltr'><strong>Facultates</strong></span> <span class='ocrx_word' id='word_1_261' title='bbox 489 5498 551 5572; x_wconf 76' lang='lat' dir='ltr'><strong>eius</strong></span> <span class='ocrx_word' id='word_1_262' title='bbox 565 5498 691 5573; x_wconf 86' lang='lat' dir='ltr'><strong>ampliet.</strong></span> 
     </span>
    </p>
   </div>
   <div class='ocr_carea' id='block_1_9' title="bbox 143 5615 897 5686">
    <p class='ocr_par' dir='ltr' id='par_1_11' title="bbox 143 5615 897 5686">
     <span class='ocr_line' id='line_1_50' title="bbox 143 5615 897 5686; baseline -0.008 -1"><span class='ocrx_word' id='word_1_263' title='bbox 143 5625 218 5686; x_wconf 88' lang='lat' dir='ltr'><strong>Non</strong></span> <span class='ocrx_word' id='word_1_264' title='bbox 242 5620 314 5682; x_wconf 91' lang='lat' dir='ltr'><strong>sine</strong></span> <span class='ocrx_word' id='word_1_265' title='bbox 328 5615 551 5681; x_wconf 87' lang='lat' dir='ltr'><strong>amaritudine</strong></span> <span class='ocrx_word' id='word_1_266' title='bbox 569 5615 688 5679; x_wconf 88' lang='lat' dir='ltr'><strong>mentis</strong></span> <span class='ocrx_word' id='word_1_267' title='bbox 710 5615 897 5679; x_wconf 85' lang='lat' dir='ltr'><strong>andivimus</strong></span> 
     </span>
    </p>
   </div>
   <div class='ocr_carea' id='block_1_10' title="bbox 707 300 1121 364">
    <p class='ocr_par' dir='ltr' id='par_1_12' title="bbox 707 300 1121 364">
     <span class='ocr_line' id='line_1_51' title="bbox 707 300 1121 364; baseline -0.007 -2"><span class='ocrx_word' id='word_1_268' title='bbox 707 300 885 364; x_wconf 85' lang='lat' dir='ltr'>HONORII</span> <span class='ocrx_word' id='word_1_269' title='bbox 906 300 952 361; x_wconf 93' lang='lat'><strong>111</strong></span> <span class='ocrx_word' id='word_1_270' title='bbox 972 301 1121 363; x_wconf 72' lang='lat' dir='ltr'><strong>OPERA.</strong></span> 
     </span>
    </p>
   </div>
   <div class='ocr_carea' id='block_1_11' title="bbox 1683 297 1739 363">
    <p class='ocr_par' dir='ltr' id='par_1_13' title="bbox 1683 297 1739 363">
     <span class='ocr_line' id='line_1_52' title="bbox 1683 297 1739 363; baseline 0 0"><span class='ocrx_word' id='word_1_271' title='bbox 1683 297 1739 363; x_wconf 76' lang='lat'><strong>8³6</strong></span> 
     </span>
    </p>
   </div>
   <div class='ocr_carea' id='block_1_12' title="bbox 926 454 1743 538">
    <p class='ocr_par' dir='ltr' id='par_1_14' title="bbox 926 454 1743 538">
     <span class='ocr_line' id='line_1_53' title="bbox 926 454 1743 538; baseline -0.001 -17"><span class='ocrx_word' id='word_1_272' title='bbox 926 459 972 522; x_wconf 86' lang='lat' dir='ltr'><strong>et</strong></span> <span class='ocrx_word' id='word_1_273' title='bbox 985 459 1174 532; x_wconf 81' lang='lat' dir='ltr'><strong>referimus,</strong></span> <span class='ocrx_word' id='word_1_274' title='bbox 1191 459 1277 537; x_wconf 87' lang='lat' dir='ltr'><strong>quod</strong></span> <span class='ocrx_word' id='word_1_275' title='bbox 1293 459 1427 537; x_wconf 88' lang='lat' dir='ltr'><strong>quidam</strong></span> <span class='ocrx_word' id='word_1_276' title='bbox 1442 454 1603 538; x_wconf 89' lang='lat' dir='ltr'><strong>episcopi,</strong></span> <span class='ocrx_word' id='word_1_277' title='bbox 1616 456 1743 535; x_wconf 84' lang='lat' dir='ltr'><strong>aliique</strong></span> 
     </span>
    </p>
   </div>
   <div class='ocr_carea' id='block_1_13' title="bbox 939 555 1743 1706">
    <p class='ocr_par' dir='ltr' id='par_1_15' title="bbox 939 555 1743 1706">
     <span class='ocr_line' id='line_1_54' title="bbox 940 555 1738 634; baseline -0.005 -15"><span class='ocrx_word' id='word_1_278' title='bbox 940 557 1070 634; x_wconf 86' lang='lat' dir='ltr'><strong>praelati</strong></span> <span class='ocrx_word' id='word_1_279' title='bbox 1085 558 1118 620; x_wconf 88' lang='lat' dir='ltr'><strong>et</strong></span> <span class='ocrx_word' id='word_1_280' title='bbox 1129 557 1349 620; x_wconf 88' lang='lat' dir='ltr'><strong>ecclesiastici</strong></span> <span class='ocrx_word' id='word_1_281' title='bbox 1368 557 1445 629; x_wconf 85' lang='lat' dir='ltr'><strong>viri,</strong></span> <span class='ocrx_word' id='word_1_282' title='bbox 1459 556 1649 619; x_wconf 85' lang='lat' dir='ltr'><strong>adversarii</strong></span> <span class='ocrx_word' id='word_1_283' title='bbox 1664 555 1738 616; x_wconf 88' lang='lat' dir='ltr'><strong>fidei</strong></span> 
     </span>
     <span class='ocr_line' id='line_1_55' title="bbox 944 654 1739 731; baseline -0.004 -16"><span class='ocrx_word' id='word_1_284' title='bbox 944 654 1088 731; x_wconf 88' lang='lat' dir='ltr'><strong>negotio,</strong></span> <span class='ocrx_word' id='word_1_285' title='bbox 1105 671 1172 716; x_wconf 89' lang='lat' dir='ltr'><strong>non</strong></span> <span class='ocrx_word' id='word_1_286' title='bbox 1184 657 1354 727; x_wconf 76' lang='lat' dir='ltr'><strong>serentur,</strong></span> <span class='ocrx_word' id='word_1_287' title='bbox 1371 655 1540 717; x_wconf 86' lang='lat' dir='ltr'><strong>haereticis</strong></span> <span class='ocrx_word' id='word_1_288' title='bbox 1560 667 1739 730; x_wconf 86' lang='lat' dir='ltr'><strong>eorumque</strong></span> 
     </span>
     <span class='ocr_line' id='line_1_56' title="bbox 939 751 1737 830; baseline -0.004 -17"><span class='ocrx_word' id='word_1_289' title='bbox 939 751 1123 814; x_wconf 84' lang='lat' dir='ltr'><strong>fautoribus</strong></span> <span class='ocrx_word' id='word_1_290' title='bbox 1134 753 1356 830; x_wconf 92' lang='lat' dir='ltr'><strong>impendendo</strong></span> <span class='ocrx_word' id='word_1_291' title='bbox 1371 752 1531 824; x_wconf 85' lang='lat' dir='ltr'><strong>favorem,</strong></span> <span class='ocrx_word' id='word_1_292' title='bbox 1549 751 1737 822; x_wconf 89' lang='lat' dir='ltr'><strong>consilinm,</strong></span> 
     </span>
     <span class='ocr_line' id='line_1_57' title="bbox 939 848 1743 929; baseline 0 -19"><span class='ocrx_word' id='word_1_293' title='bbox 939 850 972 912; x_wconf 90' lang='lat' dir='ltr'><strong>et</strong></span> <span class='ocrx_word' id='word_1_294' title='bbox 990 850 1155 911; x_wconf 83' lang='lat' dir='ltr'><strong>auxilium</strong></span> <span class='ocrx_word' id='word_1_295' title='bbox 1177 866 1267 912; x_wconf 92' lang='lat' dir='ltr'><strong>nunc</strong></span> <span class='ocrx_word' id='word_1_296' title='bbox 1288 850 1420 927; x_wconf 90' lang='lat' dir='ltr'><strong>publice</strong></span> <span class='ocrx_word' id='word_1_297' title='bbox 1437 848 1556 929; x_wconf 87' lang='lat' dir='ltr'><strong>[dare],</strong></span> <span class='ocrx_word' id='word_1_298' title='bbox 1574 865 1666 911; x_wconf 91' lang='lat' dir='ltr'><strong>nunc</strong></span> <span class='ocrx_word' id='word_1_299' title='bbox 1684 865 1743 910; x_wconf 77' lang='lat' dir='ltr'><strong>oc-</strong></span> 
     </span>
     <span class='ocr_line' id='line_1_58' title="bbox 939 947 1737 1025; baseline -0.003 -17"><span class='ocrx_word' id='word_1_300' title='bbox 939 947 1038 1019; x_wconf 92' lang='lat' dir='ltr'><strong>culte,</strong></span> <span class='ocrx_word' id='word_1_301' title='bbox 1055 964 1138 1025; x_wconf 90' lang='lat' dir='ltr'><strong>quos</strong></span> <span class='ocrx_word' id='word_1_302' title='bbox 1158 948 1188 1008; x_wconf 88' lang='lat' dir='ltr'><strong>si</strong></span> <span class='ocrx_word' id='word_1_303' title='bbox 1202 948 1297 1009; x_wconf 87' lang='lat' dir='ltr'><strong>Sedis</strong></span> <span class='ocrx_word' id='word_1_304' title='bbox 1314 948 1516 1024; x_wconf 80' lang='lat' dir='ltr'><strong>Apostolicm</strong></span> <span class='ocrx_word' id='word_1_305' title='bbox 1535 947 1737 1018; x_wconf 78' lang='lat' dir='ltr'><strong>reverentia,</strong></span> 
     </span>
     <span class='ocr_line' id='line_1_59' title="bbox 939 1042 1738 1123; baseline -0.001 -18"><span class='ocrx_word' id='word_1_306' title='bbox 939 1061 1012 1122; x_wconf 87' lang='lat' dir='ltr'><strong>quae</strong></span> <span class='ocrx_word' id='word_1_307' title='bbox 1032 1046 1163 1107; x_wconf 88' lang='lat' dir='ltr'><strong>tantum</strong></span> <span class='ocrx_word' id='word_1_308' title='bbox 1182 1061 1242 1122; x_wconf 89' lang='lat' dir='ltr'><strong>pro</strong></span> <span class='ocrx_word' id='word_1_309' title='bbox 1265 1046 1337 1123; x_wconf 92' lang='lat' dir='ltr'><strong>ipso</strong></span> <span class='ocrx_word' id='word_1_310' title='bbox 1355 1046 1489 1121; x_wconf 92' lang='lat' dir='ltr'><strong>negotio</strong></span> <span class='ocrx_word' id='word_1_311' title='bbox 1504 1044 1683 1115; x_wconf 81' lang='lat' dir='ltr'><strong>laboravit,</strong></span> <span class='ocrx_word' id='word_1_312' title='bbox 1700 1042 1738 1104; x_wconf 93' lang='lat' dir='ltr'><strong>ah</strong></span> 
     </span>
     <span class='ocr_line' id='line_1_60' title="bbox 939 1142 1740 1213; baseline -0.001 -11"><span class='ocrx_word' id='word_1_313' title='bbox 939 1142 1073 1203; x_wconf 90' lang='lat' dir='ltr'><strong>illorum</strong></span> <span class='ocrx_word' id='word_1_314' title='bbox 1090 1143 1205 1205; x_wconf 83' lang='lat' dir='ltr'><strong>farore</strong></span> <span class='ocrx_word' id='word_1_315' title='bbox 1225 1158 1292 1204; x_wconf 92' lang='lat' dir='ltr'><strong>non</strong></span> <span class='ocrx_word' id='word_1_316' title='bbox 1310 1145 1455 1213; x_wconf 84' lang='lat' dir='ltr'><strong>revocat,</strong></span> <span class='ocrx_word' id='word_1_317' title='bbox 1475 1142 1611 1204; x_wconf 78' lang='lat' dir='ltr'><strong>divinus</strong></span> <span class='ocrx_word' id='word_1_318' title='bbox 1626 1142 1740 1202; x_wconf 87' lang='lat' dir='ltr'><strong>saltem</strong></span> 
     </span>
     <span class='ocr_line' id='line_1_61' title="bbox 939 1239 1739 1318; baseline -0.005 -15"><span class='ocrx_word' id='word_1_319' title='bbox 939 1240 1039 1303; x_wconf 91' lang='lat' dir='ltr'><strong>timor</strong></span> <span class='ocrx_word' id='word_1_320' title='bbox 1052 1242 1085 1302; x_wconf 91' lang='lat' dir='ltr'><strong>et</strong></span> <span class='ocrx_word' id='word_1_321' title='bbox 1103 1256 1198 1301; x_wconf 85' lang='lat' dir='ltr'><strong>amor</strong></span> <span class='ocrx_word' id='word_1_322' title='bbox 1210 1241 1356 1318; x_wconf 75' lang='lat' dir='ltr'><strong>proprias</strong></span> <span class='ocrx_word' id='word_1_323' title='bbox 1375 1240 1473 1302; x_wconf 76' lang='lat' dir='ltr'><strong>famae</strong></span> <span class='ocrx_word' id='word_1_324' title='bbox 1487 1256 1527 1301; x_wconf 89' lang='lat' dir='ltr'><strong>ac</strong></span> <span class='ocrx_word' id='word_1_325' title='bbox 1541 1239 1664 1302; x_wconf 89' lang='lat' dir='ltr'><strong>salutis</strong></span> <span class='ocrx_word' id='word_1_326' title='bbox 1678 1239 1739 1300; x_wconf 90' lang='lat' dir='ltr'><strong>de-</strong></span> 
     </span>
     <span class='ocr_line' id='line_1_62' title="bbox 939 1337 1741 1414; baseline -0.002 -15"><span class='ocrx_word' id='word_1_327' title='bbox 939 1337 1057 1399; x_wconf 89' lang='lat' dir='ltr'><strong>buerat</strong></span> <span class='ocrx_word' id='word_1_328' title='bbox 1070 1354 1240 1400; x_wconf 85' lang='lat' dir='ltr'><strong>revocare.</strong></span> <span class='ocrx_word' id='word_1_329' title='bbox 1263 1340 1344 1399; x_wconf 85' lang='lat' dir='ltr'><strong>Cum</strong></span> <span class='ocrx_word' id='word_1_330' title='bbox 1364 1339 1467 1414; x_wconf 90' lang='lat' dir='ltr'><strong>igitur</strong></span> <span class='ocrx_word' id='word_1_331' title='bbox 1480 1338 1585 1399; x_wconf 78' lang='lat' dir='ltr'><strong>tantae</strong></span> <span class='ocrx_word' id='word_1_332' title='bbox 1600 1352 1741 1414; x_wconf 72' lang='lat' dir='ltr'><strong>perver-</strong></span> 
     </span>
     <span class='ocr_line' id='line_1_63' title="bbox 940 1433 1738 1511; baseline 0 -17"><span class='ocrx_word' id='word_1_333' title='bbox 940 1435 1047 1496; x_wconf 88' lang='lat' dir='ltr'><strong>sitatis</strong></span> <span class='ocrx_word' id='word_1_334' title='bbox 1061 1434 1200 1506; x_wconf 91' lang='lat' dir='ltr'><strong>malitia,</strong></span> <span class='ocrx_word' id='word_1_335' title='bbox 1217 1437 1251 1498; x_wconf 88' lang='lat' dir='ltr'><strong>et</strong></span> <span class='ocrx_word' id='word_1_336' title='bbox 1264 1437 1333 1497; x_wconf 92' lang='lat' dir='ltr'><strong>tam</strong></span> <span class='ocrx_word' id='word_1_337' title='bbox 1350 1435 1519 1496; x_wconf 87' lang='lat' dir='ltr'><strong>malitiosa</strong></span> <span class='ocrx_word' id='word_1_338' title='bbox 1533 1433 1738 1511; x_wconf 79' lang='lat' dir='ltr'><strong>perversitas</strong></span> 
     </span>
     <span class='ocr_line' id='line_1_64' title="bbox 939 1530 1739 1609; baseline -0.005 -15"><span class='ocrx_word' id='word_1_339' title='bbox 939 1548 1113 1594; x_wconf 91' lang='lat' dir='ltr'><strong>remanere</strong></span> <span class='ocrx_word' id='word_1_340' title='bbox 1128 1546 1194 1592; x_wconf 91' lang='lat' dir='ltr'><strong>non</strong></span> <span class='ocrx_word' id='word_1_341' title='bbox 1210 1531 1328 1594; x_wconf 88' lang='lat' dir='ltr'><strong>debeat</strong></span> <span class='ocrx_word' id='word_1_342' title='bbox 1339 1533 1514 1609; x_wconf 90' lang='lat' dir='ltr'><strong>impunita,</strong></span> <span class='ocrx_word' id='word_1_343' title='bbox 1534 1530 1739 1608; x_wconf 88' lang='lat' dir='ltr'><strong>inquirendi,</strong></span> 
     </span>
     <span class='ocr_line' id='line_1_65' title="bbox 940 1627 1739 1706; baseline -0.001 -16"><span class='ocrx_word' id='word_1_344' title='bbox 940 1631 973 1691; x_wconf 89' lang='lat' dir='ltr'><strong>et</strong></span> <span class='ocrx_word' id='word_1_345' title='bbox 987 1629 1188 1705; x_wconf 91' lang='lat' dir='ltr'><strong>corrigendi,</strong></span> <span class='ocrx_word' id='word_1_346' title='bbox 1205 1644 1245 1691; x_wconf 88' lang='lat' dir='ltr'><strong>ac</strong></span> <span class='ocrx_word' id='word_1_347' title='bbox 1267 1629 1428 1706; x_wconf 90' lang='lat' dir='ltr'><strong>puniendi</strong></span> <span class='ocrx_word' id='word_1_348' title='bbox 1448 1638 1610 1690; x_wconf 77' lang='lat' dir='ltr'><strong>excessus</strong></span> <span class='ocrx_word' id='word_1_349' title='bbox 1624 1627 1739 1689; x_wconf 88' lang='lat' dir='ltr'><strong>talium</strong></span> 
     </span>
    </p>
   </div>
   <div class='ocr_carea' id='block_1_14' title="bbox 902 1725 1741 1803">
    <p class='ocr_par' dir='ltr' id='par_1_16' title="bbox 902 1725 1741 1803">
     <span class='ocr_line' id='line_1_66' title="bbox 902 1725 1741 1803; baseline -0.002 -15"><span class='ocrx_word' id='word_1_350' title='bbox 902 1789 906 1795; x_wconf 79' lang='grc'><em>,</em></span> <span class='ocrx_word' id='word_1_351' title='bbox 940 1727 1007 1788; x_wconf 88' lang='lat' dir='ltr'><strong>tam</strong></span> <span class='ocrx_word' id='word_1_352' title='bbox 1022 1727 1225 1802; x_wconf 87' lang='lat' dir='ltr'><strong>regularium</strong></span> <span class='ocrx_word' id='word_1_353' title='bbox 1239 1727 1273 1789; x_wconf 89' lang='lat' dir='ltr'><strong>et</strong></span> <span class='ocrx_word' id='word_1_354' title='bbox 1289 1727 1531 1803; x_wconf 81' lang='lat' dir='ltr'><strong>exemptorum,</strong></span> <span class='ocrx_word' id='word_1_355' title='bbox 1544 1741 1647 1803; x_wconf 89' lang='lat' dir='ltr'><strong>quam</strong></span> <span class='ocrx_word' id='word_1_356' title='bbox 1663 1725 1741 1786; x_wconf 82' lang='lat' dir='ltr'><strong>alio-</strong></span> 
     </span>
    </p>
   </div>
   <div class='ocr_carea' id='block_1_15' title="bbox 940 1806 1744 2780">
    <p class='ocr_par' dir='ltr' id='par_1_17' title="bbox 940 1806 1744 2780">
     <span class='ocr_line' id='line_1_67' title="bbox 940 1806 1741 1901; baseline -0.004 -16"><span class='ocrx_word' id='word_1_357' title='bbox 940 1806 1014 1885; x_wconf 63' lang='lat' dir='ltr'><strong>r&#39;nm</strong></span> <span class='ocrx_word' id='word_1_358' title='bbox 1029 1823 1261 1900; x_wconf 89' lang='lat' dir='ltr'><strong>quorumlibet,</strong></span> <span class='ocrx_word' id='word_1_359' title='bbox 1277 1824 1375 1900; x_wconf 89' lang='lat' dir='ltr'><strong>prout</strong></span> <span class='ocrx_word' id='word_1_360' title='bbox 1390 1824 1455 1901; x_wconf 91' lang='lat' dir='ltr'><strong>ipsi</strong></span> <span class='ocrx_word' id='word_1_361' title='bbox 1467 1823 1603 1898; x_wconf 91' lang='lat' dir='ltr'><strong>negotio</strong></span> <span class='ocrx_word' id='word_1_362' title='bbox 1615 1822 1741 1883; x_wconf 83' lang='lat' dir='ltr'><strong>videris</strong></span> 
     </span>
     <span class='ocr_line' id='line_1_68' title="bbox 940 1920 1741 1998; baseline -0.005 -15"><span class='ocrx_word' id='word_1_363' title='bbox 940 1922 1109 1998; x_wconf 86' lang='lat' dir='ltr'><strong>expedire,</strong></span> <span class='ocrx_word' id='word_1_364' title='bbox 1119 1921 1295 1998; x_wconf 82' lang='lat' dir='ltr'><strong>privilegio</strong></span> <span class='ocrx_word' id='word_1_365' title='bbox 1305 1920 1596 1992; x_wconf 87' lang='lat' dir='ltr'><strong>Cisterciensibus,</strong></span> <span class='ocrx_word' id='word_1_366' title='bbox 1606 1920 1741 1996; x_wconf 88' lang='lat' dir='ltr'><strong>templa·</strong></span> 
     </span>
     <span class='ocr_line' id='line_1_69' title="bbox 940 2018 1741 2095; baseline -0.001 -16"><span class='ocrx_word' id='word_1_367' title='bbox 940 2020 1011 2090; x_wconf 89' lang='lat' dir='ltr'><strong>riis,</strong></span> <span class='ocrx_word' id='word_1_368' title='bbox 1023 2019 1237 2095; x_wconf 89' lang='lat' dir='ltr'><strong>hospitalaris</strong></span> <span class='ocrx_word' id='word_1_369' title='bbox 1252 2020 1286 2079; x_wconf 90' lang='lat' dir='ltr'><strong>et</strong></span> <span class='ocrx_word' id='word_1_370' title='bbox 1295 2019 1373 2080; x_wconf 89' lang='lat' dir='ltr'><strong>aliis</strong></span> <span class='ocrx_word' id='word_1_371' title='bbox 1387 2018 1654 2095; x_wconf 87' lang='lat' dir='ltr'><strong>quibuscumque</strong></span> <span class='ocrx_word' id='word_1_372' title='bbox 1668 2032 1741 2079; x_wconf 90' lang='lat' dir='ltr'><strong>con·</strong></span> 
     </span>
     <span class='ocr_line' id='line_1_70' title="bbox 941 2114 1741 2192; baseline -0.005 -14"><span class='ocrx_word' id='word_1_373' title='bbox 941 2128 1045 2188; x_wconf 88' lang='lat' dir='ltr'><strong>cesso,</strong></span> <span class='ocrx_word' id='word_1_374' title='bbox 1071 2132 1131 2177; x_wconf 91' lang='lat' dir='ltr'><strong>seu</strong></span> <span class='ocrx_word' id='word_1_375' title='bbox 1150 2115 1387 2192; x_wconf 88' lang='lat' dir='ltr'><strong>appellationis</strong></span> <span class='ocrx_word' id='word_1_376' title='bbox 1407 2115 1548 2192; x_wconf 83' lang='lat' dir='ltr'><strong>diffugio</strong></span> <span class='ocrx_word' id='word_1_377' title='bbox 1573 2131 1642 2176; x_wconf 92' lang='lat' dir='ltr'><strong>non</strong></span> <span class='ocrx_word' id='word_1_378' title='bbox 1666 2114 1741 2175; x_wconf 89' lang='lat' dir='ltr'><strong>obs-</strong></span> 
     </span>
     <span class='ocr_line' id='line_1_71' title="bbox 940 2212 1740 2285; baseline -0.001 -11"><span class='ocrx_word' id='word_1_379' title='bbox 940 2215 1042 2285; x_wconf 91' lang='lat' dir='ltr'><strong>tante,</strong></span> <span class='ocrx_word' id='word_1_380' title='bbox 1072 2213 1176 2275; x_wconf 90' lang='lat' dir='ltr'><strong>libera</strong></span> <span class='ocrx_word' id='word_1_381' title='bbox 1205 2213 1266 2274; x_wconf 91' lang='lat' dir='ltr'><strong>tibi</strong></span> <span class='ocrx_word' id='word_1_382' title='bbox 1298 2213 1512 2274; x_wconf 91' lang='lat' dir='ltr'><strong>concedimus</strong></span> <span class='ocrx_word' id='word_1_383' title='bbox 1541 2212 1740 2274; x_wconf 87' lang='lat' dir='ltr'><strong>auctoritate</strong></span> 
     </span>
     <span class='ocr_line' id='line_1_72' title="bbox 941 2310 1738 2388; baseline -0.004 -16"><span class='ocrx_word' id='word_1_384' title='bbox 941 2312 1153 2388; x_wconf 89' lang='lat' dir='ltr'><strong>praesentium</strong></span> <span class='ocrx_word' id='word_1_385' title='bbox 1180 2310 1383 2381; x_wconf 90' lang='lat' dir='ltr'><strong>facultatem,</strong></span> <span class='ocrx_word' id='word_1_386' title='bbox 1412 2327 1453 2372; x_wconf 92' lang='lat' dir='ltr'><strong>eo</strong></span> <span class='ocrx_word' id='word_1_387' title='bbox 1481 2310 1649 2372; x_wconf 85' lang='lat' dir='ltr'><strong>duntaxat</strong></span> <span class='ocrx_word' id='word_1_388' title='bbox 1676 2326 1738 2370; x_wconf 88' lang='lat' dir='ltr'><strong>ex-</strong></span> 
     </span>
     <span class='ocr_line' id='line_1_73' title="bbox 941 2408 1740 2486; baseline -0.003 -16"><span class='ocrx_word' id='word_1_389' title='bbox 941 2412 1046 2486; x_wconf 91' lang='lat' dir='ltr'><strong>cepto,</strong></span> <span class='ocrx_word' id='word_1_390' title='bbox 1079 2412 1115 2469; x_wconf 92' lang='lat' dir='ltr'><strong>ut</strong></span> <span class='ocrx_word' id='word_1_391' title='bbox 1147 2409 1188 2469; x_wconf 92' lang='lat' dir='ltr'><strong>ad</strong></span> <span class='ocrx_word' id='word_1_392' title='bbox 1219 2408 1472 2485; x_wconf 90' lang='lat' dir='ltr'><strong>dispositionem</strong></span> <span class='ocrx_word' id='word_1_393' title='bbox 1508 2409 1740 2484; x_wconf 89' lang='lat' dir='ltr'><strong>episcoporum</strong></span> 
     </span>
     <span class='ocr_line' id='line_1_74' title="bbox 941 2505 1743 2582; baseline -0.001 -15"><span class='ocrx_word' id='word_1_394' title='bbox 941 2522 1086 2577; x_wconf 85' lang='lat' dir='ltr'><strong>manum,</strong></span> <span class='ocrx_word' id='word_1_395' title='bbox 1112 2505 1186 2566; x_wconf 91' lang='lat' dir='ltr'><strong>sine</strong></span> <span class='ocrx_word' id='word_1_396' title='bbox 1207 2510 1321 2566; x_wconf 87' lang='lat' dir='ltr'><strong>nostra</strong></span> <span class='ocrx_word' id='word_1_397' title='bbox 1346 2506 1485 2582; x_wconf 90' lang='lat' dir='ltr'><strong>speciali</strong></span> <span class='ocrx_word' id='word_1_398' title='bbox 1508 2506 1660 2576; x_wconf 88' lang='lat' dir='ltr'><strong>licentia,</strong></span> <span class='ocrx_word' id='word_1_399' title='bbox 1680 2520 1743 2566; x_wconf 88' lang='lat' dir='ltr'><strong>non</strong></span> 
     </span>
     <span class='ocr_line' id='line_1_75' title="bbox 941 2602 1744 2680; baseline -0.005 -15"><span class='ocrx_word' id='word_1_400' title='bbox 941 2603 1283 2675; x_wconf 73' lang='lat' dir='ltr'><strong>extendasaliaseos,</strong></span> <span class='ocrx_word' id='word_1_401' title='bbox 1292 2605 1391 2680; x_wconf 91' lang='lat' dir='ltr'><strong>prout</strong></span> <span class='ocrx_word' id='word_1_402' title='bbox 1402 2620 1457 2664; x_wconf 90' lang='lat' dir='ltr'><strong>res</strong></span> <span class='ocrx_word' id='word_1_403' title='bbox 1466 2603 1630 2680; x_wconf 81' lang='lat' dir='ltr'><strong>exegerit,</strong></span> <span class='ocrx_word' id='word_1_404' title='bbox 1642 2602 1744 2662; x_wconf 88' lang='lat' dir='ltr'><strong>libere</strong></span> 
     </span>
     <span class='ocr_line' id='line_1_76' title="bbox 941 2702 1444 2780; baseline 0 -18"><span class='ocrx_word' id='word_1_405' title='bbox 941 2702 1129 2780; x_wconf 86' lang='lat' dir='ltr'><strong>puniturus.</strong></span> <span class='ocrx_word' id='word_1_406' title='bbox 1143 2704 1263 2763; x_wconf 89' lang='lat' dir='ltr'><strong>Datum</strong></span> <span class='ocrx_word' id='word_1_407' title='bbox 1278 2702 1315 2763; x_wconf 87' lang='lat' dir='ltr'><strong>ut</strong></span> <span class='ocrx_word' id='word_1_408' title='bbox 1331 2716 1444 2778; x_wconf 85' lang='lat' dir='ltr'><strong>supra.</strong></span> 
     </span>
    </p>
   </div>
   <div class='ocr_carea' id='block_1_16' title="bbox 1236 2988 1451 3075">
    <p class='ocr_par' dir='ltr' id='par_1_18' title="bbox 1236 2988 1451 3075">
     <span class='ocr_line' id='line_1_77' title="bbox 1236 2988 1451 3075; baseline 0 0"><span class='ocrx_word' id='word_1_409' title='bbox 1236 2988 1451 3075; x_wconf 77' lang='lat' dir='ltr'><strong>ccccxvi</strong></span> 
     </span>
    </p>
   </div>
   <div class='ocr_carea' id='block_1_17' title="bbox 975 3140 1711 3460">
    <p class='ocr_par' dir='ltr' id='par_1_19' title="bbox 975 3140 1711 3460">
     <span class='ocr_line' id='line_1_78' title="bbox 1221 3140 1464 3200; baseline -0.008 -1"><span class='ocrx_word' id='word_1_410' title='bbox 1221 3140 1274 3199; x_wconf 81' lang='lat' dir='ltr'><strong>Ad</strong></span> <span class='ocrx_word' id='word_1_411' title='bbox 1294 3140 1464 3200; x_wconf 66' lang='lat' dir='ltr'><strong>mandem.</strong></span> 
     </span>
     <span class='ocr_line' id='line_1_79' title="bbox 1248 3267 1445 3342; baseline -0.005 -16"><span class='ocrx_word' id='word_1_412' title='bbox 1248 3267 1350 3342; x_wconf 73' lang='lat' dir='ltr'><strong>ejunii</strong></span> <span class='ocrx_word' id='word_1_413' title='bbox 1366 3269 1445 3325; x_wconf 71' lang='lat' dir='ltr'><strong>litt.</strong></span> 
     </span>
     <span class='ocr_line' id='line_1_80' title="bbox 975 3391 1711 3460; baseline 0 -17"><span class='ocrx_word' id='word_1_414' title='bbox 975 3394 1098 3460; x_wconf 81' lang='lat' dir='ltr'><strong>[liegest.,</strong></span> <span class='ocrx_word' id='word_1_415' title='bbox 1109 3391 1154 3443; x_wconf 90' lang='lat' dir='ltr'><strong>lib.</strong></span> <span class='ocrx_word' id='word_1_416' title='bbox 1166 3392 1198 3450; x_wconf 83' lang='lat' dir='ltr'><strong>V,</strong></span> <span class='ocrx_word' id='word_1_417' title='bbox 1210 3391 1285 3456; x_wconf 84' lang='lat' dir='ltr'><strong>epist.</strong></span> <span class='ocrx_word' id='word_1_418' title='bbox 1295 3391 1352 3441; x_wconf 78' lang='lat' dir='ltr'><strong>dbt.</strong></span> <span class='ocrx_word' id='word_1_419' title='bbox 1362 3393 1420 3442; x_wconf 79' lang='lat' dir='ltr'><strong>uss.</strong></span> <span class='ocrx_word' id='word_1_420' title='bbox 1431 3392 1469 3443; x_wconf 87' lang='lat' dir='ltr'><strong>La</strong></span> <span class='ocrx_word' id='word_1_421' title='bbox 1478 3391 1557 3442; x_wconf 82' lang='lat' dir='ltr'><strong>Porta</strong></span> <span class='ocrx_word' id='word_1_422' title='bbox 1570 3391 1606 3442; x_wconf 89' lang='lat' dir='ltr'><strong>dn</strong></span> <span class='ocrx_word' id='word_1_423' title='bbox 1616 3391 1711 3458; x_wconf 73' lang='lat' dir='ltr'><strong>rheu]</strong></span> 
     </span>
    </p>
   </div>
   <div class='ocr_carea' id='block_1_18' title="bbox 958 3507 1730 3672">
    <p class='ocr_par' dir='ltr' id='par_1_20' title="bbox 958 3507 1730 3672">
     <span class='ocr_line' id='line_1_81' title="bbox 958 3507 1730 3583; baseline 0 -15"><span class='ocrx_word' id='word_1_424' title='bbox 958 3511 1071 3569; x_wconf 86' lang='lat' dir='ltr'><strong>inhibet</strong></span> <span class='ocrx_word' id='word_1_425' title='bbox 1085 3525 1121 3567; x_wconf 90' lang='lat' dir='ltr'><strong>no</strong></span> <span class='ocrx_word' id='word_1_426' title='bbox 1135 3510 1258 3583; x_wconf 87' lang='lat' dir='ltr'><strong>capitula</strong></span> <span class='ocrx_word' id='word_1_427' title='bbox 1276 3509 1405 3567; x_wconf 88' lang='lat' dir='ltr'><strong>ecclesiis</strong></span> <span class='ocrx_word' id='word_1_428' title='bbox 1420 3507 1585 3582; x_wconf 85' lang='lat' dir='ltr'><strong>pastoribus</strong></span> <span class='ocrx_word' id='word_1_429' title='bbox 1595 3510 1730 3580; x_wconf 82' lang='lat' dir='ltr'><strong>viduatis,</strong></span> 
     </span>
     <span class='ocr_line' id='line_1_82' title="bbox 1055 3598 1632 3672; baseline -0.003 -16"><span class='ocrx_word' id='word_1_430' title='bbox 1055 3600 1143 3672; x_wconf 83' lang='lat' dir='ltr'><strong>legati</strong></span> <span class='ocrx_word' id='word_1_431' title='bbox 1161 3598 1282 3672; x_wconf 87' lang='lat' dir='ltr'><strong>injussu,</strong></span> <span class='ocrx_word' id='word_1_432' title='bbox 1296 3599 1448 3671; x_wconf 88' lang='lat' dir='ltr'><strong>episcopos</strong></span> <span class='ocrx_word' id='word_1_433' title='bbox 1463 3598 1632 3671; x_wconf 79' lang='lat' dir='ltr'><strong>praefscient.</strong></span> 
     </span>
    </p>
   </div>
   <div class='ocr_carea' id='block_1_19' title="bbox 946 3723 1744 5551">
    <p class='ocr_par' dir='ltr' id='par_1_21' title="bbox 946 3723 1744 3995">
     <span class='ocr_line' id='line_1_83' title="bbox 986 3723 1742 3797; baseline 0 -10"><span class='ocrx_word' id='word_1_434' title='bbox 986 3726 1165 3796; x_wconf 88' lang='lat' dir='ltr'><strong>Honorius,</strong></span> <span class='ocrx_word' id='word_1_435' title='bbox 1192 3726 1267 3797; x_wconf 83' lang='lat' dir='ltr'><strong>etc,</strong></span> <span class='ocrx_word' id='word_1_436' title='bbox 1291 3723 1476 3786; x_wconf 81' lang='lat' dir='ltr'><strong>venerabili</strong></span> <span class='ocrx_word' id='word_1_437' title='bbox 1505 3724 1604 3785; x_wconf 86' lang='lat' dir='ltr'><strong>fratri</strong></span> <span class='ocrx_word' id='word_1_438' title='bbox 1631 3727 1742 3787; x_wconf 88' lang='lat' dir='ltr'><strong>nostro</strong></span> 
     </span>
     <span class='ocr_line' id='line_1_84' title="bbox 946 3821 1744 3899; baseline -0.001 -14"><span class='ocrx_word' id='word_1_439' title='bbox 946 3826 981 3885; x_wconf 84' lang='lat' dir='ltr'><strong>G.</strong></span> <span class='ocrx_word' id='word_1_440' title='bbox 993 3823 1170 3885; x_wconf 89' lang='lat' dir='ltr'><strong>Portuensi</strong></span> <span class='ocrx_word' id='word_1_441' title='bbox 1182 3826 1350 3899; x_wconf 92' lang='lat' dir='ltr'><strong>episcopo,</strong></span> <span class='ocrx_word' id='word_1_442' title='bbox 1366 3821 1567 3899; x_wconf 86' lang='lat' dir='ltr'><strong>Apostolicae</strong></span> <span class='ocrx_word' id='word_1_443' title='bbox 1584 3823 1681 3887; x_wconf 91' lang='lat' dir='ltr'><strong>Sedis</strong></span> <span class='ocrx_word' id='word_1_444' title='bbox 1694 3823 1744 3884; x_wconf 90' lang='lat' dir='ltr'><strong>le·</strong></span> 
     </span>
     <span class='ocr_line' id='line_1_85' title="bbox 946 3918 1285 3995; baseline -0.012 -15"><span class='ocrx_word' id='word_1_445' title='bbox 946 3921 1035 3995; x_wconf 81' lang='lat' dir='ltr'><strong>gete,</strong></span> <span class='ocrx_word' id='word_1_446' title='bbox 1053 3918 1205 3988; x_wconf 90' lang='lat' dir='ltr'><strong>salutem,</strong></span> <span class='ocrx_word' id='word_1_447' title='bbox 1222 3918 1285 3978; x_wconf 91' lang='lat' dir='ltr'><strong>etc.</strong></span> 
     </span>
    </p>

    <p class='ocr_par' dir='ltr' id='par_1_22' title="bbox 947 4012 1744 5551">
     <span class='ocr_line' id='line_1_86' title="bbox 986 4012 1743 4092; baseline -0.003 -16"><span class='ocrx_word' id='word_1_448' title='bbox 986 4018 1067 4076; x_wconf 89' lang='lat' dir='ltr'><strong>Cum</strong></span> <span class='ocrx_word' id='word_1_449' title='bbox 1097 4031 1156 4092; x_wconf 92' lang='lat' dir='ltr'><strong>per</strong></span> <span class='ocrx_word' id='word_1_450' title='bbox 1182 4013 1399 4091; x_wconf 86' lang='lat' dir='ltr'><strong>quorumdam</strong></span> <span class='ocrx_word' id='word_1_451' title='bbox 1434 4012 1600 4074; x_wconf 91' lang='lat' dir='ltr'><strong>defectum</strong></span> <span class='ocrx_word' id='word_1_452' title='bbox 1628 4014 1662 4076; x_wconf 90' lang='lat' dir='ltr'><strong>et</strong></span> <span class='ocrx_word' id='word_1_453' title='bbox 1686 4030 1743 4090; x_wconf 89' lang='lat' dir='ltr'><strong>per</strong></span> 
     </span>
     <span class='ocr_line' id='line_1_87' title="bbox 947 4111 1742 4190; baseline -0.003 -17"><span class='ocrx_word' id='word_1_454' title='bbox 947 4112 1163 4190; x_wconf 88' lang='lat' dir='ltr'><strong>quorumdam</strong></span> <span class='ocrx_word' id='word_1_455' title='bbox 1199 4111 1361 4172; x_wconf 87' lang='lat' dir='ltr'><strong>malitiam</strong></span> <span class='ocrx_word' id='word_1_456' title='bbox 1390 4111 1605 4187; x_wconf 90' lang='lat' dir='ltr'><strong>praelatorum</strong></span> <span class='ocrx_word' id='word_1_457' title='bbox 1640 4112 1742 4172; x_wconf 88' lang='lat' dir='ltr'><strong>status</strong></span> 
     </span>
     <span class='ocr_line' id='line_1_88' title="bbox 947 4207 1742 4287; baseline -0.004 -17"><span class='ocrx_word' id='word_1_458' title='bbox 947 4210 1072 4287; x_wconf 90' lang='lat' dir='ltr'><strong>negotii</strong></span> <span class='ocrx_word' id='word_1_459' title='bbox 1087 4213 1166 4271; x_wconf 71' lang='lat' dir='ltr'><strong>‚lesu</strong></span> <span class='ocrx_word' id='word_1_460' title='bbox 1191 4208 1313 4269; x_wconf 85' lang='lat' dir='ltr'><strong>Christi</strong></span> <span class='ocrx_word' id='word_1_461' title='bbox 1334 4208 1370 4268; x_wconf 91' lang='lat' dir='ltr'><strong>in</strong></span> <span class='ocrx_word' id='word_1_462' title='bbox 1386 4207 1573 4269; x_wconf 81' lang='lat' dir='ltr'><strong>Provinciae</strong></span> <span class='ocrx_word' id='word_1_463' title='bbox 1595 4207 1742 4285; x_wconf 88' lang='lat' dir='ltr'><strong>partibus</strong></span> 
     </span>
     <span class='ocr_line' id='line_1_89' title="bbox 949 4304 1742 4384; baseline -0.004 -15"><span class='ocrx_word' id='word_1_464' title='bbox 949 4310 993 4370; x_wconf 90' lang='lat' dir='ltr'><strong>sit</strong></span> <span class='ocrx_word' id='word_1_465' title='bbox 1019 4308 1166 4384; x_wconf 86' lang='lat' dir='ltr'><strong>graviter</strong></span> <span class='ocrx_word' id='word_1_466' title='bbox 1191 4304 1414 4383; x_wconf 73' lang='lat' dir='ltr'><strong>perturbatus</strong></span> <span class='ocrx_word' id='word_1_467' title='bbox 1441 4304 1647 4367; x_wconf 85' lang='lat' dir='ltr'><strong>fraternitati</strong></span> <span class='ocrx_word' id='word_1_468' title='bbox 1680 4308 1742 4367; x_wconf 90' lang='lat' dir='ltr'><strong>tuae</strong></span> 
     </span>
     <span class='ocr_line' id='line_1_90' title="bbox 948 4403 1742 4484; baseline -0.005 -17"><span class='ocrx_word' id='word_1_469' title='bbox 948 4422 1007 4484; x_wconf 92' lang='lat' dir='ltr'><strong>per</strong></span> <span class='ocrx_word' id='word_1_470' title='bbox 1017 4404 1207 4482; x_wconf 70' lang='lat' dir='ltr'><strong>apostolica</strong></span> <span class='ocrx_word' id='word_1_471' title='bbox 1222 4404 1344 4480; x_wconf 88' lang='lat' dir='ltr'><strong>scripta</strong></span> <span class='ocrx_word' id='word_1_472' title='bbox 1359 4403 1567 4476; x_wconf 90' lang='lat' dir='ltr'><strong>mandamus,</strong></span> <span class='ocrx_word' id='word_1_473' title='bbox 1582 4406 1742 4480; x_wconf 89' lang='lat' dir='ltr'><strong>quatenus</strong></span> 
     </span>
     <span class='ocr_line' id='line_1_91' title="bbox 948 4499 1742 4579; baseline -0.005 -16"><span class='ocrx_word' id='word_1_474' title='bbox 948 4504 977 4564; x_wconf 93' lang='lat' dir='ltr'><strong>si</strong></span> <span class='ocrx_word' id='word_1_475' title='bbox 993 4517 1075 4579; x_wconf 87' lang='lat' dir='ltr'><strong>quas</strong></span> <span class='ocrx_word' id='word_1_476' title='bbox 1100 4501 1259 4562; x_wconf 88' lang='lat' dir='ltr'><strong>ecclesias</strong></span> <span class='ocrx_word' id='word_1_477' title='bbox 1279 4499 1499 4572; x_wconf 89' lang='lat' dir='ltr'><strong>cathedrales,</strong></span> <span class='ocrx_word' id='word_1_478' title='bbox 1515 4501 1575 4562; x_wconf 86' lang='lat' dir='ltr'><strong>aut</strong></span> <span class='ocrx_word' id='word_1_479' title='bbox 1594 4500 1742 4562; x_wconf 90' lang='lat' dir='ltr'><strong>abbatias</strong></span> 
     </span>
     <span class='ocr_line' id='line_1_92' title="bbox 947 4597 1743 4674; baseline -0.004 -14"><span class='ocrx_word' id='word_1_480' title='bbox 947 4602 1016 4661; x_wconf 89' lang='lat' dir='ltr'><strong>tam</strong></span> <span class='ocrx_word' id='word_1_481' title='bbox 1038 4599 1208 4674; x_wconf 81' lang='lat' dir='ltr'><strong>exemptas</strong></span> <span class='ocrx_word' id='word_1_482' title='bbox 1229 4613 1327 4674; x_wconf 82' lang='lat' dir='ltr'><strong>qnam</strong></span> <span class='ocrx_word' id='word_1_483' title='bbox 1350 4597 1434 4657; x_wconf 90' lang='lat' dir='ltr'><strong>alias</strong></span> <span class='ocrx_word' id='word_1_484' title='bbox 1456 4597 1492 4656; x_wconf 89' lang='lat' dir='ltr'><strong>in</strong></span> <span class='ocrx_word' id='word_1_485' title='bbox 1514 4597 1699 4673; x_wconf 84' lang='lat' dir='ltr'><strong>provinciis</strong></span> <span class='ocrx_word' id='word_1_486' title='bbox 1712 4598 1743 4657; x_wconf 89' lang='lat' dir='ltr'><strong>et</strong></span> 
     </span>
     <span class='ocr_line' id='line_1_93' title="bbox 949 4694 1742 4770; baseline -0.004 -12"><span class='ocrx_word' id='word_1_487' title='bbox 949 4695 1147 4758; x_wconf 90' lang='lat' dir='ltr'><strong>dioecesibus</strong></span> <span class='ocrx_word' id='word_1_488' title='bbox 1161 4695 1227 4756; x_wconf 88' lang='lat' dir='ltr'><strong>tuae</strong></span> <span class='ocrx_word' id='word_1_489' title='bbox 1243 4694 1401 4770; x_wconf 87' lang='lat' dir='ltr'><strong>legationi</strong></span> <span class='ocrx_word' id='word_1_490' title='bbox 1420 4694 1607 4754; x_wconf 90' lang='lat' dir='ltr'><strong>commissis</strong></span> <span class='ocrx_word' id='word_1_491' title='bbox 1624 4709 1742 4755; x_wconf 78' lang='lat' dir='ltr'><strong>uacare</strong></span> 
     </span>
     <span class='ocr_line' id='line_1_94' title="bbox 950 4788 1744 4870; baseline -0.005 -14"><span class='ocrx_word' id='word_1_492' title='bbox 950 4792 1136 4870; x_wconf 90' lang='lat' dir='ltr'><strong>contigerit,</strong></span> <span class='ocrx_word' id='word_1_493' title='bbox 1163 4791 1320 4869; x_wconf 84' lang='lat' dir='ltr'><strong>quamdiu</strong></span> <span class='ocrx_word' id='word_1_494' title='bbox 1347 4790 1381 4851; x_wconf 91' lang='lat' dir='ltr'><strong>in</strong></span> <span class='ocrx_word' id='word_1_495' title='bbox 1407 4790 1559 4869; x_wconf 89' lang='lat' dir='ltr'><strong>partibus</strong></span> <span class='ocrx_word' id='word_1_496' title='bbox 1583 4791 1653 4852; x_wconf 91' lang='lat' dir='ltr'><strong>illis</strong></span> <span class='ocrx_word' id='word_1_497' title='bbox 1672 4788 1744 4853; x_wconf 88' lang='lat' dir='ltr'><strong>ofli-</strong></span> 
     </span>
     <span class='ocr_line' id='line_1_95' title="bbox 951 4888 1742 4966; baseline -0.005 -14"><span class='ocrx_word' id='word_1_498' title='bbox 951 4893 1038 4953; x_wconf 92' lang='lat' dir='ltr'><strong>oinm</strong></span> <span class='ocrx_word' id='word_1_499' title='bbox 1053 4889 1230 4966; x_wconf 90' lang='lat' dir='ltr'><strong>legationis</strong></span> <span class='ocrx_word' id='word_1_500' title='bbox 1249 4904 1399 4960; x_wconf 84' lang='lat' dir='ltr'><strong>exerces,</strong></span> <span class='ocrx_word' id='word_1_501' title='bbox 1416 4888 1617 4950; x_wconf 89' lang='lat' dir='ltr'><strong>auctoritate</strong></span> <span class='ocrx_word' id='word_1_502' title='bbox 1632 4888 1742 4950; x_wconf 87' lang='lat' dir='ltr'><strong>nostra</strong></span> 
     </span>
     <span class='ocr_line' id='line_1_96' title="bbox 951 4985 1743 5063; baseline -0.005 -13"><span class='ocrx_word' id='word_1_503' title='bbox 951 4988 1103 5051; x_wconf 90' lang='lat' dir='ltr'><strong>inhibeas</strong></span> <span class='ocrx_word' id='word_1_504' title='bbox 1119 4986 1274 5063; x_wconf 89' lang='lat' dir='ltr'><strong>capitulis</strong></span> <span class='ocrx_word' id='word_1_505' title='bbox 1282 4987 1315 5047; x_wconf 90' lang='lat' dir='ltr'><strong>et</strong></span> <span class='ocrx_word' id='word_1_506' title='bbox 1324 4985 1542 5047; x_wconf 88' lang='lat' dir='ltr'><strong>conventibus</strong></span> <span class='ocrx_word' id='word_1_507' title='bbox 1554 4985 1743 5048; x_wconf 91' lang='lat' dir='ltr'><strong>eorumdem</strong></span> 
     </span>
     <span class='ocr_line' id='line_1_97' title="bbox 951 5082 1743 5160; baseline -0.008 -12"><span class='ocrx_word' id='word_1_508' title='bbox 951 5103 993 5148; x_wconf 87' lang='lat' dir='ltr'><strong>ne</strong></span> <span class='ocrx_word' id='word_1_509' title='bbox 1008 5086 1050 5147; x_wconf 90' lang='lat' dir='ltr'><strong>ad</strong></span> <span class='ocrx_word' id='word_1_510' title='bbox 1065 5085 1260 5147; x_wconf 89' lang='lat' dir='ltr'><strong>electionem</strong></span> <span class='ocrx_word' id='word_1_511' title='bbox 1276 5083 1457 5160; x_wconf 90' lang='lat' dir='ltr'><strong>procedant</strong></span> <span class='ocrx_word' id='word_1_512' title='bbox 1472 5083 1546 5144; x_wconf 91' lang='lat' dir='ltr'><strong>sine</strong></span> <span class='ocrx_word' id='word_1_513' title='bbox 1563 5085 1622 5145; x_wconf 89' lang='lat' dir='ltr'><strong>tuo</strong></span> <span class='ocrx_word' id='word_1_514' title='bbox 1635 5082 1743 5146; x_wconf 90' lang='lat' dir='ltr'><strong>consi·</strong></span> 
     </span>
     <span class='ocr_line' id='line_1_98' title="bbox 952 5178 1743 5258; baseline -0.008 -13"><span class='ocrx_word' id='word_1_515' title='bbox 952 5184 1008 5256; x_wconf 91' lang='lat' dir='ltr'><strong>lio,</strong></span> <span class='ocrx_word' id='word_1_516' title='bbox 1022 5184 1055 5244; x_wconf 90' lang='lat' dir='ltr'><strong>et</strong></span> <span class='ocrx_word' id='word_1_517' title='bbox 1067 5198 1243 5254; x_wconf 90' lang='lat' dir='ltr'><strong>consensu,</strong></span> <span class='ocrx_word' id='word_1_518' title='bbox 1258 5180 1465 5242; x_wconf 88' lang='lat' dir='ltr'><strong>decernendo</strong></span> <span class='ocrx_word' id='word_1_519' title='bbox 1476 5181 1609 5243; x_wconf 90' lang='lat' dir='ltr'><strong>irritum</strong></span> <span class='ocrx_word' id='word_1_520' title='bbox 1625 5178 1743 5258; x_wconf 88' lang='lat' dir='ltr'><strong>siquid</strong></span> 
     </span>
     <span class='ocr_line' id='line_1_99' title="bbox 952 5277 1744 5357; baseline -0.006 -14"><span class='ocrx_word' id='word_1_521' title='bbox 952 5281 1067 5343; x_wconf 89' lang='lat' dir='ltr'><strong>contra</strong></span> <span class='ocrx_word' id='word_1_522' title='bbox 1083 5278 1273 5357; x_wconf 80' lang='lat' dir='ltr'><strong>buJusmodi</strong></span> <span class='ocrx_word' id='word_1_523' title='bbox 1296 5277 1553 5356; x_wconf 89' lang='lat' dir='ltr'><strong>prohibitionem</strong></span> <span class='ocrx_word' id='word_1_524' title='bbox 1575 5277 1676 5339; x_wconf 90' lang='lat' dir='ltr'><strong>inerit</strong></span> <span class='ocrx_word' id='word_1_525' title='bbox 1694 5277 1744 5338; x_wconf 89' lang='lat' dir='ltr'><strong>at·</strong></span> 
     </span>
     <span class='ocr_line' id='line_1_100' title="bbox 951 5372 1742 5450; baseline -0.006 -12"><span class='ocrx_word' id='word_1_526' title='bbox 951 5377 1123 5438; x_wconf 84' lang='lat' dir='ltr'><strong>tentatum.</strong></span> <span class='ocrx_word' id='word_1_527' title='bbox 1144 5377 1262 5437; x_wconf 86' lang='lat' dir='ltr'><strong>Datum</strong></span> <span class='ocrx_word' id='word_1_528' title='bbox 1284 5373 1452 5448; x_wconf 85' lang='lat' dir='ltr'><strong>Laterani,</strong></span> <span class='ocrx_word' id='word_1_529' title='bbox 1469 5376 1516 5435; x_wconf 92' lang='lat' dir='ltr'><strong>Ill</strong></span> <span class='ocrx_word' id='word_1_530' title='bbox 1534 5372 1742 5450; x_wconf 89' lang='lat' dir='ltr'><strong>nonasjnnii</strong></span> 
     </span>
     <span class='ocr_line' id='line_1_101' title="bbox 951 5473 1181 5551; baseline -0.017 -15"><span class='ocrx_word' id='word_1_531' title='bbox 951 5489 1040 5536; x_wconf 90' lang='lat' dir='ltr'><strong>anno</strong></span> <span class='ocrx_word' id='word_1_532' title='bbox 1055 5473 1181 5551; x_wconf 83' lang='lat' dir='ltr'><strong>quinto.</strong></span> 
     </span>
    </p>
   </div>
   <div class='ocr_carea' id='block_1_20' title="bbox 0 0 1903 6180">
    <p class='ocr_par' dir='ltr' id='par_1_23' title="bbox 0 0 1903 6180">
     <span class='ocr_line' id='line_1_102' title="bbox 0 0 1903 6180; baseline 0 0"><span class='ocrx_word' id='word_1_533' title='bbox 0 0 1903 6180; x_wconf 95' lang='lat' dir='ltr'><strong> </strong></span> 
     </span>
    </p>
   </div>
  </div>
 </body>
</html>
