3774 6186
189 268 249 330 815

190 432 231 494 de
245 449 331 495 novo
346 436 461 496 contra
481 436 670 498 sanctiones
692 438 870 499 canonicas
885 455 985 500 cons-

188 530 301 592 truere
346 534 627 610 praesumpserint.
671 535 749 595 Ideo
784 535 983 598 fraternitati

188 629 254 690 tum
270 630 524 705 parapostolica
537 633 661 708 scripta
677 633 883 706 mandamus,
900 651 985 711 qna-

187 726 296 796 tenus
323 727 351 786 si
381 726 426 786 ita
452 729 513 797 est,
539 745 726 805 synagogas
755 731 845 806 ipsas
879 730 983 792 iacias

187 824 351 895 demoliri,
370 825 483 885 fideles
506 826 533 885 si
559 828 614 903 qni
631 844 666 888 se
681 830 908 905 opposuerint,
925 846 985 907 per

187 936 363 982 censuram
377 924 649 996 ecclesiasticam,
666 926 888 1003 appellatione
899 929 984 1003 post-

188 1020 306 1094 posita,
326 1022 575 1096 compescendo.
593 1025 710 1083 Datum
725 1025 984 1096 Laterani,le

187 1115 350 1178 kalendas
373 1120 480 1195 junii,
508 1120 718 1196 pontificatus
754 1122 860 1182 nostri
895 1138 982 1185 anno

187 1216 313 1291 quinto.

477 1424 696 1517 adaluni

186 1577 238 1636 Ad
255 1577 437 1634 universes
448 1575 585 1635 abbates
597 1578 730 1636 ordinis
741 1577 982 1637 SoracttBenc-

225 1675 307 1733 dicti
332 1688 398 1747 per
416 1677 620 1735 Bcatcaccm
642 1678 860 1749 procinctam
879 1689 981 1736 coac-

226 1773 356 1833 i‘t'itttos.

469 1876 505 1934 20
525 1877 592 1933 maii
618 1877 697 1935 liii.

186 2000 282 2063 [Fontis
297 2002 406 2059 llorcau,
420 2003 489 2058 tiss,
506 2007 524 2052 t.
538 2002 591 2060 129,
603 2017 629 2066 p.
640 2001 679 2052 73.
691 2001 815 2052 Biblioth.
828 2001 981 2066 nationale]

184 2117 329 2175 lionorius
343 2117 464 2175 ratificat
478 2125 506 2174 et
517 2117 667 2176 confirmat
683 2117 834 2176 duodecim
846 2119 980 2190 capitula,

219 2223 272 2264 sen
287 2215 390 2264 statuta
405 2207 560 2279 regidaria,
576 2208 604 2263 in
620 2207 743 2279 quodam
757 2208 882 2279 capitulo
896 2223 983 2280 gene·

218 2297 271 2353 reli
295 2296 370 2368 apud
397 2297 532 2353 Sanctum
548 2297 714 2366 Quintinnm
735 2296 895 2353 coadunato
913 2311 978 2368 pro·

218 2383 320 2456 posita,
335 2391 362 2440 et
375 2383 410 2440 ad
422 2383 552 2440 abbatem
564 2384 659 2441 Sancti
677 2384 782 2440 Ber-tini
800 2385 978 2447 transmissa,

217 2473 306 2531 secuti
322 2481 350 2529 et
361 2473 395 2529 ad
411 2488 511 2529 omnes
521 2473 639 2529 abbates
652 2472 759 2528 ordinis
774 2473 870 2529 Sancti
886 2475 976 2529 Bene-

217 2559 284 2617 dicti
295 2576 344 2633 per
359 2561 535 2632 provinciam
548 2562 718 2618 lternensem
731 2560 911 2617 constitutos.

223 2697 391 2757 Honorius
400 2696 585 2772 episcopus,
595 2711 711 2773 servus
721 2711 892 2757 servornm
905 2697 976 2767 Dei,

182 2793 313 2855 dilectis
337 2794 415 2853 tiliis
449 2794 616 2855 universis
650 2793 823 2854 abbatibus
853 2794 978 2855 ordinis

184 2892 297 2954 Sancti
310 2891 478 2951 Benedicti
493 2906 552 2965 per
563 2893 758 2953 Remensem
772 2892 977 2967 provinciam

183 2989 382 3059 constitutis,
411 2988 608 3051 salutemet
633 2989 848 3065 apostolicam
869 2988 976 3050 bene-

182 3088 371 3149 dictionem.

222 3187 392 3247 Benedicti
412 3202 471 3248 vos
495 3202 515 3247 a
531 3187 669 3248 Domino
692 3187 747 3263 qui
763 3186 841 3248 iecit
855 3186 978 3247 coelum

181 3286 214 3346 et
228 3287 362 3354 terram,
380 3285 536 3360 quoniam
560 3284 755 3345 aemulantes
775 3284 977 3344 charismata

182 3382 332 3453 meliora,
350 3385 382 3444 et
399 3383 439 3442 ad
462 3384 632 3443 anteriora
652 3398 711 3442 vos
731 3399 806 3442 cnm
821 3381 977 3458 apostolo

182 3480 374 3554 dirigentes,
387 3481 427 3540 de
440 3481 547 3554 gratia
561 3481 595 3541 in
608 3481 750 3555 gratiam
762 3483 794 3541 et
804 3480 844 3540 de
857 3480 978 3540 virtute

182 3578 287 3639 auditi
310 3575 414 3655 testis]
437 3578 597 3652 prolicere
613 3577 648 3637 in
663 3579 831 3648 virtutem,
847 3576 923 3637 dnm
942 3579 977 3638 in

181 3675 347 3736 mandatis
361 3675 492 3735 Domini
508 3675 722 3736 landabiliter
736 3676 891 3736 delectati
904 3693 979 3736 con·

181 3773 257 3833 silla
279 3772 479 3833 laudabilius
499 3774 739 3848 amplexantes
767 3774 802 3834 nt
833 3773 977 3849 amplius

180 3874 214 3932 et
228 3870 405 3948 perfectius
426 3872 564 3931 Domino
587 3871 757 3946 placeatis,
783 3887 848 3930 non
870 3872 977 3931 solnm

180 3985 254 4046 quae
280 3970 314 4029 in
333 3969 449 4030 ordine
470 3970 581 4029 vestro
602 3969 800 4042 corrigenda
816 3969 849 4028 et
870 3967 978 4028 reior-

180 4068 299 4129 manda
311 4068 445 4128 inventa
459 4069 546 4137 sunt,
561 4066 729 4141 corrigere
740 4082 779 4126 ao
794 4066 977 4127 reformare

179 4167 334 4236 curastis,
360 4165 595 4226 verumetiam
619 4164 755 4240 provide
771 4164 977 4226 attendentes

180 4264 265 4340 qnod
280 4266 409 4324 tantum
424 4263 497 4338 quis
518 4262 661 4338 propriae
676 4262 793 4322 adimit
817 4261 974 4329 libertati,

182 4365 339 4438 qnantum
357 4378 392 4420 se
408 4359 528 4419 divinae
547 4359 679 4435 snbj1cit
696 4359 859 4429 servituti,
876 4376 978 4435 regn-

89 4511 92 4517 .
182 4459 248 4518 lani
273 4459 305 4516 in
331 4474 395 4532 qna
422 4458 542 4532 cupitis
558 4459 695 4517 Domino
716 4457 977 4533 lanmlariquasi

182 4558 270 4616 viani
284 4555 554 4615 excellentiorem
568 4555 727 4628 aggressi,
742 4571 876 4614 servare
888 4557 975 4615 irre-

181 4653 377 4715 vocabiliter
402 4652 575 4714 statuistis.
599 4653 690 4713 Sicut
711 4653 811 4719 enim,
831 4657 899 4714 tani
919 4670 977 4730 per

183 4752 339 4813 dilectum
366 4751 469 4813 lilium
493 4750 704 4810 Goillelmnm
731 4750 882 4811 abbatem
908 4756 974 4812 An-

128 4901 131 4904 ,
181 4850 415 4920 dreusensem,
451 4866 549 4927 qnam
583 4865 641 4927 per
679 4848 808 4910 litteras
847 4851 975 4909 vestras

183 4949 305 5008 nostris
317 4948 454 5008 auribus
468 4948 657 5016 intimastis
673 4964 774 5023 qnnrn
785 4963 873 5008 anno
889 4963 977 5023 prae·

182 5047 278 5108 terito
303 5045 389 5121 apud
415 5047 571 5106 Sanctum
594 5046 786 5118 Qnintlnnm
807 5062 867 5122 pro
887 5045 977 5106 cele-

181 5144 320 5213 brando,
327 5145 423 5219 juxta
435 5143 603 5217 generalia
618 5145 739 5204 statuta
751 5144 901 5214 concilii,
914 5161 975 5204 ca-

182 5241 286 5318 pitulo
299 5240 459 5315 generali,
477 5243 509 5300 et
519 5243 606 5301 statu
620 5242 747 5300 ordinis
765 5242 974 5302 reformando

182 5340 386 5400 unanimiter
409 5339 641 5409 convenentis,
673 5339 802 5399 dilectis
831 5339 910 5399 tiliis
914 5384 973 5399 .....

180 5440 221 5499 de
249 5438 404 5506 lunden,
429 5440 461 5497 et
465 5479 524 5496 .....
552 5437 593 5496 de
613 5437 757 5497 l'acellis
784 5435 973 5507 abbatibus

182 5536 412 5596 cisterciensis
439 5535 581 5604 ordinis,
609 5535 756 5595 evocatis
784 5536 976 5594 continuato

181 5634 294 5702 biduo,
306 5634 486 5694 secundum
498 5633 648 5709 regulam
663 5632 751 5695 beati
763 5633 932 5695 Benedicti
944 5636 977 5693 et

804 276 980 339 HONORII
1003 279 1048 338 III
1069 281 1218 342 OPERA.

1775 290 1827 352 816

1039 459 1152 503 eorum
1182 443 1337 507 abbatum
1363 448 1551 519 consilium,
1576 447 1827 527 quaedamque

1038 557 1097 618 per
1112 542 1273 602 desidiam
1289 543 1412 604 omissa
1426 545 1571 616 suerunt,
1591 548 1787 620 revocastis,
1800 550 1827 610 et

1038 639 1188 714 quaedam
1229 641 1408 702 ordinastis
1446 643 1577 704 noviter
1614 643 1824 706 observanda.

1039 737 1117 805 Quae
1142 735 1176 794 in
1192 736 1365 798 duodecim
1382 739 1538 801 distincta
1560 741 1728 818 capitulis,
1751 757 1826 817 prae-

1038 833 1146 893 dictus
1171 835 1377 896 Andreusen.
1393 837 1494 898 abbas
1509 854 1552 900 ex
1568 840 1665 915 parte
1688 839 1826 901 omniun

1038 933 1183 992 vestrum
1200 932 1294 992 nobis
1318 933 1490 996 humiliter
1508 938 1767 1012 repraesentans,
1791 954 1824 998 ea

1037 1031 1221 1104 opportune
1268 1027 1455 1108 importune
1502 1035 1598 1110 petiit
1642 1034 1826 1096 confirmari

1038 1144 1111 1204 qum
1125 1128 1256 1204 quidem
1268 1129 1403 1201 anobis,
1417 1133 1593 1209 utcumque
1609 1134 1773 1205 correcta,
1783 1135 1828 1194 te-

1038 1240 1118 1286 nore
1133 1228 1345 1301 praesentium
1359 1228 1515 1295 (luximus
1527 1229 1744 1292 declaranda.

1078 1323 1224 1384 Primum
1240 1325 1395 1387 videlicet
1405 1328 1441 1388 ut
1451 1328 1603 1403 quotiens
1615 1328 1734 1402 regula
1747 1327 1828 1389 beati

1037 1421 1206 1481 Benedicti
1219 1422 1341 1497 legitur
1351 1423 1385 1482 in
1396 1424 1552 1500 capitulo,
1563 1423 1622 1485 ille
1635 1425 1694 1501 qui
1705 1428 1828 1501 praeest,

1036 1518 1089 1579 vel
1102 1519 1190 1579 alins
1202 1523 1274 1596 ejus
1289 1521 1373 1592 vice,
1389 1523 1496 1597 ipsam
1511 1523 1659 1598 exponat
1673 1523 1831 1599 simplici·

1036 1615 1098 1676 bus
1118 1620 1151 1678 et
1173 1619 1282 1678 minus
1304 1619 1568 1695 intelligentibus
1587 1620 1622 1679 in
1637 1619 1789 1694 vulgari,
1802 1622 1831 1681 et

1037 1715 1093 1791 qui
1106 1717 1193 1792 regit
1203 1718 1385 1793 capitulum
1397 1717 1545 1793 quolibet
1554 1718 1620 1789 die,
1632 1735 1711 1779 cnm
1726 1719 1830 1778 omni-

1036 1812 1097 1874 bus
1113 1813 1147 1872 in
1167 1814 1312 1889 capitulo
1333 1814 1501 1886 adunatis,
1522 1831 1583 1890 pro
1603 1831 1736 1875 summo
1750 1818 1830 1876 Pon-

1036 1912 1829 1989 titiceacstatuEcclesiaeBomanae,necnonpro

1036 2010 1827 2082 subventioneacrestaurationeTerraeSanctae‚

1036 2108 1828 2185 acprobenefactoribussuis,decantatissepten

1035 2208 1184 2284 psalmis
1210 2207 1246 2268 in
1273 2208 1426 2275 ecclesia,
1455 2208 1625 2281 orationes
1640 2208 1830 2284 saciatspe-

1035 2306 1148 2366 ciales.

1075 2404 1273 2475 Secundum,
1295 2407 1330 2466 ut
1349 2404 1391 2465 ab
1406 2405 1489 2466 bora
1502 2404 1714 2481 completorii
1733 2420 1829 2481 usque

1034 2501 1075 2561 ad
1100 2501 1188 2562 diem
1217 2504 1407 2578 sequentem
1430 2502 1580 2564 districte
1596 2503 1772 2563 silentium
1786 2505 1830 2562 te-

1035 2601 1205 2670 neatur,et
1220 2601 1255 2660 ut
1265 2600 1376 2659 nullus
1391 2601 1573 2660 monachus
1586 2601 1650 2660 nisi
1666 2615 1773 2660 senex
1783 2600 1830 2660 vel

1033 2696 1185 2757 infirmus
1199 2699 1257 2759 aut
1276 2698 1541 2758 valetudinarius
1561 2714 1622 2759 sen
1648 2714 1693 2763 ex
1715 2698 1829 2758 itiitere

1032 2794 1189 2870 laegatus
1202 2796 1297 2856 extra
1311 2795 1541 2856 dormitorium
1556 2795 1755 2857 collocetur.

1072 2892 1218 2952 Tertium
1245 2892 1281 2951 ot
1308 2893 1404 2951 extra
1432 2891 1654 2952 infirmariam
1678 2890 1830 2952 monachi

1032 2990 1224 3059 existentes
1252 2989 1293 3049 ad
1321 2989 1420 3049 boras
1453 2988 1638 3066 regulares,
1656 3004 1830 3050 occurrere

1032 3091 1219 3156 tencantur,
1234 3089 1266 3149 et
1281 3088 1309 3146 si
1325 3089 1399 3163 quis
1416 3087 1568 3158 deluerit,
1586 3087 1656 3146 nisi
1673 3088 1761 3149 sorte
1778 3103 1831 3148 oo·

1033 3186 1210 3262 copatione
1229 3183 1389 3245 canonica
1405 3184 1620 3260 prepeditus,
1636 3183 1673 3243 in
1686 3183 1830 3260 capitulo

1033 3284 1184 3361 proximo
1201 3299 1236 3344 se
1256 3299 1368 3343 coram
1392 3281 1545 3342 omnibns
1565 3282 1757 3357 prostratus
1777 3297 1831 3342 ac·

1033 3385 1136 3454 cuset,
1165 3382 1297 3457 culpam
1328 3379 1495 3457 propriam
1529 3378 1707 3440 humiliter
1740 3395 1831 3441 reco-

1032 3494 1206 3555 gnoscens.

1073 3579 1232 3648 Quartum
1263 3578 1298 3636 nt
1332 3575 1468 3636 abbates
1503 3591 1578 3635 cnm
1612 3573 1829 3635 conventibus

1033 3675 1103 3734 suis
1129 3674 1227 3734 simul
1256 3674 1417 3739 viventes,
1445 3689 1520 3732 curn
1546 3674 1596 3732 eis
1629 3672 1831 3748 regulariter

1032 3772 1217 3841 comedant,
1240 3770 1393 3846 psallant,
1416 3770 1538 3844 legant,
1566 3769 1633 3830 nisi
1656 3770 1745 3832 sorte
1768 3785 1828 3830 ne·

1033 3871 1172 3932 cessitas
1201 3869 1367 3944 hospitum
1398 3868 1461 3928 boc
1487 3867 1659 3943 impediat,
1687 3869 1742 3929 vel
1766 3869 1829 3929 alia

1028 3970 1119 4045 jnsta
1140 3983 1255 4036 causa,
1279 3981 1340 4026 nec
1360 3967 1470 4026 tamen
1491 3966 1524 4025 ln
1540 3965 1689 4040 bospitio
1705 3966 1759 4028 vel
1772 3982 1827 4027 ca-

1032 4083 1123 4127 mera
1134 4067 1206 4127 sine
1220 4080 1317 4126 sacra
1330 4064 1471 4125 lectione
1484 4079 1524 4125 ac
1538 4064 1683 4125 testibus
1698 4064 1739 4125 de
1753 4081 1830 4126 coa·

1032 4166 1143 4225 ventu.
1729 4208 1745 4223 .

1072 4262 1240 4332 Quintum,
1256 4262 1291 4322 ut
1305 4259 1417 4320 nullus
1429 4260 1520 4336 prior
1530 4261 1769 4321 conventualis
1781 4275 1829 4321 ca·

1033 4376 1168 4430 meram,
1184 4375 1286 4435 equos
1307 4360 1365 4419 aut
1379 4358 1539 4418 familiam
1562 4361 1687 4430 teneat,
1701 4375 1765 4420 nec
1783 4359 1830 4419 lo-

1032 4459 1196 4520 rinsecam
1215 4457 1538 4518 administrationem
1562 4458 1622 4517 aut
1646 4459 1828 4533 prioratum

1031 4574 1091 4618 seu
1108 4558 1234 4617 curtem
1250 4554 1302 4614 vel
1318 4555 1491 4629 grangiam
1506 4554 1630 4616 audeat
1643 4555 1827 4630 possidere,

1032 4654 1088 4715 sed
1094 4652 1827 4730 jnxtaoiticiisuinomenadomnemregulae

1031 4751 1275 4812 observantiam
1293 4748 1452 4810 exhibere
1468 4749 1599 4810 studeat
1618 4766 1655 4809 se
1672 4752 1825 4827 priorem.

1072 4852 1207 4910 Sextum
1222 4851 1258 4909 ut
1270 4847 1354 4907 nulli
1372 4847 1528 4907 monachi
1541 4847 1718 4909 claustrati
1735 4848 1828 4909 liceat

1030 4947 1353 5007 administrationem
1390 4944 1537 5020 aliquam
1566 4945 1828 5008 ecclesiasticam

1031 5044 1083 5105 vel
1094 5045 1278 5104 secularem
1290 5043 1331 5103 ad
1336 5043 1598 5119 jusmonasterii
1608 5044 1827 5118 pertinentem

1030 5142 1071 5202 ad
1088 5142 1216 5201 tirmam
1231 5141 1360 5213 tenere3
1381 5156 1443 5200 nec
1461 5141 1512 5201 sas
1533 5141 1627 5201 silei
1651 5141 1829 5218 fidejubere

1030 5255 1089 5331 pro
1104 5240 1172 5299 alio
1187 5239 1239 5300 vel
1255 5239 1358 5299 alium
1378 5253 1438 5314 pro
1454 5254 1490 5298 se
1510 5238 1723 5314 fidejussorie
1746 5239 1829 5301 obli-

1029 5354 1121 5412 gare.

1071 5436 1263 5510 Septimum,
1288 5439 1323 5496 ut
1343 5438 1441 5511 juxta
1463 5433 1552 5494 beati
1575 5434 1752 5496 Benedicti
1773 5449 1829 5495 re-

1030 5533 1142 5608 gulam
1163 5534 1402 5609 nequissimum
1419 5533 1537 5593 vitium
1560 5531 1731 5593 retinendi
1751 5548 1828 5609 pro·

1030 5632 1137 5708 prium
1166 5632 1308 5692 evitetur
1333 5630 1375 5691 ab
1402 5629 1567 5702 omnibus,
1595 5631 1642 5691 ita
1670 5632 1707 5691 ut
1737 5634 1829 5692 extra
