3774 6186
1644 40 1650 97 l

1651 240 1661 283 s

97 332 115 388 ῑ
683 330 911 391 nrrs'ronn.
936 329 1014 390 nm.
1037 332 1093 390 111.
1627 318 1634 343 '¹
1656 332 1714 393 118

98 490 489 567 ccessoribus‚etipsius
503 489 654 553 acclesiae
669 492 866 553 Interamnae
920 488 1000 551 item
1026 488 1238 566 quicumque,
1256 490 1317 557 eat.
1345 491 1399 553 vel
1424 492 1489 555 erit
1515 491 1719 568 coljolarius,

97 590 256 650 amoratae
282 588 318 649 in
340 591 534 665 perpetuum
561 588 595 649 in
617 589 725 650 dotem
752 587 866 649 omnia
921 585 1012 648 dabit
1026 575 1199 648 annuatim
1214 588 1369 665 episcopo
1383 605 1485 650 unum
1498 604 1559 666 par
1576 588 1719 650 sutella-

97 702 165 763 pra
181 687 306 764 scripta
318 687 512 758 tenimenta,
522 689 555 749 et
566 686 792 763 possessiones
803 687 868 747 ter·
921 683 1008 744 rium
1022 684 1063 745 ad
1079 700 1213 745 sensum
1232 686 1391 762 episcopi.
1419 688 1500 748 item
1521 685 1720 764 quicumque

97 800 190 853 rum.
218 785 408 856 vinearum,
442 785 659 860 canapiarum
682 784 717 846 et
740 783 865 860 jardini
921 781 971 843 est
985 781 1038 843 vel
1050 782 1282 859 eritmagister
1295 783 1452 860 lapidum,
1469 784 1521 845 vel
1540 785 1718 860 lignorum,

100 881 558 954 mintroitibus,exitibus,et
568 881 721 943 omnibus
739 881 865 952 usibus,
921 878 1013 941 dabit
1027 879 1182 957 episcopo
1198 881 1339 956 singulis
1355 882 1453 942 annis
1469 897 1569 943 unam
1584 898 1720 959 operam

106 978 312 1041 utilitatibus
325 980 407 1048 suis,
422 982 457 1041 et
468 996 544 1041 cum
554 979 706 1040 omnibus
718 979 807 1040 infra
818 995 864 1050 se,
922 975 995 1037 sine
1010 976 1125 1039 fraude
1140 978 1182 1038 ad
1200 978 1404 1041 voluntatem
1419 979 1577 1057 episcopi,
1594 980 1626 1042 et
1645 996 1720 1041 cum

97 1076 113 1139 d
130 1093 234 1156 super
249 1094 285 1138 se
295 1077 505 1149 habentibus,
518 1077 731 1149 ethabendis,
749 1077 789 1138 ad
806 1077 869 1137 ha.-
922 1075 1079 1151 expensis
1105 1075 1273 1151 episcopi,
1308 1076 1463 1139 videlicet
1495 1077 1719 1138 comestionis.

97 1174 220 1248 indum,
236 1175 427 1245 tenendum,
444 1175 689 1252 possidendum,
715 1178 749 1237 et
770 1175 868 1251 quid·
923 1172 1003 1232 Item
1012 1172 1052 1234 de
1062 1172 1314 1249 quolibetbove,
1326 1174 1379 1234 uel
1388 1190 1490 1235 vacca
1507 1175 1547 1235 ad
1559 1174 1721 1235 arandum

97 1272 141 1334 rid
152 1272 250 1335 vobis
260 1275 294 1334 et
306 1273 425 1334 vostris
449 1273 697 1334 successoribus
712 1273 868 1350 deinceps
923 1267 1045 1332 babeat
1058 1269 1244 1347 episcopus,
1259 1271 1294 1331 in
1310 1271 1426 1347 vigilia
1441 1273 1595 1333 Omnium
1610 1274 1718 1332 Sauc-

97 1370 229 1433 acuerit
253 1369 453 1442 iaciendum,
475 1371 554 1434 item
576 1371 694 1431 damus
715 1371 869 1433 similiter
923 1367 1031 1427 torum
1047 1366 1219 1429 duodecim
1234 1371 1449 1430 Lucenses.»

97 1484 194 1539 imus,
211 1467 436 1538 concedimus,
453 1468 626 1541 tradimus,
644 1472 742 1546 atque
760 1469 867 1544 largi·
963 1465 1078 1527 «Item
1099 1465 1297 1543 quicumque
1310 1467 1375 1527 erit
1387 1467 1508 1538 textor,
1525 1465 1579 1527 rel
1597 1466 1723 1528 textrix

97 1564 476 1643 urvobisD.Rayneri0
492 1566 867 1645 episcopointeramnae‚
924 1561 1094 1638 canaparii
1127 1562 1162 1623 in
1195 1563 1340 1635 civitate,
1378 1564 1433 1625 vel
1468 1563 1582 1639 burgis
1614 1564 1722 1626 solvat

121 1663 247 1725 restris
274 1662 521 1725 successoribus
547 1664 582 1724 in
612 1667 806 1740 perpetuum
834 1665 869 1725 in
924 1659 1096 1720 annuatim
1113 1660 1148 1720 in
1164 1660 1280 1735 vigilia
1299 1662 1453 1722 Omnium
1472 1662 1667 1723 Sanctorum
1682 1664 1719 1722 Ι).

97 1762 176 1823 item
200 1777 316 1823 omnes
339 1760 489 1822 redditus
512 1761 716 1832 subnotatas,
736 1763 769 1822 et
790 1764 869 1838 jura
925 1756 1091 1833 episcopo,
1109 1758 1164 1833 qui
1180 1773 1239 1834 pro
1254 1760 1402 1835 tempore
1419 1758 1493 1831 erit,
1520 1758 1663 1819 mediam
1678 1759 1723 1819 li-

97 1874 125 1920 ar
138 1858 361 1935 subscriptae
378 1859 524 1936 capitulo
539 1859 719 1931 declarata,
730 1859 868 1930 scilicet,
924 1852 1018 1914 brem
1044 1854 1181 1932 piperis,
1202 1855 1295 1917 selvo
1321 1856 1452 1933 quodsi
1475 1856 1588 1933 plures
1609 1856 1722 1918 essent

97 1955 268 2033 aqualibet
282 1957 415 2017 sarcina
431 1956 648 2032 lignornmad
659 1958 781 2032 ignom,
794 1974 868 2035 quae
925 1953 1082 2023 textores,
1098 1952 1151 2014 vel
1166 1954 1324 2015 textrices
1342 1953 1470 2015 similes
1485 1955 1520 2014 in
1533 1969 1599 2015 una
1612 1953 1720 2026 domo,
1747 1958 1753 1971 ‘

97 2053 207 2117 trabit
221 2054 255 2114 in
269 2055 405 2116 civitate
415 2056 611 2115 interamnae
625 2054 767 2132 recipiat
780 2055 871 2131 epis·
925 2050 958 2111 et
985 2050 1021 2111 in
1048 2066 1116 2111 una
1148 2049 1287 2122 familia,
1315 2068 1381 2113 non
1404 2052 1513 2114 solvat
1542 2051 1609 2112 nisi
1637 2068 1723 2112 unus

97 2168 168 2229 rpus
176 2151 229 2212 vel
241 2154 312 2228 ejus
325 2152 466 2213 nuncius
474 2153 515 2213 ad
525 2153 728 2214 voluntatem
738 2169 871 2213 suam.»
924 2162 1050 2208 eorum.
1069 2151 1149 2210 ltern
1164 2149 1363 2226 quicumque
1379 2154 1439 2222 est,
1459 2150 1511 2210 vol
1542 2151 1607 2211 erit
1626 2149 1724 2226 pelli-

103 2266 123 2308 «
146 2251 229 2310 item
254 2249 453 2326 quicumque
476 2251 528 2310 est
550 2250 604 2310 vel
628 2250 692 2311 erit
718 2251 871 2312 venditor
926 2245 1050 2320 parius,
1067 2246 1132 2312 det,
1156 2247 1190 2306 et
1211 2245 1320 2308 solvat
1334 2248 1423 2308 omni
1443 2263 1530 2309 anno
1557 2248 1591 2307 in
1606 2246 1723 2323 vigilia

100 2346 210 2407 scium
226 2346 438 2422 publicumin
452 2347 586 2408 civitate
600 2349 869 2419 interamnae,vel
925 2342 1079 2403 Omnium
1105 2345 1302 2406 Sanctorum
1329 2346 1366 2405 D.
1393 2344 1498 2421 episc.
1516 2344 1659 2405 mediam
1679 2344 1725 2405 li-

97 2446 189 2520 eJ'us
204 2442 330 2519 burgis.
348 2445 382 2504 in
397 2444 545 2521 qualibet
559 2443 765 2506 hebdomada
780 2444 872 2506 dabit
924 2437 1017 2499 litem
1042 2454 1138 2501 ceree·
1154 2443 1234 2503 Item
1258 2441 1301 2502 de
1319 2440 1471 2502 omnibus
1494 2442 1638 2517 acceptis
1652 2441 1723 2504 ⁸1V0

97 2557 171 2601 rum
195 2542 320 2617 piscem
335 2541 502 2618 episcopo,
524 2558 590 2603 non
611 2546 783 2619 majorem,
809 2559 870 2604 neo
925 2536 1079 2610 intratis,
1107 2554 1182 2614 quae
1209 2539 1428 2601 communitas
1463 2540 1723 2601 interamnensis

99 2638 243 2707 ineram,
260 2637 317 2699 sed
333 2638 543 2699 mediocrem.
563 2640 644 2700 Item
660 2638 700 2700 de
721 2638 872 2716 quolibet
926 2633 1069 2701 babebit,
1085 2636 1239 2698 teneatur
1253 2637 1472 2699 communitas
1487 2636 1568 2698 dare
1582 2639 1620 2697 D.
1634 2637 1724 2714 epis-

97 2733 204 2797 ibano
216 2735 373 2808 civitatis,
390 2736 443 2796 vel
457 2735 564 2811 burgi,
578 2736 634 2812 qui
650 2737 710 2807 est,
725 2737 778 2797 rel
793 2736 868 2808 erit,
925 2746 1007 2808 copo
1025 2731 1198 2801 decimam,
1215 2749 1313 2810 quam
1328 2734 1490 2795 decimam
1505 2735 1721 2808 camararius,

97 2830 170 2893 ;bis
184 2831 242 2908 qui
254 2834 332 2893 sunt
341 2832 428 2895 inter
442 2834 657 2904 mormam,et
670 2832 793 2894 flumen
809 2833 872 2894 lra-
925 2829 983 2904 qui
1011 2846 1071 2905 pro
1103 2830 1252 2907 tempore
1280 2831 1355 2903 erit,
1387 2833 1519 2894 solvere
1552 2834 1722 2903 teneatur,

97 2928 145 2991 sat
157 2929 333 3006 episcopus
347 2928 493 3006 quolibet
503 2929 618 2992 sabato
634 2946 736 2991 unum
752 2946 870 3007 panem
925 2929 1064 3003 excepto
1078 2929 1163 3004 quod
1176 2928 1217 2990 de
1231 2928 1390 3000 collectis,
1400 2946 1474 3007 quae
1489 2929 1725 2992 universaliter

97 3025 146 3087 mi
162 3026 321 3088 frumenti
337 3028 377 3088 de
392 3027 435 3088 iis
448 3043 531 3104 quos
551 3027 706 3089 habuerit
718 3027 871 3090 clibana·
927 3037 985 3099 per
1010 3024 1178 3086 civitatem
1202 3025 1369 3102 colligent,
1384 3030 1416 3090 ot
1430 3027 1470 3088 de
1483 3026 1722 3097 condemnatis,

97 3139 139 3185 us
151 3138 213 3200 pro
228 3123 401 3186 tornatioo.
416 3141 435 3184 s
924 3121 958 3182 et
972 3121 1231 3184 condemnandis
1245 3123 1286 3184 ad
1297 3140 1427 3184 murum
1443 3124 1724 3186 civitatisiaoien·

105 3238 127 3281 ‹
140 3223 221 3282 item
233 3222 432 3298 quicumque
441 3221 502 3293 est,
511 3220 564 3283 vel
575 3221 639 3284 erit
647 3221 869 3294 macellarius,
925 3217 1003 3279 dum
1016 3233 1082 3280 non
1097 3217 1160 3281 tuit
1173 3220 1335 3295 permissa
1350 3220 1477 3282 decima
1491 3242 1500 3293 ;
1524 3222 1558 3282 et
1571 3222 1724 3298 quicum-

97 3344 102 3381 ι
134 3318 253 3394 vigilia
281 3319 473 3380 Natiuitatis
498 3319 630 3381 Domini
655 3318 748 3380 dabit
771 3335 870 3381 unam
925 3316 1532 3396 quesuprascriptanonobservarerit,
1542 3319 1723 3395 requisitus

97 3416 212 3479 »allam
237 3417 424 3493 porcinam,
452 3417 486 3477 et
510 3416 674 3493 integram
697 3433 772 3479 cum
796 3419 870 3479 cute
924 3414 1079 3476 teneatur
1091 3415 1220 3477 solvere
1236 3431 1365 3492 poenam
1389 3416 1565 3492 duplicem,
1579 3417 1723 3493 etpoena

97 3512 229 3588 piscopo
258 3511 512 3572 interamnensi.
555 3513 636 3574 item
672 3512 871 3590 quicumque
925 3511 1033 3573 soluta
1054 3511 1271 3574 nihilominus
1291 3514 1468 3589 persolvat
1490 3515 1572 3575 item
1593 3514 1722 3576 consti-

97 3611 121 3671 st
135 3608 191 3670 vel
205 3608 279 3680 erit,
289 3609 345 3685 qui
360 3608 480 3670 babeat
492 3608 716 3670 molendinum
731 3609 773 3670 ad
788 3625 869 3687 par·
924 3608 1049 3670 tuimus
1075 3610 1109 3671 et
1127 3609 1331 3681 ordinamus,
1345 3611 1432 3687 quod
1461 3612 1636 3688 episcopus
1657 3627 1724 3673 non

97 3722 147 3777 rm,
158 3706 210 3767 rel
227 3705 518 3782 coptumumdabit
527 3706 562 3766 in
576 3705 754 3768 festivitate
763 3710 796 3768 S.
804 3710 872 3769 bia·
926 3707 1174 3782 constringatur
1201 3706 1314 3784 aliquo
1341 3707 1450 3769 bando
1479 3707 1519 3769 de
1552 3708 1724 3771 vendendo

98 3820 130 3867 aa
143 3804 286 3879 Augusti
301 3820 403 3864 unum
427 3804 592 3865 rasorium
610 3820 751 3866 annonae
775 3806 870 3882 epis·
926 3802 981 3864 vel
996 3803 1201 3865 extrahendo
1213 3803 1323 3876 blada,
1339 3804 1490 3878 velvina,
1501 3805 1555 3866 vel
1566 3807 1724 3884 quidquid

97 3918 153 3979 ›po
168 3901 411 3962 interamnensi
430 3901 471 3962 ad
493 3902 657 3963 raserium
680 3903 870 3963 communi·
927 3898 967 3963 de
987 3899 1149 3963 fructibus
1163 3904 1262 3963 terrae
1275 3901 1518 3963 volueritintra
1532 3903 1724 3971 incivitate,

97 3998 148 4061 itis
161 4001 296 4071 nostrae,
317 4014 392 4060 cum
413 4014 478 4076 quo
494 3998 623 4075 publice
649 3998 813 4070 venditur,
839 3999 873 4061 et
926 3995 977 4055 vel
993 3998 1099 4068 extra,
1115 3998 1287 4074 prouisibi
1312 3998 1484 4075 placuerit.
1504 4001 1586 4061 Item
1601 4003 1728 4065 consti-

97 4096 203 4159 mitnr.
222 4099 302 4158 item
318 4097 347 4158 si
361 4096 487 4159 domini
500 4096 681 4158 molendini
696 4097 872 4158 retinuerit
926 4092 1062 4167 inimus,
1077 4096 1110 4156 et
1125 4094 1330 4168 ordinamus,
1343 4096 1429 4173 quod
1444 4097 1620 4174 episcopus
1633 4101 1728 4160 etca-

97 4194 311 4264 iolendinum,
327 4195 374 4255 ita
387 4196 473 4272 quod
488 4210 555 4255 non
571 4193 625 4256 det
639 4194 715 4255 aliis
733 4194 774 4254 ad
788 4210 871 4271 par·
927 4190 1038 4252 nonici
1064 4207 1131 4253 non
1164 4193 1339 4255 teneantur
1348 4194 1478 4255 solvere
1489 4195 1650 4256 salarium
1665 4212 1725 4273 pro

97 4308 149 4363 tm,
177 4291 231 4352 rel
249 4294 448 4368 coptumum,
466 4291 621 4352 similiter
635 4292 752 4363 solvat,
770 4308 871 4353 unum
927 4289 1050 4361 causis,
1067 4305 1150 4366 quas
1177 4289 1355 4353 habuerint
1379 4292 1415 4353 in
1440 4292 1534 4354 curia
1563 4296 1726 4355 luteram-

97 4391 237 4451 aserium
251 4389 557 4467 annonaeepiscopo
573 4390 770 4451 interamnae
785 4405 873 4466 prae-
927 4387 1024 4448 nensi
1047 4401 1159 4448 rerum
1186 4390 1411 4462 canonicatus
1439 4393 1474 4451 et
1501 4391 1723 4468 episcopatus.

97 4486 159 4549 icto
184 4491 343 4563 ternpore,
358 4487 436 4548 item
451 4487 650 4564 quicumque
664 4489 726 4558 est,
742 4487 793 4548 vel
808 4487 872 4548 erit
929 4487 1009 4545 Item
1025 4485 1269 4557 constituimus,
1284 4489 1317 4550 et
1326 4487 1530 4561 ordinamus,
1539 4488 1626 4565 quod
1640 4490 1726 4550 nulli

97 4585 247 4655 trrarius,
274 4584 330 4661 qui
352 4584 473 4646 babeat
487 4582 641 4655 socinam,
661 4583 753 4646 dabit
772 4600 871 4646 unum
927 4583 1212 4645 excommunicato
1227 4583 1269 4645 ab
1284 4585 1449 4662 episcopo,
1466 4586 1500 4647 et
1525 4586 1726 4647 denunciato

97 4699 131 4747 ir
158 4683 202 4744 de
228 4681 338 4743 terriis
359 4699 433 4743 cum
455 4682 560 4744 clavis
585 4683 740 4759 episcopo
761 4685 871 4744 inter-
924 4681 1054 4756 justitia
1069 4681 1173 4742 tiatin
1194 4682 1288 4743 curia
1303 4683 1548 4745 communitatis
1563 4685 1728 4744 interam-

97 4798 179 4843 nnae
204 4780 245 4841 ad
274 4779 477 4843 voluntatem
497 4780 643 4857 episcopi
666 4780 757 4843 omni
770 4796 869 4853 anno,
928 4794 991 4851 nae,
1008 4778 1073 4839 nisi
1088 4778 1180 4855 prius
1199 4778 1409 4851 satisfecerit,
1426 4781 1459 4841 et
1483 4779 1554 4840 haec
1578 4781 1725 4856 capitula

97 4879 222 4955 sceptis
249 4880 389 4955 quatuor
423 4879 464 4939 de
491 4877 641 4938 ferrariis
662 4877 691 4938 si
718 4879 873 4940 maluerit
928 4876 1170 4947 constituimus,
1186 4878 1220 4939 et
1241 4877 1392 4939 volumus
1407 4892 1467 4953 per
1481 4893 1554 4948 nos,
1571 4880 1725 4940 nostros-

97 4978 250 5053 ›iscopus
274 4977 329 5053 qui
358 4974 483 5038 dabunt
496 4975 527 5037 ei
543 4976 684 5053 quatuor
701 4975 870 5048 cultellos,
927 4989 990 5050 que
1012 4989 1235 5046 successores,
1263 4975 1296 5036 et
1311 4988 1371 5050 per
1391 4975 1547 5051 populum
1565 4977 1728 5037 interam-

97 5076 159 5139 ter
180 5089 296 5135 omnes
317 5076 470 5150 quatuor.
497 5075 578 5135 item
598 5073 796 5150 quicumque
810 5075 871 5148 est,
927 5086 1063 5132 nensem
1078 5072 1185 5144 firma,
1199 5072 1231 5133 et
1243 5073 1314 5131 rata
1326 5073 1485 5151 perpetuo
1500 5074 1617 5135 teneri.
1646 5077 1726 5136 Item

97 5174 121 5236 al
145 5172 213 5233 erit
227 5170 407 5248 pandarius
418 5171 515 5242 lanae,
532 5170 623 5232 dabit
641 5171 796 5248 episcopo
811 5188 874 5233 an·
927 5170 1170 5241 constituimus,
1185 5173 1218 5231 et
1237 5168 1440 5241 ordinamus,
1457 5171 1542 5247 quod
1559 5171 1600 5232 de
1618 5173 1728 5231 omni-

97 5270 201 5333 ratim
216 5269 358 5330 mediam
374 5266 874 5345 libramceraeinrigiliaNati·
927 5266 988 5328 bus
1024 5267 1193 5342 expensis,
1224 5283 1306 5344 quas
1333 5266 1449 5329 iecerit
1480 5268 1655 5345 episcopus
1692 5269 1726 5328 in

97 5368 186 5433 ¹tatis
201 5366 343 5429 Domini.
360 5368 441 5429 ltem
451 5366 650 5443 quicumque
662 5368 723 5437 eat,
740 5367 792 5428 vel
809 5367 873 5428 erit
927 5365 1038 5426 causis
1051 5367 1146 5426 extra
1159 5365 1326 5427 civitatem
1342 5381 1402 5443 pro
1414 5366 1600 5437 retinendo,
1617 5367 1651 5425 et
1670 5382 1727 5427 re-

97 5468 248 5535 ercator,
270 5465 326 5541 qui
354 5464 475 5526 vendat
499 5479 552 5524 res
576 5478 655 5525 suas
680 5464 721 5526 ad
745 5465 872 5540 pondus
929 5462 1118 5539 cuperando
1134 5463 1337 5539 episcopatu,
1362 5465 1395 5525 et
1417 5465 1492 5539 jura
1518 5462 1622 5538 ipsius
1638 5463 1728 5539 epis-

97 5564 178 5634 brae,
191 5561 284 5625 dabit
294 5563 466 5625 annuatim
478 5561 789 5639 episcopoquartam
800 5579 874 5640 par-
928 5563 1065 5637 copatus
1081 5576 1154 5637 cuni
1170 5559 1360 5621 hominibus
1377 5558 1433 5637 qui
1456 5574 1521 5620 non
1536 5560 1615 5621 sunt
1637 5561 1728 5621 cives

97 5678 137 5725 tm
152 5661 280 5741 piperis
306 5661 341 5722 in
367 5661 482 5736 vigilia
502 5660 695 5723 Natiuitatis
715 5661 870 5723 Domini:
927 5660 1136 5729 interamnae,
1151 5657 1370 5719 communitas
1395 5657 1466 5733 ipsa
1495 5659 1648 5719 teneatur
1672 5658 1726 5719 ia·
