3774 6186
112 324 173 384 633
742 317 970 379 EPISTOLAE.
995 318 1072 377 LIB.
1096 320 1153 381 V..
1699 324 1758 385 634

1000 476 1147 540 Dilectus
1160 477 1249 538 fliius
1264 477 1366 540 abbas
1378 481 1577 543 Gemeticen.
1594 482 1630 543 in
1644 484 1761 545 nostra·

967 575 1139 650 proposuit
1161 575 1339 652 praesentia
1357 578 1565 651 constitutus,
1582 579 1757 657 quodcum

112 496 220 558 usque
242 481 283 542 ad
312 480 422 542 tinem.
455 480 639 542 Postremo
674 479 815 540 additur
842 481 911 539 De·

110 582 253 641 cretati:

153 656 372 738 Fraternitati
395 675 460 736 tuae
487 690 546 751 per
568 672 757 751 apostolica
786 672 909 749 scripta
965 670 1097 747 quidam
1113 672 1293 743 maleficae,
1312 690 1384 750 quae
1400 677 1528 750 segetes
1544 677 1577 738 et
1587 677 1702 738 vineas
1717 693 1757 739 ac

114 774 326 850 praeoipimus
362 772 569 840 mandantes,
606 773 770 848 quatenus
804 786 911 847 praes·
965 767 1031 828 alia
1045 768 1131 829 bona
1147 770 1341 831 monasterii
1355 772 1407 830 sui
1422 772 1520 833 annis
1535 772 1684 850 pluribus
1699 774 1759 837 de·

111 872 255 947 criptam
278 870 476 931 sententiam
500 884 559 945 per
579 868 757 938 civitatem,
774 868 807 928 et
821 867 908 928 dioe-
964 868 1164 938 vastaverat,
1181 880 1247 928 non
1260 870 1372 943 posset
1386 884 1446 944 per
1460 885 1635 931 censuram
1650 871 1758 933 eccle-

111 969 315 1029 cesimtuam
331 967 578 1036 solemniter,et
592 965 783 1042 frequenter
796 964 908 1041 publi·
965 962 1135 1024 siastioam
1151 979 1169 1024 a
1185 979 1245 1024 sua
1262 965 1436 1041 iniquitate
1454 967 1628 1043 compesci,
1650 967 1757 1029 dictus

113 1067 185 1127 cari
226 1064 341 1137 inciae,
378 1067 411 1126 et
447 1062 686 1125 inviolabiliter
725 1062 906 1123 observari.
964 1058 1066 1120 abbas
1083 1059 1124 1121 de
1139 1060 1277 1124 fratrum
1296 1077 1430 1122 sucrum
1446 1063 1585 1125 consilio
1600 1064 1758 1142 praeoepit

112 1164 233 1224 Datum
248 1162 417 1233 Laterani,
433 1163 462 1222 11
475 1176 582 1222 nonas
591 1159 753 1237 januarii,
770 1159 907 1236 pontili-
964 1157 1096 1218 cuidam
1118 1157 1215 1229 laico,
1231 1159 1437 1235 procuratori
1461 1162 1655 1222 monasterii
1681 1177 1755 1223 me-

106 1263 209 1323 ·catus
225 1259 332 1321 nostri
347 1274 434 1320 anno
450 1258 545 1336 quint
567 1302 576 1318 .

416 1428 609 1514 CLXXIII

106 1565 163 1623 Ad
186 1562 524 1636 archipresbyterum
545 1562 578 1622 et
601 1561 790 1633 capitutum
802 1561 908 1634 plebis

242 1661 385 1730 Olubroe,
399 1659 591 1720 Placentia.
607 1660 773 1719 dioecesis.

384 1772 401 1829 o
413 1771 538 1844 ianuarii
553 1772 631 1829 lan.

257 1877 366 1942 [Campi
375 1877 437 1927 llist.
450 1878 476 1927 di
486 1878 616 1934 Piscense,
626 1878 658 1933 ll,
674 1891 700 1926 n.
714 1875 765 1941 71]

99 1975 268 2036 Confirmat
287 1983 423 2033 statutum
444 1991 500 2048 quo
518 1990 655 2032 numerus
677 1975 804 2046 quinque
823 1988 908 2031 cano-

149 2065 289 2131 nicorum,
313 2071 477 2136 computato
497 2062 754 2136 archipresbytero,
769 2063 800 2118 ln
815 2063 907 2119 ecclc-

149 2153 192 2210 sia
206 2151 295 2224 plebis
310 2152 421 2211 Olubrae
439 2153 591 2211 stabilitur.

150 2262 321 2322 Honorius
329 2262 516 2338 episcopus,
530 2277 646 2322 servus
658 2277 829 2322 servorum
837 2260 907 2331 Dei,

108 2358 242 2419 dilectis
265 2359 353 2431 filiis,
380 2359 679 2435 archipresbytero,
708 2361 740 2419 et
765 2358 909 2434 capitulo

107 2455 368 2532 -plebisOluhrae,
382 2457 584 2517 Placentinae
596 2455 760 2526 dioecesis,
769 2456 908 2517 salutem

110 2555 146 2615 et
160 2553 378 2630 apostolicam
393 2553 668 2615 benedictionem.

152 2649 377 2711 Ecclesiarum
393 2650 528 2712 utilitati
544 2650 740 2721 consulitur,
757 2665 830 2710 oum
847 2665 910 2710 nu-

106 2761 228 2807 merus
252 2762 468 2823 personarum
493 2746 710 2808 servientium
726 2746 760 2806 in
784 2745 908 2806 eisdem

109 2860 228 2905 earum
247 2844 457 2906 facultatibus
473 2844 609 2921 provide
622 2845 804 2920 coaptatur.
824 2843 909 2903 Hinc

106 2944 175 3009 est,
198 2941 283 3018 quod
299 2941 419 3003 vestris
441 2941 594 3018 precibus
615 2940 776 3011 inclinati,
792 2956 910 3000 nume-

109 3054 187 3099 rum
201 3039 346 3116 quinque
359 3039 608 3109 canonicorum,
619 3037 908 3114 archipresbytero

107 3138 316 3211 computato,
347 3136 505 3197 statutum
541 3136 575 3195 in
606 3135 748 3196 ecclesia
780 3137 907 3204 vestra,

107 3233 180 3294 'eta
200 3233 386 3293 dioecesano
408 3233 565 3309 episcopo
580 3231 810 3293 confirmatum
824 3231 911 3293 sicut

112 3330 254 3406 provide
269 3330 466 3391 constitutus
478 3331 537 3399 est,
555 3330 754 3391 auctoritate
764 3330 909 3406 Aposto-

112 3426 181 3488 lica
202 3426 446 3499 confirmamus,
464 3428 496 3488 et
512 3427 686 3503 praesentis
708 3427 823 3502 scripti
846 3443 909 3504 pa-

113 3524 257 3585 trocinio
286 3525 527 3585 conmunimus.
546 3524 756 3592 Inhibentes,
779 3525 917 3602 nequis

114 3621 908 3699 admajoremnumerumvoscompellatinvitos,

114 3719 181 3779 nisi
193 3718 396 3780 lorsanadeo
407 3719 910 3795 excrescerentipsiusecclesiae

115 3815 303 3887 tacultates,
318 3816 403 3892 quod
420 3830 578 3875 numerus
591 3830 809 3890 personarum
823 3819 910 3876 esset

114 3913 236 3975 merito
248 3912 471 3989 ampliandus,
487 3913 580 3975 salvo
590 3912 625 3972 in
640 3912 792 3973 omnibus
805 3916 911 3989 Apos-

113 4011 224 4073 tolicae
254 4011 347 4074 Sedis
378 4010 544 4072 mandato.
587 4011 705 4071 batum
741 4010 909 4082 Laterani,

115 4110 234 4169 octavo
272 4108 347 4168 idus
372 4107 531 4186 januarii,
569 4108 778 4183 pontificatus
804 4108 911 4170 nostri

115 4205 347 4284 annoquinto.

421 4319 609 4406 CLXXIV

237 4455 289 4513 Ad
311 4453 509 4525 apocopum
530 4454 790 4515 beneorderam.

394 4562 545 4635 ajanuarii
561 4564 640 4621 tabl.

151 4672 271 4736 [aegest.
283 4670 367 4730 llbv,
378 4669 453 4734 epist.
464 4669 518 4719 323.
533 4670 589 4719 llss.
604 4671 640 4721 La
651 4671 727 4722 Porta
740 4672 775 4723 du
787 4673 880 4738 Thali]

115 4772 172 4827 Dat
191 4769 218 4825 ei
237 4767 414 4842 provinciam
435 4767 470 4824 ad
490 4769 695 4825 monasterium
714 4771 913 4828 Gemelloense

155 4856 322 4924 accedendi,
341 4855 377 4911 ad
397 4857 545 4928 negotium
559 4855 595 4914 de
612 4856 735 4928 quodam
751 4858 845 4916 duello
861 4852 919 4917 ad?

153 4960 255 5003 versus
276 4942 437 5002 malellcum
456 4944 620 5016 quemdam,
637 4945 673 5003 ab
689 4946 791 5004 abbate
806 4956 834 5005 et
849 4963 910 5007 mo·

154 5034 257 5092 nacbis
275 5032 415 5117 ordinato,
431 5033 676 5106 cognoscendum,
691 5042 720 5092 et
735 5036 811 5110 quod
830 5052 913 5095 cano

155 5123 252 5180 uicum
266 5120 351 5179 luerit
362 5121 576 5195 pronuntiandi,

159 5229 339 5300 Honorius,
360 5232 435 5302 eto„
458 5229 642 5291 venerabili
665 5231 796 5294 tratri...
818 5235 911 5312 epis-

118 5344 203 5405 copo
217 5328 408 5400 Louerion„
426 5328 576 5400 salutem,
589 5330 651 5390 etc.

964 1254 1095 1326 morati,
1122 1257 1158 1317 ut
1185 1255 1307 1317 dictum
1336 1255 1522 1317 maleficum
1551 1257 1674 1320 laceret
1697 1274 1780 1335 perr

964 1351 1159 1413 saecularem
1173 1353 1352 1429 potentiam
1365 1355 1524 1415 coerceri.
1533 1356 1677 1433 Cumque
1692 1355 1757 1418 dic·

962 1449 1016 1509 tus
1031 1452 1228 1526 procurator
1242 1450 1283 1511 ad
1305 1450 1449 1512 duellum
1472 1467 1546 1513 cum
1565 1452 1637 1529 ipso
1651 1453 1757 1514 male·

964 1546 1026 1607 tlco
1051 1546 1239 1608 laciendum
1268 1564 1304 1609 se
1333 1564 1444 1610 coram
1470 1549 1624 1611 saeculari
1642 1549 1756 1626 judice

964 1643 1159 1720 obligasset,
1180 1645 1257 1723 quia
1281 1646 1441 1708 desistere
1460 1647 1501 1708 ab
1524 1647 1667 1724 incoepto
1688 1664 1754 1709 non

964 1742 1093 1818 poterat
1107 1742 1180 1803 sine
1194 1743 1342 1818 periculo
1364 1744 1510 1823 capitali,
1528 1743 1634 1806 dictus
1654 1744 1756 1807 abbas

963 1838 995 1899 ei
1016 1854 1179 1915 expensas
1203 1841 1336 1915 negotio
1357 1842 1566 1903 necessarias
1584 1843 1757 1904 ministra·

963 1935 1021 1995 vit.
1040 1934 1132 1996 Unde
1151 1953 1224 1997 cum
1244 1937 1413 1999 maleficus
1428 1939 1500 2016 ipse
1514 1939 1621 2000 rictus
1636 1940 1756 2018 inipso

964 2032 1086 2104 duello,
1102 2037 1135 2094 et
1156 2033 1328 2095 confessus
1350 2035 1493 2113 denique
1512 2037 1642 2113 culpam
1662 2053 1756 2099 suam

964 2130 1142 2206 suspendio
1157 2129 1258 2192 tuerit
1280 2132 1528 2206 condemnatus,
1547 2133 1634 2194 idem
1654 2133 1756 2196 abbas

962 2226 1084 2287 timens
1110 2241 1157 2299 se,
1183 2243 1222 2288 ac
1246 2227 1366 2290 tratres
1397 2246 1475 2291 suos
1504 2231 1636 2292 consilii
1658 2232 1756 2294 istius

963 2323 1042 2386 tacti
1071 2339 1184 2394 causa,
1210 2324 1468 2402 irregularitatis
1490 2326 1609 2389 vitium
1638 2328 1755 2390 incur-

964 2420 1059 2491 risse,
1074 2422 1273 2499 supplicavit
1287 2424 1324 2484 ut
1336 2439 1436 2500 snper
1450 2424 1512 2486 boc
1525 2427 1664 2501 paterna
1679 2442 1757 2502 pro-

962 2517 1077 2578 videre
1093 2517 1317 2581 sollicitudine
1332 2519 1557 2596 dignaremur.
1572 2524 1640 2583 Nos
1654 2523 1758 2599 igitur

963 2614 1112 2676 volentes
1125 2616 1212 2676 viam
1224 2617 1349 2692 eligere
1362 2618 1527 2689 tutiorem,
1538 2619 1587 2681 sic
1601 2620 1757 2682 duximus

964 2711 1213 2788 providendum,
1239 2718 1274 2776 ut
1299 2714 1454 2778 videlicet
1481 2715 1582 2777 abbas
1610 2718 1695 2794 ipse,
1724 2722 1758 2780 et

964 2809 1085 2871 tratres
1103 2812 1175 2887 ejus
1195 2810 1391 2890 presbyteri,
1415 2812 1546 2875 diaconi
1563 2816 1597 2877 et
1616 2815 1756 2877 subdia-

964 2906 1051 2979 coni,
1069 2909 1124 2983 qui
1140 2909 1362 2970 eiconsilium
1378 2912 1411 2971 et
1428 2912 1591 2972 auxilium
1607 2912 1641 2972 in
1665 2929 1756 2990 prae-

964 3003 1052 3065 dicto
1082 3005 1215 3079 negotio
1254 3006 1539 3082 impenderunt,a
1571 3010 1757 3072 ministerio

964 3100 1081 3162 altaris
1102 3099 1290 3163 abstineant
1311 3104 1379 3165 toto
1403 3106 1551 3183 tempore
1573 3106 1651 3168 vitae
1674 3123 1755 3181 suae,

965 3197 1033 3258 nisi
1053 3197 1137 3260 torte
1157 3198 1348 3275 Apostolica
1368 3200 1469 3262 Sedes
1496 3217 1653 3278 processu
1672 3205 1758 3266 tem-

966 3296 1055 3372 poris
1071 3295 1206 3358 duceret
1218 3297 1469 3373 providendum,
1478 3315 1544 3360 nec
1560 3300 1609 3361 illi
1624 3301 1757 3363 ordines

965 3407 1079 3453 sacros
1094 3393 1288 3469 suscipiant,
1305 3394 1412 3471 quiin
1431 3395 1614 3457 minoribus
1630 3399 1759 3460 consis-

964 3491 1072 3552 tentes
1087 3489 1258 3551 ordinibus
1272 3506 1367 3567 opem
1382 3492 1434 3553 vel
1448 3509 1580 3570 operam
1594 3495 1760 3573 impende·

964 3588 1043 3648 runt
1062 3587 1195 3663 negotio
1214 3591 1407 3652 memorato.
1423 3589 1580 3653 abbatem
1597 3594 1757 3655 tamenin

965 3684 1158 3746 monasterii
1174 3686 1347 3748 memorati
1366 3689 1528 3763 regimine
1543 3695 1701 3767 quantum
1716 3692 1759 3753 ad

964 3781 1224 3856 temporaneae
1240 3783 1414 3858 praedictos
1425 3784 1545 3847 tratres
1560 3790 1631 3864 ejus
1642 3789 1676 3848 in
1687 3804 1760 3849 mo-

965 3878 1113 3939 nasterio
1135 3879 1208 3955 ipso
1227 3879 1383 3941 duximus
1408 3882 1610 3954 tolerandos,
1634 3901 1757 3947 conce-

965 3974 1080 4036 dentes
1094 3976 1130 4036 ut
1143 3974 1276 4036 diaconi
1291 3977 1325 4038 et
1338 3977 1544 4052 subdiaconi,
1564 3984 1638 4057 post
1651 3983 1760 4059 poeni-

965 4073 1102 4133 tentiam
1119 4074 1209 4134 certo
1229 4074 1388 4150 temporis
1409 4077 1606 4152 spatiorum
1623 4074 1761 4140 humili·

966 4170 1033 4229 tate
1047 4170 1226 4245 peractam,
1238 4171 1397 4245 quantum
1413 4172 1454 4233 ad
1469 4174 1643 4237 lectionem
1656 4192 1760 4238 evan-

966 4265 1058 4342 gelii,
1073 4268 1105 4327 et
1122 4267 1270 4343 epistolae
1283 4283 1344 4329 sua
1358 4269 1469 4332 olflcia
1484 4276 1708 4350 exsequantur
1718 4276 1759 4337 ab

967 4364 1083 4424 altaris
1098 4364 1294 4437 ministerio,
1306 4367 1343 4428 ut
1353 4368 1580 4444 praediximus,
1600 4374 1759 4449 perpetuo

967 4461 1140 4523 cessaturi.
1149 4461 1291 4540 Ideoque
1301 4463 1501 4529 fraternitati
1515 4469 1580 4530 tuae
1594 4475 1761 4547 parapos-

966 4558 1067 4619 tolica
1086 4559 1211 4636 scripta
1232 4561 1438 4634 mandamus,
1459 4569 1621 4642 quatenus
1640 4584 1759 4645 perso-

967 4655 1089 4717 naliter
1104 4656 1145 4716 ad
1155 4656 1264 4718 locum
1279 4659 1387 4735 ipsum
1398 4662 1559 4724 accedens
1572 4664 1660 4725 circa
1670 4665 1758 4738 illos,

967 4768 1049 4829 quos
1078 4753 1113 4813 in
1144 4753 1231 4816 dicto
1260 4754 1346 4817 lacto
1376 4757 1546 4820 inveneris
1578 4762 1760 4838 culpabiles

967 4849 1129 4920 satiasse,
1139 4851 1601 4929 praedictalaoiasobservari,
1612 4859 1760 4937 injuncta

968 4947 1184 5008 nihilominus
1212 4947 1295 5024 ipsis
1329 4950 1524 5026 poenitentia
1563 4942 1786 5032 competenti‘

969 5044 1098 5120 agenda
1112 5060 1152 5106 eo
1166 5046 1324 5122 temporis
1338 5048 1456 5123 spatia,
1468 5051 1554 5126 quod
1566 5054 1614 5115 ais
1624 5054 1760 5117 duxeris

968 5141 1189 5202 statuendum.

1008 5240 1128 5299 Datum
1148 5216 1315 5312 Laterani,
1330 5244 1390 5303 vll
1404 5242 1479 5305 idus
1497 5248 1657 5322 januarii,
1672 5263 1760 5311 anno

969 5336 1096 5412 quinte.
