3774 6186
54 348 115 411 ete

54 506 175 568 uestrae
202 501 462 580 parapostolica
486 501 610 576 scripta
640 498 849 567 mandamus,

54 605 220 682 quatenus
235 601 301 678 ipsi
314 599 418 662 electo
433 600 590 675 tanquam
607 597 732 674 pastori
740 599 852 657 vestro

53 700 248 769 intendatis,
265 699 298 759 et
309 697 471 760 obediatis
487 695 658 755 humiliter
673 697 706 754 et
720 693 850 755 devote.

53 803 175 862 Datum
190 796 400 866 viterbium
416 810 520 854 nonas
533 792 728 864 decembris,
746 791 854 868 ponti·

51 898 173 959 ficatus
188 894 294 956 nostri
309 908 397 957 anno
412 892 543 970 quinto.

373 1071 536 1157 LXXIII

48 1214 106 1273 Ad
120 1209 421 1275 Barlltolomreum,
443 1207 610 1265 decertum
630 1204 852 1264 casselensis

375 1305 533 1364 cortesius.

340 1425 374 1482 ll)
385 1423 477 1482 octob.
496 1424 574 1482 frio.

93 1535 234 1601 [bouquet.
244 1533 303 1583 lice.
314 1529 359 1581 des
371 1531 475 1588 Hister..
488 1537 507 1581 t.
519 1531 587 1588 XIX,
595 1545 621 1595 p.
634 1529 694 1588 ilc,
710 1530 820 1592 aegest..

325 1610 370 1661 lib.
383 1610 411 1668 V,
429 1609 503 1674 epist.
516 1608 582 1674 lle]

39 1716 123 1774 Cum
132 1711 268 1780 blancha,
284 1709 448 1783 campeniae
462 1709 619 1778 comitisse,
631 1709 851 1777 intercessisset,

86 1802 241 1876 quominus
254 1799 351 1858 stetim
372 1798 588 1855 absolverentur
603 1797 638 1854 ab
651 1795 849 1855 excommuni-

86 1892 210 1949 cationis
220 1888 334 1945 vinculo
345 1885 469 1944 Ererdus
481 1885 517 1943 de
531 1888 641 1943 Brenue
653 1894 680 1942 et
693 1886 756 1958 ejus
768 1901 850 1956 uxor,

88 1979 240 2037 instantius
257 1991 324 2035 vero
340 1976 425 2033 iidem
447 1982 575 2048 peterent
590 1975 777 2033 absolutionis
798 1974 849 2032 be·

88 2067 233 2135 aeficium,
258 2067 400 2124 Honorius
424 2066 461 2121 ite
482 2063 653 2122 dissidentes
675 2065 850 2131 conciliavit,

86 2166 118 2216 ul
143 2155 277 2223 Eremos,
302 2161 452 2227 postquam
483 2153 683 2221 satisfecisset,
712 2162 851 2224 quantum

88 2253 195 2321 posset,
204 2245 241 2302 de
255 2243 369 2300 demnis
380 2242 534 2300 comitissae
543 2243 640 2310 illatis,
652 2250 681 2298 et
695 2241 731 2298 de
745 2250 851 2300 cetero

87 2336 249 2394 ceuuouem
264 2331 390 2390 dedisset
408 2331 587 2403 juratoriam,
603 2329 772 2391 liberaretur
783 2346 850 2389 cum

89 2426 148 2483 suis
162 2422 198 2481 ab
211 2422 518 2480 excommunicatione.

94 2542 260 2604 Honorius
288 2540 514 2617 episcopus...
535 2538 665 2600 dilectis
697 2539 775 2599 filiis
798 2542 847 2611 B„

55 2644 180 2704 decano
201 2637 409 2708 carnotensi,
431 2640 464 2698 et
479 2637 637 2711 magistro
652 2637 793 2698 cirardo
809 2637 850 2697 de

55 2738 203 2802 Pictavia
231 2735 412 2805 canonico,
441 2735 473 2794 et
492 2734 632 2795 liedulfo
658 2734 851 2812 presbptero

55 2838 150 2898 matri
183 2835 311 2895 militiae
341 2831 467 2908 Templi
499 2832 718 2903 Parisiensis,
752 2834 849 2893 salu·

54 2935 207 3006 temeto.

94 3030 205 3094 Nobili
216 3030 287 3091 viro
303 3028 428 3088 Erardo
439 3027 479 3089 de
491 3029 623 3087 Brenna
637 3030 670 3090 et
682 3028 847 3105 Philippa,

59 3145 160 3192 uxore
182 3128 287 3205 ipsius
303 3127 381 3187 olim
401 3124 497 3186 nobis
520 3139 579 3202 per
599 3128 848 3201 procuratorem

57 3245 149 3292 suum
175 3225 347 3287 humiliter
372 3222 647 3300 supplicantibus,
676 3226 723 3294 ul,
753 3240 846 3295 curu,

685 337 913 399 EPISTOLAE.
938 337 1015 396 LIB.
1039 337 1077 394 V.

1645 333 1703 391 550

908 493 1058 572 partibus
1077 491 1209 554 habitas
1233 508 1345 554 coram
1361 492 1410 553 eis
1425 492 1614 554 interlocuti
1630 489 1706 552 fue-

908 596 995 662 runt,
1014 591 1112 668 quod,
1128 590 1156 651 si
1168 590 1321 667 jamdicti
1338 591 1482 651 crardus
1497 593 1529 651 et
1553 588 1705 666 Philippa

908 689 947 750 de
958 687 1104 766 parendo
1121 687 1285 748 mandetis
1301 687 1451 749 ecclesiae
1472 703 1572 764 super
1587 688 1706 749 contu-

909 786 1015 847 macia
1030 786 1227 863 praestarent
1237 786 1436 860 juratoriam
1450 787 1649 853 cautionem,
1663 801 1704 846 ac

908 883 1141 945 satisfacerent
1154 883 1335 944 secundum
1347 882 1600 959 possibilitatem
1611 899 1705 943 suam

907 982 947 1042 de
962 982 1093 1043 damnis
1104 981 1167 1057 ipsi
1181 980 1360 1042 comitissae
1376 983 1407 1041 et
1420 981 1490 1041 tilio
1501 984 1573 1057 ejus
1587 980 1703 1051 illatis,

906 1081 985 1141 tunc
997 1079 1128 1140 dentum
1143 1079 1375 1154 impenderent
1386 1078 1584 1140 beneficium
1599 1079 1703 1141 abso-

907 1176 1043 1237 lutionis
1056 1177 1181 1238 eisdem
1197 1175 1257 1254 (3).

945 1275 1060 1349 Nuper
1071 1276 1194 1345 autem,
1211 1290 1286 1335 cum
1310 1277 1542 1350 procuratores
1557 1275 1702 1350 partium

907 1371 942 1430 in
967 1373 1082 1432 nostra
1112 1372 1289 1448 praesentia
1314 1372 1484 1433 constituti
1504 1372 1561 1433 diu
1589 1388 1701 1435 coram

907 1468 1026 1531 dilecto
1038 1469 1106 1530 filio
1125 1473 1239 1530 nostro
1260 1469 1387 1543 ligidio,
1404 1472 1602 1531 Sanctorum
1623 1472 1704 1531 Cos·

908 1582 969 1626 mm
981 1568 1015 1626 et
1028 1566 1180 1628 Damieni
1192 1566 1333 1627 diacono
1349 1567 1530 1637 cardinale,
1541 1568 1591 1628 eis
1606 1566 1705 1628 eudi-

906 1665 978 1724 tore
989 1679 1159 1734 concesse,
1177 1679 1279 1740 super
1300 1664 1438 1740 praefata
1450 1664 1704 1727 interlocutoria

908 1761 1104 1836 litigassent,
1130 1778 1191 1822 nos
1216 1761 1300 1823 actis
1326 1777 1439 1823 coram
1464 1777 1516 1833 eo,
1545 1765 1579 1823 et
1602 1764 1704 1824 etiarn

906 1859 989 1919 actis
1000 1874 1112 1919 coram
1126 1857 1273 1934 praeiatis
1289 1858 1557 1937 abbatibusque
1570 1861 1702 1936 signata

907 1956 1027 2031 sigillis
1051 1971 1167 2017 eorum
1195 1971 1350 2017 unacum
1370 1957 1518 2033 ipsorum
1540 1958 1703 2021 relatione

906 2052 1029 2114 fuerint
1055 2053 1162 2114 eidem
1187 2054 1338 2114 exhibita
1364 2054 1540 2126 cardinali,
1569 2058 1602 2118 el
1627 2072 1701 2134 quae

906 2150 966 2211 snb
981 2151 1072 2213 bulla
1095 2153 1208 2213 nostra
1230 2152 1323 2213 vobis
1339 2153 1544 2215 destinamus
1560 2154 1701 2225 incluse,

905 2249 1097 2325 diligentius
1125 2250 1314 2321 intellectis,
1344 2251 1392 2312 sic
1416 2252 1573 2312 duximus
1591 2253 1704 2329 provi·

905 2347 1060 2418 dendum,
1085 2350 1120 2410 ut
1143 2349 1297 2410 rideIIcet
1323 2348 1480 2424 praelatus
1500 2351 1647 2411 Emodus
1668 2353 1702 2413 et

906 2462 991 2507 uxor
1009 2449 1082 2523 ejus
1106 2448 1265 2523 praestent
1284 2448 1484 2524 juratorIam
1511 2450 1700 2510 cautionem

905 2543 946 2604 de
973 2543 1093 2605 stando
1121 2545 1191 2621 juri
1217 2561 1318 2620 super
1346 2546 1699 2607 excommunicationis

905 2641 1069 2702 sententia
1094 2641 1162 2702 lata
1177 2641 1218 2702 ob
1236 2643 1478 2704 contumaciam
1493 2643 1528 2703 in
1543 2644 1697 2715 eosdem;

905 2754 1005 2815 super
1022 2753 1062 2799 ea
1080 2755 1170 2810 vero,
1185 2754 1259 2816 quae
1274 2739 1343 2801 late
1362 2740 1425 2802 fuit
1436 2757 1495 2817 pro
1511 2741 1702 2804 turbatione

904 2838 1003 2897 terrae
1022 2853 1060 2896 ac
1086 2837 1216 2898 damnis
1242 2840 1356 2899 contra
1377 2839 1527 2899 ecclesiae
1552 2839 1702 2915 probibi-

905 2934 1028 2994 tionem
1044 2933 1158 3005 illatis,
1177 2934 1321 2995 Ererdns
1333 2937 1424 3011 iuret
1438 2939 1526 2997 stare
1539 2937 1702 3000 mandetis

904 3031 1067 3100 ecclesiae,
1086 3034 1120 3092 et
1134 3031 1222 3092 bona
1237 3048 1310 3108 quae
1326 3032 1360 3092 in
1377 3033 1630 3108 ptraesenliarum
1645 3034 1703 3096 be·

903 3128 968 3199 bei,
983 3128 1107 3204 obliget
1121 3129 1288 3201 universa,
1305 3132 1444 3205 excepto
1461 3133 1538 3207 jure
1562 3132 1648 3208 quod
1664 3133 1698 3194 in

904 3226 1063 3287 comitatu
1089 3226 1211 3288 asserit
1233 3242 1269 3287 se
1291 3226 1433 3297 babere,
1464 3244 1503 3289 ac
1527 3229 1582 3289 det
1609 3229 1700 3291 mille

57 3325 228 3389 occasione
244 3323 479 3385 controversiae
497 3336 570 3398 quae
583 3321 671 3382 inter
687 3322 789 3397 ipsos,
807 3338 848 3382 ex
905 3339 1091 3385 marcarum
1101 3323 1342 3401 fidejussoriam
1352 3325 1551 3387 cautionem.
1564 3326 1611 3391 dd
1625 3327 1698 3389 baeo

58 3441 119 3486 une
130 3426 234 3501 perte,
244 3424 277 3483 et
286 3420 429 3482 nobilem
441 3420 613 3480 mulierem
622 3422 658 3480 B.
668 3419 726 3498 (1),
744 3420 850 3480 corni·
904 3421 1045 3497 pecunie
1058 3421 1121 3498 ipsi
1135 3421 1261 3482 cremo
1271 3426 1303 3483 et
1318 3422 1514 3499 Philippeos
1529 3424 1698 3487 comitisse

56 3523 169 3585 tissem
184 3519 384 3596 campanies,
402 3522 435 3580 et
452 3520 488 3578 Τ.
504 3517 553 3596 (2)
570 3519 684 3578 natum
705 3521 788 3595 ejus,
806 3533 848 3580 ex
904 3522 938 3580 et
962 3519 1031 3580 filio
1058 3523 1129 3596 ejus
1155 3521 1277 3580 extunc
1305 3522 1496 3596 treugarum
1520 3521 1697 3584 occasione

57 3621 170 3692 altera,
189 3619 341 3684 vertitur,
369 3619 435 3678 mm
459 3615 524 3694 ipsi
551 3631 650 3693 quam
678 3615 849 3692 adjutores
903 3616 1075 3687 soluenda,
1101 3616 1291 3693 specialiter
1311 3617 1487 3693 obligetur,
1511 3619 1545 3680 et
1560 3635 1619 3696 per
1637 3636 1696 3683 vos

57 3733 167 3780 eorum
181 3715 357 3792 multiplici
372 3716 484 3775 essent
504 3713 847 3776 excommunicatione
903 3716 1045 3790 ponatur
1078 3715 1164 3791 apud
1210 3717 1447 3777 monasterium
1491 3717 1696 3779 claraeuallis

57 3815 156 3894 ligati,
169 3817 207 3876 -et
221 3816 310 3874 terra
330 3829 445 3874 eorum
468 3811 638 3888 supposita
657 3810 844 3883 interdicto,
902 3812 1132 3874 cistercIensis
1146 3813 1273 3874 ordinis
1285 3814 1321 3874 in
1342 3816 1523 3890 sequestro,
1538 3815 1584 3877 ila
1597 3815 1696 3891 qttod,

57 3913 177 3991 treugis
197 3916 278 3974 tnnc
303 3911 395 3973 initis
411 3910 499 3971 inter
520 3911 640 3986 partes,
662 3908 847 3971 faceremus
901 3911 930 3970 si
954 3910 1136 3986 jamdictus
1164 3911 1310 3972 lirardus
1339 3926 1398 3972 seu
1424 3915 1497 3988 ejus
1523 3928 1608 3974 uxor
1632 3913 1698 3974 ali-

58 4012 232 4076 sententias
254 4011 343 4088 ipsas
352 4007 603 4087 juxtaformam
619 4007 775 4070 Ecclesia
791 4024 847 4069 re-
901 4008 979 4085 quid
1014 4024 1057 4070 ex
1082 4023 1122 4070 ea
1147 4008 1292 4071 voluerit
1319 4024 1378 4086 pro
1407 4025 1467 4070 sua
1497 4010 1695 4073 necessitate

57 4109 179 4183 laxari3
194 4110 407 4186 procuratore
421 4121 501 4168 vero
512 4106 689 4169 comitissae
705 4105 847 4183 preadic-
900 4107 1062 4183 recipere,
1078 4106 1158 4169 illud
1181 4123 1240 4183 per
1262 4122 1379 4168 manus
1401 4109 1529 4169 remeas
1541 4108 1694 4184 recipiat,

57 4212 106 4282 te,
134 4206 280 4271 relaxari
309 4205 498 4283 hujusmodi
525 4204 722 4276 sententies,
746 4206 844 4283 juxte
900 4205 1086 4280 saepedictae
1101 4206 1279 4268 comitissae
1294 4221 1334 4268 ec
1354 4205 1423 4267 filio
1442 4208 1514 4283 ejus
1529 4206 1638 4268 dando
1651 4205 1694 4267 n-

57 4307 189 4368 formam
213 4305 248 4365 in
269 4304 395 4381 treugis
414 4318 612 4380 expressam
627 4304 660 4364 et
673 4303 708 4362 in
724 4303 844 4365 litteris
899 4303 1087 4380 dejussores
1104 4304 1306 4366 sufficientes
1321 4306 1354 4367 et
1368 4303 1505 4367 idoneos
1514 4321 1574 4381 pro
1589 4320 1697 4383 quen-

57 4405 187 4468 alterius
220 4402 324 4480 partis
357 4402 557 4471 contentam,
583 4416 658 4463 cum
685 4400 844 4464 instantia
898 4401 992 4463 litate
1004 4403 1146 4478 recepta.
1165 4403 1224 4464 His
1234 4403 1345 4465 autem
1361 4401 1570 4464 cautionibus
1583 4418 1693 4479 praes·

57 4502 248 4579 postulante,
261 4499 482 4571 itavidelicet,
498 4501 527 4560 si
537 4498 739 4571 videremus,
756 4500 843 4577 quod
899 4499 980 4570 titis,
995 4499 1066 4576 ipse
1084 4500 1227 4562 uramus
1248 4504 1282 4564 et
1297 4517 1383 4563 uxor
1404 4503 1476 4578 ejus
1495 4501 1537 4563 ab
1557 4516 1694 4563 excom·

56 4600 156 4663 eidem
170 4598 348 4662 comitissa
365 4613 407 4659 ac
422 4596 490 4658 tilio
506 4601 577 4674 ejus
601 4597 633 4658 et
655 4600 755 4660 terrae
773 4615 843 4660 sues
899 4599 1132 4661 municetionis
1144 4599 1277 4662 vinculo
1288 4599 1513 4670 absolvantur,
1526 4600 1697 4662 etrelaxe·

56 4698 134 4759 nibil
152 4696 229 4759 inde
257 4695 391 4759 deberet
419 4695 531 4756 damni
558 4695 611 4756 vel
638 4696 843 4771 gravaminis
900 4696 1692 4766 turletainterrameorumsententmiuterdicti,
1765 4711 1772 4719 ’

57 4797 203 4871 euenire3
220 4810 281 4857 nos
292 4793 512 4865 attendentes,
524 4793 612 4871 qnod
629 4795 843 4857 redeuntibus
897 4795 1009 4857 acsub
1024 4796 1134 4859 debito
1150 4796 1331 4874 juramenti
1354 4796 1466 4858 statim
1482 4795 1696 4872 praecipiatur

57 4894 93 4956 ed
107 4894 279 4958 ecclesiam
293 4908 360 4954 non
375 4895 425 4955 est
441 4892 662 4954 claudendum
679 4894 841 4969 gremium
897 4894 1022 4957 eisdem
1036 4897 1081 4968 ut,
1097 4912 1199 4959 causa
1219 4895 1399 4974 principali
1411 4894 1565 4963 durante,
1576 4909 1695 4973 qnem-

58 4994 192 5070 pietatis,
209 4992 340 5054 dilectis
357 4991 437 5053 filiis
450 4991 661 5053 cisterciensi
676 4994 710 5055 el
729 4993 843 5054 ctare·
897 4992 954 5055 diu
973 4994 1140 5056 comItissa
1170 4995 1203 5056 et
1232 4993 1320 5055 lilius
1343 4995 1415 5070 ejus
1438 4992 1546 5070 parati
1570 4991 1695 5055 fuerint

57 5091 189 5153 cabensi
204 5091 237 5152 et
252 5088 485 5163 Quinciacensi
500 5089 731 5151 Cisteroiensis
746 5091 841 5153 ordi·
897 5094 985 5153 stare
996 5094 1077 5170 juri,
1094 5108 1250 5170 guerram
1265 5108 1325 5170 per
1337 5108 1373 5153 se
1388 5092 1421 5152 et
1445 5106 1505 5168 per
1526 5090 1611 5152 alios
1625 5106 1693 5152 non

57 5190 104 5250 nis
116 5187 298 5260 abbatibus,
323 5187 544 5264 Lingonensis
562 5190 596 5249 et
612 5188 840 5251 cabilonensis
896 5194 1051 5254 moveant
1072 5194 1188 5254 contra
1204 5207 1273 5261 eos,
1290 5192 1323 5253 et
1338 5191 1579 5267 consequenter
1596 5190 1695 5249 [irar-

56 5286 250 5359 dioecesium,
276 5286 427 5348 dedimus
444 5287 481 5346 in
497 5286 679 5358 mandatis,
696 5290 841 5365 utjuxta
896 5289 968 5360 dus,
983 5289 1164 5352 secundnm
1187 5289 1441 5368 possibilitatem
1457 5304 1562 5359 suam,
1582 5285 1691 5348 debila

56 5383 185 5447 formam
201 5384 356 5447 metesa
375 5383 569 5446 mlexerent
585 5385 768 5448 sententias
783 5403 842 5449 sn·
896 5388 1065 5451 amnone
1106 5389 1309 5468 premite,
1348 5385 1609 5451 satisfactionem
1651 5385 1692 5446 de

55 5483 224 5561 predictas,
240 5483 296 5562 qui
318 5484 391 5560 posi
410 5483 531 5544 multas
548 5482 840 5561 disceptationese
895 5484 1027 5549 damnis
1055 5486 1245 5551 manifestis
1284 5489 1399 5550 contra
1433 5483 1691 5563 prohibitionem

86 5614 305 5764 tetanus·

930 5619 970 5704 tl)
1002 5619 1138 5679 llldendts
1162 5621 1280 5680 lionorli
1310 5621 1409 5678 litteris
1430 5631 1528 5690 supra,
1545 5625 1616 5677 totu.
1637 5619 1689 5684 lll,

894 5699 976 5764 spiret.
992 5705 1050 5759 unt,
1067 5692 1121 5751 rol.
1136 5694 1200 5752 286.
