3774 6186
62 336 83 393 Γ)
688 341 918 403 EPISTOLAE.
943 345 1021 406 LIB.
1046 347 1101 408 111.
1700 359 1719 409 o

107 500 152 559 ln
178 500 338 561 33333333
360 500 500 563 landum
528 500 689 577 scriptum
714 503 765 565 est
779 502 869 580 epis-
922 507 1137 583 appellationi
1147 524 1215 569 suae
1227 508 1506 572 lestumOmnium
1522 512 1718 575 Sanctorum

64 611 164 672 copo,
180 594 306 657 decano
327 598 361 658 et
375 595 534 674 magistro
559 598 746 661 scholarum
761 604 868 663 Aure-
923 606 1101 666 terminum
1118 607 1326 683 praefigentes
1343 630 1350 667 :
1368 609 1424 669 sed
1446 609 1532 670 idem
1549 614 1585 671 G.
1603 612 1719 688 appel-

66 693 295 765 lianensibus,
320 695 432 757 verbis
461 694 687 772 competenter
712 700 866 772 mutatis,
924 701 1080 763 lationem
1110 720 1202 765 more
1228 721 1288 766 suo
1317 707 1440 788 temere
1463 708 1718 784 parvipendens,

68 807 177 865 33333
218 807 402 867 agnoscere
433 792 670 855 blandientem.
703 799 834 858 Deinde
858 819 869 861 z.
923 799 1091 863 interdicti
1107 802 1306 863 sententiam
1320 804 1527 878 postmodum
1536 806 1673 881 protulit
1684 808 1719 867 in

67 890 214 965 Ideoque
242 890 434 952 discretioni
463 892 582 952 vestrae
604 907 664 969 per
677 894 868 969 Apostolica
922 897 1093 959 eosdem...
1118 902 1157 961 Et
1180 900 1311 976 quidem
1327 901 1356 960 si
1371 901 1443 962 haeo
1461 902 1509 963 ita
1528 919 1564 963 se
1584 904 1717 972 hahent,

65 987 193 1063 scripta
208 988 416 1061 mandamus,
426 990 589 1066 quatenus
599 1005 641 1051 ex
654 994 866 1067 partenostra
923 997 1280 1074 quaesuntspecialiter
1290 999 1430 1059 Romani
1442 1000 1611 1061 Pontitlois
1621 1017 1720 1062 usur-

64 1084 309 1147 denunoiantes
331 1090 511 1150 memorato
536 1086 641 1148 nobili
665 1090 866 1166 supradicto,
922 1093 1044 1170 pando,
1060 1095 1247 1156 etaliorum
1258 1097 1436 1172 justitiam,
1453 1099 1544 1173 ipsos
1564 1099 1721 1175 multipli-

66 1182 179 1259 ipsnm
206 1182 248 1245 ad
271 1198 311 1244 33
326 1201 399 1261 quae
414 1185 635 1262 praemisimus
657 1189 868 1266 exsequenda
923 1191 1007 1252 citor
1036 1193 1238 1269 opprimens,
1258 1193 1464 1265 invadendo,
1494 1196 1619 1257 videris
1653 1213 1718 1258 non

67 1276 235 1365 moneatis
258 1279 383 1339 attente
417 1283 451 1341 et
485 1280 666 1341 efficaciter
689 1282 867 1356 inducatis,
924 1290 1100 1365 pastoralis
1130 1306 1243 1350 curam
1269 1291 1453 1367 regiminis,
1481 1292 1537 1353 sed
1564 1292 1719 1356 thronum

67 1373 305 1451 responsiones
319 1378 392 1453 ejus
407 1379 440 1439 et
454 1378 520 1439 alia
536 1377 599 1439 hoc
614 1381 781 1456 negotium
794 1394 871 1443 oon·
925 1385 1087 1463 superbiae
1098 1404 1137 1447 ac
1153 1388 1349 1463 pestilentiae
1361 1389 1551 1450 cathedram
1565 1407 1721 1454 conscen-

66 1471 233 1548 tingentia
259 1472 355 1533 nohis
371 1490 430 1551 per
444 1474 571 1537 litteras
585 1478 713 1539 vestras
728 1477 870 1540 fideliter
925 1484 1025 1544 disse.
1042 1486 1122 1544 Cum
1143 1484 1261 1560 igitur,
1277 1488 1543 1565 quantacumque
1557 1488 1719 1564 dignitate
1765 1542 1768 1549 .

68 1569 279 1647 rescripturi.
297 1573 416 1633 Datum
429 1574 466 1634 ut
480 1589 600 1648 333333.
925 1581 1136 1658 praefulgeas,
1151 1584 1183 1643 te
1207 1582 1302 1644 nobis
1321 1584 1408 1644 scias
1423 1600 1497 1646 esse
1523 1586 1718 1662 subjectum,

925 1680 981 1757 qui
997 1681 1126 1756 tempus
1151 1681 1340 1756 accepimus
1356 1682 1520 1758 Justitiam
1533 1683 1718 1758 judicandi,

444 1767 500 1853 IV
924 1778 958 1839 et
983 1779 1282 1855 quantumcumque
1311 1778 1371 1840 tihi
1406 1780 1537 1840 delerre
1564 1783 1717 1854 velimus,

152 1899 776 1975 Aammmmm·patriarcham·
925 1874 1135 1935 dissimulare
1168 1891 1235 1937 uon
1275 1892 1449 1953 possumus
1476 1892 1538 1938 neo
1563 1879 1720 1940 dehemus

268 2011 669 2088 (Sinenotachronologica.)
924 1972 1260 2034 taliafflnirafleffln·

97 2111 589 2177 1113333131,13331333331331331131,331
602 2130 661 2165 ann.
675 2117 743 2173 lale,
757 2117 770 2180 3
785 2116 837 2180 sa]
1305 2125 1340 2209 V

73 2218 869 2368 33333333333133313313331333131331333ἰεί
924 2269 976 2326 Ad
1005 2267 1169 2327 Othonem
1197 2270 1393 2341 episcopum
1426 2271 1718 2344 herbipolensem.

347 2326 411 2383 coep
425 2327 448 2366 ι3
479 2326 586 2368 csisa.

110 2418 204 2480 Sicut
218 2433 260 2479 cx
274 2418 438 2480 relatione
462 2420 640 2482 multorum
663 2420 867 2498 accepimus,
1208 2389 1352 2512 {iugum
1364 2390 1442 2514 ¹2¹²}-

69 2517 107 2576 tu
136 2531 240 2593 supra
265 2516 298 2578 te
326 2517 441 2578 volens
466 2517 647 2580 extendere
683 2518 755 2580 3133
780 2519 866 2591 1333,
1065 2502 1577 2570 [wirnitum.novasuhsmra,111,an

72 2613 241 2691 simplices
268 2614 408 2676 clericos
437 2615 470 2677 et
496 2631 569 2677 cum
605 2615 720 2694 cappis
756 2614 867 2676 mani·
924 2610 957 2666 ln
972 2623 1059 2665 causa
1080 2609 1270 2666 antecessoris
1290 2608 1418 2682 ejusdem
1434 2611 1521 2667 occist
1531 2618 1560 2667 et
1574 2611 1648 2683 quod
1664 2627 1720 2670 non

73 2711 157 2775 catis
167 2710 336 2773 interdum
361 2711 487 2789 legatos
512 2713 552 2774 de
580 2714 637 2775 tu0
662 2713 767 2774 latere
785 2711 870 2774 diri.
959 2703 1089 2796 tencatur
1110 2697 1138 2753 in
1158 2710 1280 2769 persona
1298 2712 1464 2770 comparere
1480 2699 1644 2757 1333331113
1658 2702 1717 2790 lla·

71 2810 123 2885 8ῑὸ
133 2825 211 2871 cum
223 2824 264 2873 ea
278 2810 482 2888 plenitudine
495 2810 679 2889 potestatis,
694 2828 758 2888 qua
768 2811 868 2887 legati
960 2793 1091 2859 iunium·
1724 2874 1727 2879 .

75 2907 171 2968 Sedis
195 2907 394 2985 Apostolicae
416 2907 616 2985 diriguntur.
638 2909 691 2969 llli
706 2909 795 2970 enim
811 2925 870 2987 per
964 2903 1151 2975 HonoriuS,
1180 2904 1260 2974 etc,
1287 2903 1471 2965 venerabili
1502 2904 1598 2968 fratri
1626 2906 1719 2983 epis-

72 3003 337 3081 patriarchatum
368 3005 429 3069 tihi
450 3007 662 3068 commissum
691 3022 868 3067 causarum
924 3016 1006 3077 copo
1028 2999 1272 3079 Herbipolensi,
1292 3001 1485 3065 salutemet
1505 3004 1720 3081 apostolicam

74 3101 291 3173 audientiam,
307 3119 380 3179 quae
391 3103 432 3164 ad
448 3103 491 3176 te,
508 3102 560 3164 vel
573 3102 614 3165 ad
632 3103 722 3180 ipsos
738 3119 797 3181 per
808 3120 871 3180 ap-
924 3097 1199 3159 benedictionem.
1770 3173 1772 3176 Α

70 3198 286 3276 pellationem
307 3200 442 3262 minime
460 3199 665 3273 deteruntur,
682 3200 745 3262 sibi
760 3201 871 3262 vindi·
965 3196 1044 3255 Cum
1057 3195 1081 3255 ii
1095 3194 1257 3271 quihonae
1273 3195 1440 3257 memoriae
1453 3197 1487 3256 C.
1505 3195 1722 3276 (1)Herbipo-

69 3313 148 3358 care
173 3298 390 3375 praesumunt,
423 3300 457 3358 et
493 3296 692 3361 inconsultis
723 3297 870 3376 praelatis
925 3291 1027 3353 lensis
1043 3291 1452 3375 episcopipraedecessoris
1462 3293 1522 3364 tui,
1532 3294 1591 3355 Dei
1602 3294 1721 3358 timore

69 3410 186 3456 eorum
201 3394 349 3456 subditos
365 3396 664 3469 excommunicant,
679 3411 871 3458 excommu-
926 3388 1530 3469 postposito,sanguinemelluderunt‚
1541 3392 1632 3452 tuum
1643 3409 1722 3472 quo-

70 3493 203 3555 3133133
214 3491 400 3563 absolvunt,
416 3493 612 3571 praeponunt
626 3494 799 3572 episcopos
808 3509 869 3555 ar·
925 3505 989 3565 que
1015 3488 1109 3549 311133
1147 3487 1343 3563 sanguinem
1379 3488 1626 3565 dignoscantur,
1659 3507 1721 3553 nos

70 3589 375 3668 chiepiscopissuis
385 3590 598 3667 metropolico
604 3590 868 3671 juresuhjectos3
925 3586 1014 3648 viam
1039 3584 1150 3662 impiis
1175 3601 1290 3646 eorum
1316 3585 1490 3648 desideriis
1518 3588 1722 3664 praecludere

70 3687 351 3766 appellatIonibus
368 3704 433 3748 non
445 3688 607 3760 deferunt,
619 3705 701 3767 quas
710 3689 872 3765 contingit
926 3684 1124 3759 satagentes,
1132 3683 1317 3761 praesertim
1327 3682 1386 3744 tibi
1397 3684 1594 3747 auctoritate
1607 3701 1722 3749 conce·
1787 3752 1811 3768 ,

70 3786 113 3847 ad
130 3784 249 3847 sedem
261 3785 483 3863 apostolicam
497 3786 676 3863 interponi,
693 3785 869 3864 31313331
926 3779 1280 3853 dimus,utvanerabili
1291 3779 1392 3842 tratre
1408 3782 1557 3844 nostro...
1570 3785 1719 3860 Magunt.

72 3883 111 3943 in
141 3881 312 3960 episcopos
346 3899 464 3944 manus
500 3882 656 3960 inJiciunt
688 3884 868 3955 violentas,
926 3878 1174 3956 archiepiscopo
1212 3878 1465 3955 metropolitano
1498 3881 1555 3941 tuo
1583 3881 1618 3942 in
1647 3881 1720 3944 loco

75 3978 293 4042 absolutionis
324 3979 520 4041 heneficium
543 3979 774 4057 impendendo,
796 3996 871 4042 cum
927 3977 1044 4037 merito
1063 3974 1123 4037 tibi
1152 3977 1304 4051 suspecto
1330 3976 1507 4037 concilium
1529 3994 1588 4038 seu
1612 3979 1720 4040 collo·

72 4076 157 4138 tales
180 4079 277 4156 juxta
310 4077 521 4154 privilegium
545 4079 653 4139 tutum
680 4078 721 4138 ad
748 4078 872 4139 Roma·
926 4073 1039 4150 quium
1058 4071 1256 4142 celebrante,
1272 4071 1308 4133 tu
1335 4071 1377 4132 ad
1399 4072 1506 4134 locum
1529 4074 1721 4153 hujusmodi

72 4190 151 4234 num
191 4173 257 4236 sint
291 4174 485 4236 Pontissoem
522 4172 728 4246 destinandi,
762 4175 872 4236 eccle-
927 4170 1147 4248 personaliter
1167 4170 1327 4231 accedere
1343 4173 1567 4233 nontenearis
1582 4173 1719 4247 1331133,

71 4273 208 4333 siastica
245 4272 345 4334 etiam
380 4272 542 4334 beneficia
578 4271 771 4343 conserunt,
804 4288 871 4332 non
927 4268 984 4329 sed
1003 4266 1186 4329 absentiam
1217 4270 1306 4329 tuam
1329 4269 1483 4346 suppleas
1505 4286 1565 4346 per
1587 4272 1721 4333 nuntios

72 4368 287 4445 expectantes
303 4367 389 4445 quod
404 4368 444 4429 ad
462 4369 493 4428 te
504 4368 649 4444 potestas
662 4367 777 4429 eadem
791 4384 872 4428 con·
927 4365 1081 4442 providos
1101 4367 1133 4427 et
1155 4365 1322 4437 honestos,
1346 4383 1405 4442 per
1419 4384 1501 4445 quos
1526 4368 1661 4431 edoctus
1681 4371 1721 4432 de

72 4464 201 4526 serendi
210 4466 307 4542 juxta
324 4466 548 4527 Lateranense
564 4465 747 4527 Concilium
758 4463 873 4527 313331-
927 4464 1066 4541 hisquae
1081 4462 1116 4524 in
1129 4463 1203 4541 ipso
1214 4463 1355 4525 concilio
1366 4480 1425 4525 seu
1440 4466 1604 4544 colloquio
1614 4469 1723 4529 conti-

70 4564 211 4624 vatur...
233 4565 372 4641 Insuper
391 4579 497 4641 nuper
512 4565 548 4625 G.
563 4562 870 4639 Constantinopoli·
926 4561 1013 4638 gerit
1026 4560 1186 4632 ordinari,
1203 4576 1253 4632 ea,
1275 4561 1361 4623 sicut
1373 4563 1431 4623 3111
1447 4563 1651 4640 suffraganei
1662 4581 1720 4627 ec-

71 4663 142 4720 tan.
169 4659 350 4721 canonicus
373 4676 392 4721 a
411 4662 444 4721 te
467 4660 684 4721 transmissus
703 4658 744 4721 ad
760 4662 871 4738 partes
926 4659 1037 4721 clesiae
1052 4658 1254 4735 Magantinae
1268 4659 1410 4736 recipias
1423 4660 1593 4722 humiliter
1611 4664 1644 4724 et
1658 4663 1720 4724 ob-

70 4757 273 4830 Theharum,
292 4759 326 4819 et
340 4757 475 4819 Achaiae
496 4757 636 4834 legatus,
654 4757 872 4818 veniensis·
926 4772 1051 4830 serves,
1069 4757 1266 4819 sententiam
1280 4757 1307 4817 si
1319 4774 1417 4834 quam
1429 4757 1552 4819 lortein
1562 4760 1595 4820 te
1603 4761 1719 4823 contra

72 4840 261 4927 drevillam,
286 4855 407 4918 litteris
430 4872 499 4916 suae
517 4855 694 4932 legationis
715 4853 870 4927 ostensis,
926 4855 1174 4916 concessionem
1194 4858 1341 4917 nostram
1359 4855 1475 4917 tulerit
1489 4857 1719 4935 archiepisco-

70 4957 182 5017 lerras
218 4953 419 5014 nobiliorum
456 4953 603 5015 virorum
636 4956 673 5014 G.
711 4951 870 5030 principis
927 4968 988 5030 pus
1003 4954 1216 5024 memoratus,
1239 4953 1453 5014 decernentes
1476 4955 1606 5017 irritam
1621 4959 1654 5018 et
1668 4956 1722 5017 in-

70 5050 222 5122 Achaiae,
236 5052 269 5113 et
283 5054 319 5111 0.
335 5050 375 5112 de
389 5051 503 5113 Rocha
518 5051 643 5112 domini
653 5050 868 5122 Athenarum,
925 5066 1034 5111 anem.
1050 5049 1142 5111 Nulli
1164 5066 1243 5126 ergo
1268 5051 1402 5113 omnino
1424 5052 1595 5114 hominum
1620 5055 1721 5118 liceat

71 5151 147 5209 sine
161 5148 353 5210 rationabili
377 5165 478 5210 causa
499 5147 671 5210 sententiae
689 5147 870 5227 subjiciens
925 5149 1012 5209 hanc
1024 5147 1179 5225 paginam
1194 5149 1316 5209 nostrae
1332 5151 1557 5213 concessionis
1572 5153 1606 5213 et
1619 5167 1720 5214 cons-

73 5246 255 5317 interdioti,
270 5246 540 5324 praelatiseorum
555 5247 712 5323 inJunxit,
724 5247 759 5307 ut
773 5246 871 5308 inter·
925 5246 1090 5308 titutionis
1111 5243 1310 5322 infringere,
1329 5247 1381 5308 vel
1395 5248 1425 5308 ei
1441 5264 1526 5309 ausu
1539 5250 1719 5312 temerario

71 5344 198 5407 dictum
214 5345 402 5423 hujusmodi
414 5348 549 5421 temper
562 5360 598 5405 se
613 5361 711 5421 quam
724 5359 783 5421 per
793 5359 870 5405 suos
925 5344 1102 5405 contraire.
1131 5344 1167 5404 Si
1192 5344 1266 5421 quis
1291 5346 1413 5412 autem,
1431 5348 1493 5408 etc.
1510 5348 1627 5408 Datum
1654 5350 1721 5411 La·

71 5443 223 5506 subditos
237 5442 474 5505 inviolabiliter
487 5443 718 5517 observarent;
737 5443 872 5521 propter
925 5442 1044 5513 terant,
1056 5441 1200 5502 secundo
1223 5458 1328 5504 nouas
1347 5444 1491 5519 augusti,
1507 5446 1717 5520 pontificatus

71 5541 160 5620 quod
173 5542 239 5618 ipsi
250 5541 291 5602 ad
305 5541 421 5603 Sedem
429 5541 872 5619 Apostolicamappellarunt
926 5540 1031 5603 nostri
1046 5555 1134 5601 anno
1144 5539 1253 5600 tertio.

108 5683 149 5753 (11
163 5680 312 5741 conradus
326 5681 384 5739 lde
396 5681 595 5756 havensburg.
