3774 6186
144 294 204 353 423
278 338 283 355 ,
716 322 722 337 ι
762 291 938 351 moxona
961 291 1005 350 111
1027 291 1177 353 OPERA.
1730 298 1783 360 494

144 452 232 514 niter
251 452 458 531 requirentes
481 453 515 514 et
541 450 751 530 recipientes,
782 450 935 512 hilariter
988 451 1713 529 dilectoliliumagistroConradoscolastico
1723 458 1783 518 llo-

144 551 323 613 intendatis
337 552 443 613 eidem
456 551 630 612 humiliter
639 549 934 613 etdevotealtatum
988 551 1182 625 guatinensi
1203 551 1376 627 capellano
1397 554 1431 613 et
1451 553 1703 629 poenitentiario
1716 570 1783 615 nus·

143 649 295 720 viterbii,
310 652 385 712 XIV
402 648 563 710 kalendas
577 648 667 713 maii.
682 663 770 709 anno
783 648 912 724 quarto.
987 650 1051 719 tro,
1069 648 1209 710 salutem
1224 650 1257 711 et
1270 650 1488 727 apostolicam
1504 650 1779 714 benedictionem.

183 752 225 808 ln
239 750 397 808 mecedem
414 751 555 808 modeim
568 747 737 820 scriptum
752 745 805 806 est
818 747 935 805 Aata-
1028 747 1164 823 Experti
1182 749 1247 809 tuae
1266 747 1442 824 probitatis
1451 749 1651 810 industriam
1665 750 1700 810 et
1708 750 1782 812 tidei

136 848 332 927 ‚cemorensi
356 849 512 919 episcope
527 862 538 906 .·
555 845 647 904 Siout
666 842 818 905 ecclesiae
834 843 933 902 Pari·
989 845 1166 921 puritatem
1186 861 1226 905 ac
1252 861 1312 922 per
1325 845 1388 908 boc
1408 845 1630 908 indubitatem
1643 845 1687 908 de
1700 849 1733 908 te
1747 847 1783 908 u-

140 943 261 1003 aiensis
271 942 462 1020 requirebat
475 943 612 1012 utilitas,
623 943 698 1013 etc,
711 956 816 1018 usque
832 961 839 1000 :
856 940 934 1001 des·
988 942 1118 1003 duciam
1144 943 1343 1015 obtinentes,
1365 943 1397 1006 te
1419 943 1460 1005 ad
1476 946 1589 1021 partes
1614 946 1784 1008 Teutonis

139 1040 248 1102 tituta.
267 1041 392 1101 Deinde
406 1040 583 1117 subjicitur
599 1061 606 1099 :
624 1041 681 1111 Te,
698 1038 739 1099 de
754 1041 850 1115 cujus
862 1054 934 1098 me-
987 1039 1143 1102 duximus
1156 1041 1387 1103 destinandum
1401 1044 1555 1104 utTerrae
1565 1044 1698 1104 Sanctae
1709 1059 1784 1104 suc-

139 1138 213 1199 ritis
227 1138 412 1200 obtinemus
426 1138 580 1200 fiduciam
601 1136 795 1214 pleniorem,
817 1150 933 1196 ecura
988 1154 1133 1210 cursum,
1148 1138 1329 1200 secundum
1356 1139 1467 1201 datam
1491 1139 1551 1201 tibi
1575 1143 1681 1201 alteo
1704 1156 1783 1217 pru·

139 1237 172 1297 et
200 1235 424 1299 sollicitudine
447 1235 749 1297 Autissiodorensis
779 1232 931 1295 ecclesiae
988 1235 1289 1309 dentiamstudeas‚
1299 1236 1478 1298 efficaciter
1486 1239 1784 1314 procurare.Tuam

139 1332 359 1404 absolventes,
382 1334 532 1395 ecclesiae
554 1332 756 1394 Parisiensis
780 1329 934 1408 praefeci·
987 1349 1067 1409 ergo
1097 1334 1316 1396 sollicitamus
1342 1334 1565 1411 prudentiam,
1588 1334 1786 1397 auctoritate

136 1447 212 1493 mus
227 1433 261 1491 in
276 1435 453 1508 pastorem,
469 1433 505 1492 ut
522 1433 656 1493 tuarum
670 1429 806 1490 lucerna
827 1429 934 1490 virtu·
987 1430 1048 1492 tibi
1063 1432 1278 1509 praesentium
1298 1432 1524 1508 injungentes,
1545 1435 1712 1508 quatenus
1725 1432 1784 1494 lit-

137 1531 218 1601 tum,
244 1546 317 1607 quae
342 1528 502 1589 hactemus
534 1527 627 1589 iulsit
653 1527 688 1588 in
718 1525 931 1589 Autissiodo-
987 1528 1077 1590 teras
1102 1528 1290 1604 generales,
1316 1544 1399 1605 quas
1427 1544 1487 1606 pro
1511 1529 1628 1590 eodem
1650 1530 1784 1604 negotio

136 1628 240 1699 rensi,
252 1642 372 1703 magua
386 1628 420 1688 et
430 1626 618 1687 honorabili
632 1626 765 1703 quidem
777 1624 931 1694 ecclesia,
987 1626 1204 1697 destinamus,
1220 1641 1391 1703 exponens
1406 1643 1465 1703 per
1476 1628 1579 1688 totam
1590 1628 1784 1688 'teutoniam

137 1740 177 1787 eo
192 1724 397 1802 splendidius
411 1724 608 1801 luceatque
623 1724 658 1783 in
673 1721 849 1784 celebriori
860 1722 933 1782 loco
988 1722 1111 1784 Christi
1127 1724 1279 1785 tidelibus
1296 1724 1475 1799 diligenter
1487 1725 1578 1801 ipsos
1587 1724 1628 1785 ad
1643 1725 1786 1786 celerem

138 1822 241 1885 fuerit
263 1822 436 1884 collocata.
473 1822 616 1898 Ideoque
639 1819 841 1882 fraternitati
867 1820 933 1880 tuae
988 1820 1084 1883 dictae
1099 1824 1198 1883 terrae
1213 1837 1407 1884 succursum
1422 1822 1538 1885 sedulo
1549 1822 1742 1884 exhorteris
1754 1825 1787 1883 et

139 1919 403 1999 parapostolica
420 1919 543 1996 scripta
559 1918 801 1999 mandamuset
816 1916 935 1977 invir-
988 1920 1186 1983 auctoritate
1211 1923 1327 1982 nostra
1348 1921 1503 1997 injungas
1525 1921 1587 1992 eis,
1616 1935 1679 1997 per
1703 1936 1787 1998 quos

138 2020 209 2080 tute
223 2017 421 2079 obedientiae
441 2016 592 2078 districte
610 2015 935 2092 praecipimusque·
991 2032 1108 2094 nuper,
1118 2017 1153 2077 im
1164 2017 1315 2093 partibus
1327 2018 1408 2090 illis,
1420 2019 1595 2094 praedicari
1605 2018 1787 2079 mandavi-

137 2119 246 2184 tenus,
275 2116 348 2175 sine
369 2131 470 2176 morae
493 2113 668 2190 dispendio
694 2112 734 2174 ad
757 2112 933 2173 ecclesiam
989 2131 1062 2175 mus
1076 2115 1212 2176 verbum
1225 2116 1353 2188 Crucis,
1372 2133 1413 2178 ac
1427 2116 1515 2188 aliis,
1537 2119 1637 2193 prout
1659 2117 1790 2179 videris
1844 2156 1849 2169 ·

136 2214 306 2277 marisiens
330 2214 557 2283 memoratam,
581 2226 694 2272 curam
709 2212 744 2271 et
770 2209 935 2270 sollicitu-
989 2213 1158 2289 expedire,
1187 2215 1224 2275 ut
1245 2213 1279 2274 id
1301 2214 1411 2291 ipsum
1430 2214 1573 2276 sollicite
1587 2229 1628 2275 ac
1644 2214 1792 2276 fideliter
1824 2232 1849 2247 ·

138 2313 250 2374 dinem
264 2314 349 2387 ejus,
376 2312 474 2388 juxta
490 2324 582 2386 spem
598 2311 632 2370 et
649 2307 934 2385 exspectationem
989 2314 1224 2389 exsequantur,
1258 2328 1334 2373 cum
1358 2313 1512 2384 velimus,
1537 2314 1573 2374 ut
1596 2312 1659 2374 tibi
1680 2313 1790 2375 mma

138 2412 297 2480 nostram,
317 2407 453 2470 studeas
473 2422 593 2482 gerere
622 2406 766 2467 sollicite
789 2420 829 2466 ao
853 2420 936 2481 pru·
990 2408 1262 2486 praedicatoribus
1272 2409 1366 2487 ipsis,
1378 2425 1478 2487 quam
1492 2410 1569 2472 aliis
1582 2411 1618 2472 iu
1633 2411 1793 2473 omuibus
1813 2428 1849 2467 a

139 2507 396 2569 dentemllatum
404 2504 556 2576 Viterbii,
571 2507 646 2565 xlv
654 2504 723 2565 kal.
737 2502 829 2575 maii,
844 2517 934 2564 anno
990 2523 1063 2583 quae
1089 2506 1152 2569 hoc
1171 2508 1367 2584 contingunt
1387 2509 1569 2584 negotium,
1591 2508 1849 2572 intendatur-

139 2607 271 2684 quarto.
990 2603 1162 2666 humiliter
1175 2622 1214 2666 ac
1227 2605 1357 2668 devote.
1374 2606 1453 2667 lllos
1465 2621 1546 2667 veru
1558 2607 1699 2682 quijam
1715 2610 1849 2669 sunt:

454 2692 616 2780 CXXIII
990 2702 1099 2763 crucis
1123 2705 1295 2765 caractere
1314 2703 1478 2780 insigniti,
1506 2705 1542 2766 ut
1560 2705 1677 2766 votum
1695 2721 1830 2766 suunt

160 2821 212 2881 au
231 2819 368 2879 annates
399 2818 433 2879 et
453 2817 642 2878 convenae
676 2816 916 2878 cisterciense
990 2801 1025 2860 in
1049 2801 1187 2863 instanti
1210 2802 1365 2878 passagio
1387 2803 1627 2878 exsequantur,
1649 2818 1834 2866 monens

197 2919 331 2978 Μαι-,ηδ
349 2931 415 2990 per
435 2918 645 2989 Hispaniam
660 2911 874 2974 computo&
991 2898 1171 2961 efficaciter
1185 2902 1218 2962 et
1239 2899 1400 2962 inducens
1415 2915 1474 2962 eos
1495 2901 1552 2977 qui
1572 2901 1718 2963 monitis
1737 2917 1822 2963 ac-

415 3020 450 3078 29
469 3019 550 3092 april.
574 3018 652 3075 1220.
990 2997 1163 3074 quiescere
1178 3013 1244 3058 nun
1260 2999 1464 3069 curaverint,
1480 3000 1513 3060 et
1531 2997 1573 3059 ad
1591 2997 1627 3059 id
1643 3014 1708 3076 per
1720 3015 1813 3061 cen·

266 3116 418 3181 {uanaque
433 3115 500 3166 hun.
511 3114 678 3173 aaronem,
689 3130 715 3178 p.
729 3113 795 3178 aaa]
990 3110 1103 3155 suram
1114 3095 1386 3168 ecclesiasticam,
1404 3095 1632 3173 appellatione
1648 3100 1795 3169 remota,

140 3208 257 3268 Mandat
271 3208 313 3264 eis
329 3214 433 3264 utnon
452 3205 605 3263 observent
623 3203 781 3262 sententias
795 3200 936 3259 interdicti
990 3192 1395 3269 compellas,carissimum
1406 3192 1584 3256 ianristo
1595 3193 1709 3254 tilium
1722 3210 1796 3256 nos-

176 3299 222 3355 vel
241 3296 546 3354 excommunicationis
570 3295 598 3350 iu
619 3293 684 3350 illos
704 3291 935 3365 promulgataso
991 3291 1077 3352 trum
1104 3293 1141 3351 F.
1157 3291 1322 3353 illustrem
1338 3306 1450 3366 regem
1467 3290 1643 3353 Siciliain
1660 3294 1785 3354 Roma-

176 3385 374 3444 collectoribus
385 3385 542 3452 vicesimae,
552 3383 684 3440 etdenuo
694 3383 811 3440 cisterc.
825 3394 937 3437 monas
992 3389 1352 3465 norumjmperatorem
1362 3389 1515 3463 electum,
1537 3388 1592 3450 oui
1607 3404 1716 3466 super
1728 3389 1783 3452 1100

85 3510 93 3539 ι
112 3494 119 3519 ·
176 3477 247 3534 teria
265 3488 280 3531 8
297 3474 478 3547 888888ῑί888
492 3472 637 3529 8888888888
652 3477 784 3543 exempta
799 3469 935 3527 declarat.
991 3486 1177 3557 scribimus,
1190 3486 1333 3548 sollicite
1347 3486 1545 3558 reducendo,
1563 3488 1601 3549 ut
1616 3489 1651 3548 et
1665 3487 1780 3565 ipsein

181 3576 261 3636 Cum
276 3572 363 3634 sicut
388 3571 577 3648 accepimus
592 3569 737 3645 Hugutio
755 3568 936 3629 subdiaco·
991 3585 1106 3646 00de
1131 3585 1285 3661 passagio
1303 3585 1400 3662 juxta
1420 3584 1678 3660 prompsgponem
1694 3600 1783 3648 suam

141 3688 216 3742 nus,
230 3672 263 3732 θῐ
277 3668 469 3746 &bellinus
484 3670 607 3739 noster,
622 3669 656 3729 θῑ
669 3664 935 3744 Clsstfflushasi·
992 3682 1124 3744 studeat
1146 3682 1375 3744 transfretare.
1400 3682 1493 3753 Quod
1516 3681 1547 3743 si
1567 3680 1683 3744 tacere
1705 3681 1785 3745 torte

141 3769 215 3831 11⁰ae
239 3767 400 3845 principis
426 3766 658 3844 APOSIOIOPUm
682 3764 875 3836 canonicus,
901 3765 936 3825 in
992 3780 1190 3856 nequiverit,
1204 3781 1453 3856 crucesignatos
1461 3780 1553 3857 ipsos
1564 3779 1711 3841 ulterius
1724 3796 1785 3842 non

142 3866 302 3944 quosdam
318 3881 361 3926 ex
372 3864 466 3926 vobis
482 3863 838 3925 excommunicationis
851 3863 937 3925 etex
992 3877 1149 3948 detineat,
1165 3877 1222 3939 sed
1235 3878 1312 3939 data
1327 3877 1376 3939 θὶς
1391 3877 1527 3939 poemia
1542 3877 1707 3939 reddendi
1724 3879 1788 3939 p0.

141 3963 353 4025 mouasteriis
376 3962 509 4034 vestrm,
540 3960 712 4023 interdicti
738 3960 934 4031 sententias,
992 3976 1082 4036 mmo
1100 3976 1177 4036 vota
1196 3990 1256 4036 sua
1272 3975 1307 4036 in
1321 3974 1488 4036 exercitus
1510 3973 1697 4037 epp-ignaui
1711 3990 1788 4037 sup.

141 4060 505 4131 occastonevicesimae‚
521 4074 540 4120 a
555 4058 651 4120 nobis
667 4073 767 4134 super
783 4058 847 4119 hoc
861 4073 938 4119 auc·
992 4089 1124 4134 sursum
1144 4073 1248 4134 phere
1270 4072 1448 4150 permutat,
1476 4070 1560 4132 lund
1583 4074 1700 4134 autem
1724 4073 1791 4134 201.

142 4159 276 4222 toritate
295 4172 361 4218 non
385 4155 509 4226 habita,
531 4155 839 4232 promulgaverint:
856 4153 936 4215 uni·
992 4170 1082 4232 1501oe
1105 4186 1236 4242 oaveas,
1248 4186 1292 4232 ne
1305 4171 1380 4247 quis
1398 4168 1643 4247 quantumlibet
1665 4185 1791 4247 pauper

144 4255 294 4317 lersifflii
327 4256 446 4315 lestlae
490 4252 704 4328 llraesentium
739 4251 938 4313 888ῑο8ἰῒ888
992 4270 1103 4331 avuto
1127 4269 1238 4331 crucis
1260 4268 1430 4329 ullatenus
1444 4265 1650 4340 absolvatur,
1669 4281 1745 4329 cum
1758 4269 1790 4330 et

143 4351 351 4421 nicodemus,
367 4350 529 4426 quatenus
549 4349 732 4410 sententias
746 4348 837 4424 ipsas
857 4347 937 4409 nul·
993 4382 1156 4443 pauperes
1168 4366 1349 4442 plurimum
1364 4365 1432 4426 sing
1450 4364 1636 4425 necessarii
1657 4366 1792 4441 nogotio

145 4448 275 4510 latemus
291 4446 499 4508 observetis:
522 4448 689 4518 caeterum,
706 4461 749 4506 ne
763 4445 938 4508 occasione
993 4466 1104 4524 vperrae
1131 4464 1273 4524 sanem,
1301 4464 1432 4535 papum,
1453 4462 1793 4539 010‚„‚90nfificapus

146 4544 335 4624 hujusmodi
344 4559 415 4613 vos,
426 4542 477 4603 vel
489 4544 691 4604 monasteria
700 4544 810 4604 vestra
821 4541 863 4604 da
873 4559 940 4604 cae-
994 4562 1100 4623 nostri
1113 4576 1201 4622 anno
1217 4563 1346 4637 quarto,

144 4646 215 4706 tero
226 4641 396 4703 molestari
408 4640 589 4716 contingat,
605 4656 665 4702 vos
685 4657 705 4701 a
724 4641 938 4717 praestatione

145 4740 311 4820 praedictae
338 4738 506 4801 vicesimae
541 4737 697 4799 duximus
732 4738 937 4800 eximendos.
1326 4711 1462 4799 CXXV

144 4842 264 4903 Datum
278 4838 430 4910 Viterbii,
446 4839 493 4899 lll
507 4835 575 4897 kal.
590 4838 681 4908 maii,
701 4836 817 4914 pontit.
834 4836 939 4899 nostri
1052 4840 1105 4898 Ad
1115 4840 1409 4912 archiepiscopum
1419 4840 1736 4900 Tarraconensem.

146 4953 236 5000 anno
251 4940 381 5014 quarto.
1290 4940 1308 4996 6
1322 4939 1390 4997 mai
1406 4939 1485 4996 liud.

466 5024 622 5110 CXXIV
1138 5036 1255 5101 imponi,
1267 5036 1336 5086 uuir.
1351 5035 1498 5095 rreum,
1510 5036 1531 5094 1,
1545 5036 1586 5096 m,
1600 5037 1654 5103 m]

160 5151 422 5214 accommodum
437 5149 674 5209 scholasticum
688 5149 924 5224 Mogontiaco.
1114 5132 1300 5193 G⁰ffl¹¹10¹¹d⁸¹
1317 5136 1431 5192 Imm
1449 5132 1669 5193 Plaeffifflwlffl·

84 5240 119 5261 ’“
332 5253 451 5309 ineunte
465 5252 747 5310 mensemaiultio.
1035 5243 1792 5321 Honoriusepiscopus,servusservorumltei,

261 5346 520 5413 [Wurutvemmova
534 5346 656 5407 suisium,
668 5348 711 5407 lv,
724 5348 828 5414 plot]
994 5339 1180 5403 venerabili
1210 5339 1306 5402 tratri
1334 5340 1587 5418 archiepiscopo
1623 5343 1792 5405 Tarraco-

147 5439 263 5500 llendat
283 5445 313 5495 ui
336 5436 463 5494 hortetur
493 5437 710 5508 crucesignatos
737 5439 883 5497 teutonia
910 5445 941 5496 ut
996 5437 1266 5510 nensi,salutem,
1282 5439 1346 5500 etc.
1385 5496 1395 5516 ,
1789 5494 1793 5503 .

103 5600 108 5604 .
174 5538 270 5587 888888
284 5541 367 5584 suum
383 5527 411 5583 88
426 5526 543 5582 instanti
558 5526 907 5599 88888880888881888888-
1036 5535 1199 5607 Quoniam
1208 5534 1388 5597 abundavit
1400 5534 1573 5612 iniquitas,
1587 5536 1623 5597 et
1637 5537 1796 5613 refriguit

189 5635 356 5700 Honorius
366 5635 552 5712 episcopus,
561 5649 858 5697 servasservorum
868 5634 939 5705 Dei,
996 5633 1120 5694 caritas
1133 5633 1363 5709 plurimorum,
1377 5632 1529 5695 ordinem
1542 5634 1699 5696 Fratrum
1708 5637 1791 5695 Prae·
