3774 6186
733 323 909 383 HONORII
932 324 975 383 111
998 325 1147 387 OPERA.
1223 356 1240 367 ‘

399 506 624 593 CLXXXIX

188 639 239 697 Ad
260 641 545 713 archiepiscopos,
570 642 755 715 episcopos,
772 640 835 701 etc.

414 752 447 808 li
456 752 516 824 jan.
535 752 614 809 ltil.

291 855 427 920 [Strehllra
441 857 459 906 l.
471 872 503 914 c,
516 873 542 922 p.
553 857 609 915 285,
625 872 650 908 n.
665 857 733 922 sla]

140 962 267 1020 Pietatis
281 962 410 1021 ordinem
426 963 631 1022 'theutonicum
651 964 833 1022 commendat
847 964 884 1022 ob

240 1052 485 1125 eleemosynarum
507 1053 713 1120 collectionem,
731 1060 785 1110 etc.

158 1170 324 1230 Honorius
335 1170 828 1247 episcopus,servusservorum
839 1170 908 1240 liei,

117 1267 364 1328 venerabilibus
398 1266 556 1328 tratribus
591 1267 852 1345 archiepiscopis
879 1269 912 1329 et

118 1365 283 1441 episcopis
300 1366 334 1426 et
347 1365 476 1426 dilectis
492 1365 570 1429 tiliis
583 1364 768 1436 abbatibus,
785 1365 909 1442 priori·

117 1460 190 1531 bus,
209 1462 467 1530 archidiaconis,
491 1462 626 1523 decanis
647 1463 680 1523 et
704 1462 780 1523 aliis
804 1462 912 1525 eccle-

118 1558 242 1620 siarum
265 1558 423 1635 praelatis,
440 1559 481 1618 ad
498 1574 579 1635 quos
595 1560 716 1620 litterae
740 1560 812 1620 istae
835 1575 913 1636 per-

117 1656 281 1727 venerint,
304 1655 498 1717 salutemet
519 1657 735 1732 apostolicam
752 1655 912 1718 benedic-

118 1752 253 1814 donem.

159 1852 238 1911 Cum
267 1851 397 1913 dilectis
428 1851 517 1923 liliis,
548 1840 706 1912 fratribus
730 1851 911 1929 Hospitalis

119 1949 248 2009 sancte
275 1949 392 2010 Mariae
415 1949 693 2010 Theutonicorum
718 1950 913 2026 Hierosoly-

118 2045 247 2114 mitani,
272 2046 465 2107 duxerimus
489 2047 736 2123 indulgendum,
754 2048 789 2108 ut
810 2046 911 2107 semel

118 2143 154 2203 in
171 2158 259 2203 anno
275 2144 479 2221 recipiantur
495 2145 530 2204 in
548 2144 698 2205 ecclesiis
711 2145 751 2205 ad
767 2145 912 2206 eleemo-

118 2255 219 2316 synas
241 2240 456 2316 colligendas,
474 2241 607 2319 quidam
626 2243 772 2303 vestrum
795 2241 911 2303 avari-

116 2337 173 2400 tiae
195 2338 314 2399 ardore
333 2339 486 2400 succensi
508 2339 706 2400 confratrias
728 2344 807 2399 sua's
826 2354 910 2399 con-

117 2434 246 2496 fratriis
268 2435 400 2496 illorum
427 2436 543 2497 eadem
562 2435 616 2497 die
634 2436 667 2496 in
686 2437 834 2513 ipsorum
849 2435 911 2496 ad-

116 2534 218 2594 ventu
234 2535 440 2609 praeponunt,
458 2535 490 2594 et
506 2533 555 2594 sic
569 2533 689 2595 iratres
702 2534 766 2610 ipsi
782 2531 911 2594 contusi

117 2631 176 2690 aut
199 2629 283 2690 nihil
302 2630 423 2691 exinde
438 2632 496 2691 aut
513 2630 677 2691 modicum
698 2645 910 2707 consequun-

118 2729 183 2787 tur.
201 2727 284 2798 Quia
299 2727 402 2802 igitur
417 2728 479 2788 hoc
494 2728 651 2788 indecens
664 2730 714 2788 est
727 2729 760 2789 et
777 2727 810 2787 in
826 2743 910 2787 con·

118 2823 277 2899 temptum
289 2824 347 2884 Dei
359 2825 390 2885 et
401 2824 555 2885 Ecclesiae
567 2827 724 2887 Romanae
738 2824 909 2892 redundat,

119 2921 331 2983 universitati
354 2923 473 2983 vestrae
496 2937 554 2997 per
576 2922 764 2998 Apostolica
788 2922 910 2998 scripta

118 3017 342 3094 piraecipiendo
373 3019 579 3090 mandamus,
607 3022 782 3095 quatenus,
810 3036 911 3097 quum

117 3112 238 3176 iratres
255 3115 320 3191 ipsi
335 3116 376 3176 ad
397 3116 469 3177 loca
488 3119 598 3178 vestra
613 3133 672 3193 pro
692 3117 911 3194 eleemosynis

117 3212 320 3273 accesserint
334 3213 540 3287 colligendis,
554 3213 697 3289 benigne
712 3215 910 3291 recipientes

117 3309 249 3369 eosdem
261 3312 294 3371 et
304 3310 440 3371 honeste
455 3312 646 3381 tractantes,
660 3312 749 3388 ipsos
762 3313 796 3372 in
809 3312 912 3373 eccle·

118 3403 177 3465 siis
201 3407 320 3468 vestris
340 3406 518 3467 admonere
537 3409 692 3482 populum
712 3410 745 3469 et
767 3409 912 3469 eleemo-

117 3518 218 3577 cynas
228 3502 330 3562 libere
340 3504 911 3578 quaererepermittatis,cons1·alrias

117 3600 257 3669 vestras,
275 3615 357 3675 quas
373 3598 482 3659 lacere
498 3601 633 3674 potestis
647 3602 804 3677 quotidie,
821 3603 912 3679 ipso-

118 3709 192 3754 rum
217 3694 417 3763 confratriis,
436 3710 508 3770 quae
531 3696 632 3756 semel
655 3697 689 3757 in
713 3699 908 3770 annutiant,

117 3782 307 3853 nullatenus
330 3794 569 3868 praeponentes,
586 3810 629 3855 ne
641 3797 816 3858 occasione
831 3797 911 3858 illa-

118 3903 192 3949 rum
215 3888 434 3968 eleemosynae
456 3891 578 3953 Christi
601 3909 784 3969 pauperum
806 3896 910 3972 depe·

117 3989 214 4048 reant
224 3989 257 4049 et
271 3989 494 4067 impediantur
508 4005 607 4066 opera
625 3990 766 4066 [rietatis.
782 3994 910 4054 Statui-

117 4099 191 4145 mus
206 4086 317 4158 etiam,
335 4088 370 4147 ut
391 4102 487 4148 nemo
509 4090 773 4152 excommunicet
791 4090 910 4151 iratres

117 4180 208 4258 ipsos
233 4185 285 4244 vel
319 4200 434 4245 eorum
464 4187 610 4247 oratoria
637 4187 815 4250 interdicat
839 4189 910 4248 sine

117 4280 271 4342 mandato
296 4282 391 4342 Sedis
417 4283 614 4358 Apostolicae
643 4286 790 4362 speciali,
820 4302 910 4362 prae-

117 4377 260 4438 sentium
285 4378 378 4441 vobis
409 4381 608 4441 alletoritate
645 4382 849 4453 mandantes,
876 4384 911 4443 ut

116 4471 206 4549 ipsos
225 4477 514 4536 excommunicare
536 4480 593 4538 aut
611 4493 726 4538 eorum
752 4480 910 4540 ecclesias

90 4606 93 4610 -
116 4570 315 4633 interdicere
336 4573 525 4633 nullatenus
546 4575 774 4650 praesumatis,
795 4576 836 4637 de
850 4592 911 4654 pa-

115 4670 286 4731 rochianis
300 4673 411 4732 autem
426 4671 559 4742 vestris,
577 4671 631 4747 qui
646 4672 760 4732 domos
776 4673 910 4736 illorum

114 4767 277 4831 invadunt
292 4785 351 4845 per
364 4767 558 4830 violentiam
574 4768 629 4830 vel
643 4769 838 4846 infringunt,
854 4774 911 4834 aut

113 4864 270 4927 indebitis
287 4865 447 4927 molestiis
467 4865 659 4942 opprimunt
671 4866 792 4928 iratres
809 4868 907 4944 ipsos,

115 4964 228 5024 ettam
246 4963 394 5039 deposita
411 4978 509 5038 quam
528 4978 581 5023 res
597 4963 759 5040 diripiunt
773 4979 910 5025 eorum-

114 5059 199 5129 dem,
215 5076 288 5120 cum
304 5059 424 5120 exinde
439 5061 681 5135 querimoniam
697 5060 912 5138 deposuerint

60 5190 63 5195 ·
115 5172 227 5217 coram
255 5156 358 5227 vobis,
388 5160 455 5217 mm
482 5158 666 5218 districtam
694 5159 743 5218 eis
779 5159 910 5222 faciatis

110 5254 276 5332 justitiam
305 5254 405 5316 etita
430 5258 509 5331 jura
535 5271 650 5315 eorum
677 5255 853 5319 defendere
879 5260 911 5319 et

114 5355 332 5414 manutenere
356 5351 490 5420 curetis,
512 5350 598 5428 quod
625 5352 688 5430 ipsi
707 5354 748 5414 ad
771 5370 831 5416 nos
851 5372 910 5432 pro

114 5449 245 5512 delectu
258 5449 400 5527 justitiae
413 5464 502 5524 saepe
522 5464 696 5512 recurrere
712 5467 777 5512 non
792 5468 911 5530 cogan-

115 5551 179 5618 tur,
196 5547 254 5609 sed
277 5562 338 5607 nos
356 5546 614 5608 sollicitudinem
638 5551 671 5609 et
690 5548 910 5611 obedientiam

115 5643 910 5718 vestramdebeamusmeritocommendare,v0s·

1703 335 1760 397 648

965 482 1758 564 quebenellciorum,quaeinsanctadomoeorum

965 581 1058 652 liunt,
1077 581 1252 658 participes
1268 584 1431 647 existatis.
1453 588 1622 648 Praeterea
1639 587 1758 650 liberas

965 679 997 738 et
1010 677 1178 740 absolutas
1194 695 1363 756 personas,
1377 699 1449 760 quae
1465 699 1500 744 se
1515 683 1631 745 domui
1647 700 1757 747 eorum

965 775 999 834 in
1020 777 1162 838 sanitate
1181 778 1233 839 vel
1254 779 1446 842 infirmitate
1467 781 1700 852 reddiderunt,
1715 782 1755 843 li·

964 872 1042 934 bere
1057 889 1096 934 ao
1112 875 1183 935 sine
1204 876 1355 938 molestia
1377 877 1481 953 recipi
1504 879 1708 953 permittatis
1721 880 1756 940 ab

965 971 1025 1043 eis,
1047 988 1108 1032 nec
1127 972 1217 1048 ipsos
1237 989 1337 1049 super
1356 973 1418 1034 boc
1440 975 1574 1035 tentetis
1597 975 1755 1053 aliquate-

966 1085 1029 1129 nus
1046 1069 1218 1145 impedire.
1240 1070 1324 1130 Illud
1340 1072 1450 1131 autem
1466 1087 1532 1131 non
1548 1072 1756 1135 mediocriter

966 1168 1075 1227 movet
1085 1183 1145 1227 nos
1160 1183 1220 1229 nec
1235 1167 1398 1228 modicum
1415 1169 1657 1230 ecclesiasticae
1668 1169 1754 1232 dero-

965 1264 1022 1338 gat
1039 1262 1216 1335 honestati,
1231 1265 1316 1342 quod
1333 1265 1466 1341 quidam
1480 1271 1633 1328 vestrum
1649 1269 1752 1329 contra

966 1360 1207 1423 institutionem
1230 1366 1421 1425 sanctorum
1445 1366 1579 1440 patrum
1600 1364 1635 1424 in
1653 1367 1751 1426 Turo-

966 1459 1062 1519 nensi
1075 1459 1217 1520 concilio
1230 1461 1352 1521 editam
1366 1460 1505 1522 fratrum
1519 1461 1671 1537 ipsorum
1686 1477 1750 1523 cor-

967 1572 1058 1633 pora,
1076 1573 1150 1618 cum
1172 1557 1343 1629 decedunt,
1359 1558 1478 1619 nolunt
1496 1559 1572 1618 sine
1587 1560 1693 1635 pretio
1706 1576 1752 1621 se-

966 1654 1090 1730 pelire;
1121 1655 1224 1727 unde,
1250 1657 1329 1733 quia
1352 1656 1420 1717 tam
1444 1671 1548 1732 prava
1577 1658 1705 1718 exactio
1724 1660 1751 1719 et

966 1751 1080 1827 iniqua
1108 1768 1173 1812 non
1198 1755 1247 1814 est
1270 1753 1482 1831 aliquatenus
1509 1753 1700 1826 toleranda,
1720 1755 1747 1814 in

967 1848 1163 1909 obedientiae
1190 1849 1285 1909 vobis
1312 1851 1437 1912 virtute
1462 1851 1694 1926 praecipimus,
1720 1853 1748 1911 ut

966 1946 1057 2006 nullo
1081 1947 1177 2007 modo
1200 1963 1220 2007 a
1245 1946 1403 2008 tratribus
1425 1948 1507 2024 ipsis
1527 1947 1583 2008 vel
1607 1948 1681 2008 aliis
1700 1963 1746 2023 pro

967 2043 1135 2120 sepultura
1159 2044 1337 2121 quidquam
1359 2045 1496 2119 exigere
1519 2045 1575 2105 vel
1599 2045 1744 2120 accipere.

966 2141 1031 2202 nisi
1048 2141 1132 2219 quod
1156 2144 1335 2217 spontanea
1356 2142 1588 2202 decedentium
1611 2140 1745 2202 liberali·

966 2240 1016 2300 tas
1032 2238 1084 2299 vel
1104 2242 1279 2314 parentum
1299 2238 1430 2299 devotio
1453 2238 1549 2299 vobis
1573 2238 1744 2310 contulerit,

966 2336 1144 2407 attentetis
1163 2336 1220 2395 sed
1238 2335 1363 2413 absque
1379 2336 1447 2397 ullo
1467 2337 1578 2412 pretio
1594 2336 1744 2412 sepeliatis

966 2449 1104 2509 corpora
1121 2435 1338 2504 mortuorum,
1352 2434 1396 2504 el,
1412 2435 1528 2511 siquis
1544 2433 1607 2495 boc
1623 2433 1743 2493 ulterius

966 2532 1187 2602 attentaverit,
1204 2531 1318 2592 taliter
1334 2532 1612 2593 animadvertatis
1624 2533 1657 2591 in
1671 2547 1740 2602 eun,

966 2628 1051 2707 quod
1076 2629 1218 2704 amplius
1247 2628 1371 2689 similia
1395 2645 1461 2690 non
1497 2631 1685 2706 praesumat.
1706 2624 1741 2689 li

966 2727 1038 2787 haec
1061 2726 1274 2803 praesentium
1300 2726 1394 2787 vobis
1418 2727 1618 2788 auctoritate
1641 2726 1740 2802 praeci·

966 2825 1084 2901 pimus,
1107 2839 1149 2885 ne
1171 2823 1213 2884 ab
1237 2824 1286 2885 eis
1307 2825 1422 2885 contra
1446 2840 1497 2896 ea,
1513 2841 1588 2901 quae
1603 2822 1739 2885 iratribus

966 2921 1048 2999 ipsis
1075 2921 1285 2995 indulsimus,
1309 2922 1350 2984 de
1382 2922 1598 2983 nutrimentis
1626 2922 1738 2983 anina·

966 3019 1046 3079 lium
1070 3035 1216 3089 suorum,
1232 3020 1303 3079 sive
1325 3019 1466 3096 deipsis
1488 3019 1683 3080 animalibus
1699 3019 1736 3078 de

966 3116 1069 3179 cimas
1083 3117 1219 3192 exigere
1234 3118 1456 3193 presumatis.

1005 3217 1084 3274 llum
1099 3216 1208 3276 autern
1230 3215 1376 3275 oratoria
1397 3215 1449 3277 vel
1472 3216 1669 3284 coemeteria,
1691 3228 1734 3272 se·

966 3312 1737 3389 eundumquodeisconcessimus,duxerintcon·

966 3411 1133 3482 struenda,
1150 3427 1219 3479 vos,
1235 3409 1354 3471 tratres
1367 3410 1611 3488 archiepiscopi
1624 3413 1655 3472 et
1667 3410 1736 3486 epis·

966 3506 1736 3584 copi,eisproscaelamiliasuatantumoratoria

966 3607 1119 3668 dedicare
1131 3622 1171 3666 ac
1183 3606 1372 3667 coemeteria
1386 3605 1584 3668 benedicere
1597 3620 1734 3683 procure-

966 3704 1019 3775 tis,
1030 3720 1090 3764 nec
1099 3703 1373 3779 aliquisvestrum
1384 3710 1498 3764 contra
1510 3705 1734 3764 concessionem

965 3803 1111 3862 nostram
1125 3799 1157 3860 id
1173 3799 1332 3877 impedire
1348 3800 1468 3861 audeat
1482 3800 1686 3878 aliquatenus
1695 3796 1733 3858 vel

966 3898 1110 3960 turbare.
1631 3950 1632 3954 ,

1006 3998 1051 4056 De
1071 3998 1192 4057 caetero
1207 3997 1327 4058 tratres
1343 3995 1517 4072 hospitalis
1534 3998 1662 4057 Sanctae
1676 3994 1734 4055 lla-

965 4093 1024 4155 riae
1048 4094 1328 4156 'theutonicorum
1348 4094 1383 4153 in
1409 4094 1531 4153 vestris
1555 4090 1733 4171 episcopati·

965 4190 1026 4250 bus
1045 4191 1253 4262 constitutos,
1271 4190 1327 4267 qui
1342 4205 1475 4251 crucem
1497 4193 1530 4254 et
1545 4208 1640 4252 suum
1660 4188 1734 4251 babi-

964 4290 1034 4349 tum
1064 4288 1265 4365 deponentes
1290 4303 1350 4364 per
1374 4287 1551 4350 illecebras
1583 4288 1688 4351 saeculi
1710 4285 1734 4345 el

965 4387 1121 4448 vitiorum
1143 4386 1283 4462 abrupta
1298 4387 1472 4461 vagantur,
1500 4388 1533 4448 et
1547 4387 1624 4447 illos
1644 4385 1731 4447 eliam

966 4485 1022 4560 qui
1041 4482 1212 4563 prioribus
1232 4484 1302 4543 suis
1325 4487 1537 4544 contumaces
1561 4488 1594 4546 et
1617 4480 1732 4545 rebelles

965 4581 1123 4648 existunt,
1137 4582 1170 4641 et
1183 4580 1311 4642 balivas
1326 4581 1474 4642 detinent
1484 4584 1600 4642 contra
1610 4580 1733 4642 volunta·

965 4680 1015 4740 tes
1031 4680 1188 4756 ipsorum,
1207 4679 1368 4739 moneatis
1384 4678 1595 4741 instanteset
1611 4694 1664 4756 pro
1675 4689 1732 4737 ves-

965 4777 1008 4838 tri
1037 4776 1138 4837 oflicii
1166 4775 1275 4836 debito
1302 4775 1519 4852 compellatis,
1548 4780 1584 4838 ut
1610 4774 1731 4837 habitum

965 4872 1148 4948 depositum
1164 4875 1368 4933 resumentes
1383 4871 1618 4935 inobedientia
1632 4869 1730 4949 praela-

965 4970 1072 5030 torum
1089 4984 1224 5029 suorum
1240 4968 1356 5030 devote
1371 4966 1410 5030 a'c
1426 4969 1598 5031 humiliter
1608 4978 1733 5047 perseve-

965 5068 1039 5128 rent
1049 5068 1081 5127 et
1090 5066 1218 5127 balivas
1227 5066 1490 5129 sivealiaolllcia
1500 5064 1732 5144 perviolentiau

966 5163 1212 5225 detinerenullo
1223 5165 1319 5226 modo
1330 5160 1733 5241 praesumantIQuicumqut

965 5262 1076 5322 autem
1109 5262 1339 5323 mandatorum
1370 5262 1559 5323 nostrorum
1589 5254 1735 5323 extiterint

966 5360 1217 5435 contemptores,
1235 5359 1587 5421 excommunicationis
1602 5375 1656 5421 eos
1672 5370 1735 5418 sen-

965 5455 1070 5516 tentia
1088 5457 1289 5533 percellatis,
1315 5472 1412 5534 quam
1433 5456 1565 5519 lecistis
1589 5450 1737 5535 usquead

965 5552 1224 5615 satisfactionem
1240 5554 1438 5629 condignam
1455 5550 1742 5617 inviolabiliterob·

965 5664 1103 5712 servari.
