3774 6186
116 330 179 394 oto

432 491 600 583 CLXXV

140 634 192 694 Ad
215 629 444 706 propositum
471 629 504 690 et
527 626 713 700 coriticam
733 608 775 684 de
799 624 910 730 Novo*

452 725 584 788 castro.

386 838 545 912 ajanuarii
571 837 650 894 lati.

271 947 314 1012 [W
316 945 433 1003 nrtwein,
443 947 507 997 Nor.
519 943 602 1002 Suba,
611 942 699 1006 Xll,p.
711 937 777 1004 itt]

138 1047 216 1106 Bona
230 1045 303 1104 Novi
315 1044 405 1104 castri
417 1042 567 1101 confirmat
579 1048 607 1097 et
617 1041 646 1096 in
661 1037 837 1112 protectione
846 1050 898 1094 sua

458 1130 586 1202 suscipit.

160 1232 328 1295 Honorius
341 1231 527 1309 episcopus,
536 1242 654 1288 servus
666 1239 838 1286 servorum
845 1223 914 1296 Dei,

122 1330 253 1393 dilectis
268 1329 358 1401 tiliis,
375 1327 553 1405 praeposito
563 1325 596 1386 et
610 1322 755 1400 capitulo
769 1322 809 1382 de
822 1323 916 1382 Novo

123 1429 250 1501 Castro,
276 1425 415 1488 salutem
444 1425 477 1486 et
511 1421 728 1500 apostolicam
755 1418 916 1481 benedic-

122 1525 258 1586 tionem.

162 1623 273 1682 Cuma
285 1619 515 1697 nobispeir'tur
529 1616 614 1696 quod
619 1617 747 1695 justum
757 1616 808 1677 est
817 1616 850 1676 et
862 1614 918 1676 ho·

124 1721 266 1791 nestum,
293 1720 362 1780 tarn
388 1718 484 1793 vigor
507 1716 684 1794 aequitatis,
714 1729 813 1793 quam
836 1712 917 1773 ordo

123 1815 229 1892 exigit
242 1815 394 1887 rationis
407 1817 444 1878 ut
454 1814 487 1875 id
499 1829 559 1890 per
569 1812 826 1874 sollicitudinem
839 1825 919 1870 nos-

121 1915 208 1975 tram
220 1914 262 1974 ad
277 1913 423 1974 debitum
445 1912 646 1988 perducatur
666 1909 832 1971 effectum.
853 1909 919 1967 Ea-

63 2052 69 2059 ·
123 2014 269 2090 propter,
286 2008 589 2071 dilectiinbomino
602 2008 675 2078 tilii,
687 2006 808 2068 vestris
817 2005 917 2081 justis

121 2106 752 2187 precibusinclinati‚personasrestras
763 2105 796 2164 et
808 2103 917 2163 locum

122 2207 158 2268 in
173 2222 237 2284 quo
252 2206 365 2266 divino
380 2204 460 2265 estis
475 2203 633 2280 obsequio
648 2201 827 2278 mancipati
842 2215 917 2261 cum

122 2302 276 2366 omnibus
290 2301 397 2374 bonis,
412 2318 484 2379 quae
499 2302 535 2361 in
553 2298 804 2378 praesentiarum
819 2297 918 2358 ratio-

122 2400 279 2465 nabiliter
306 2399 464 2477 possidet,
493 2401 551 2460 aut
574 2398 609 2458 in
637 2397 795 2468 futurum,
817 2395 917 2473 justis

121 2499 443 2576 modis,„praestante
458 2497 608 2568 Domino,
628 2495 750 2572 poterit
764 2493 915 2571 adipisci,

122 2595 186 2658 sub
200 2595 289 2658 beati
305 2597 395 2657 Petri
414 2597 448 2656 et
463 2595 575 2656 nostra
593 2593 796 2670 protectione
811 2591 919 2652 susci-

124 2692 244 2769 pimus.
271 2691 467 2768 Speoialiter
485 2691 596 2751 autem
626 2688 854 2766 possessiones
878 2702 917 2748 ac

122 2788 190 2850 alia
200 2789 287 2850 bona
297 2789 419 2860 restra,
431 2788 565 2848 sicutea
581 2778 692 2847 omnia
703 2786 794 2863 juste
806 2801 845 2846 ac
857 2801 919 2862 pa-

123 2885 217 2947 cifice
232 2885 418 2962 possidetis,
444 2883 537 2945 vobis
556 2886 590 2945 et
611 2898 742 2959 perros
767 2882 917 2943 ecclesiae

123 2985 243 3047 vestrae
258 2983 455 3044 auctoritate
465 2981 655 3058 Apostolica
671 2980 916 3051 confirmamus,

125 3079 459 3158 etpraesentisscripti
471 3078 654 3154 patrocinio
663 3078 915 3140 communimus.

125 3178 218 3239 Nulli
229 3193 307 3254 ergo
323 3177 457 3238 omnino
470 3177 640 3238 bominum
652 3176 752 3239 liceat
760 3176 848 3236 bano
857 3191 918 3252 pa-

123 3276 236 3352 ginam
251 3277 374 3338 nostrae
385 3274 648 3337 confirmationis
659 3275 692 3335 et
702 3274 917 3351 protectionis

31 3440 43 3457 .
125 3374 319 3448 infringere,
333 3372 386 3435 rel
401 3374 432 3434 ei
445 3388 529 3433 ausu
544 3372 722 3433 temerario
738 3371 915 3432 contraire.

123 3471 159 3532 Si
174 3470 249 3547 quis
263 3472 373 3531 autom
395 3470 459 3530 hoo
480 3470 644 3531 attentare
657 3469 916 3545 praesumpserit

123 3567 386 3642 indignationem
416 3566 650 3643 omnipotentis
672 3566 748 3633 Dei,
773 3570 805 3626 et
833 3564 916 3626 bea-

122 3666 232 3726 torum
256 3664 347 3725 Petri
363 3665 396 3726 ei
413 3664 509 3725 Pauli
533 3664 758 3740 apostolorum
776 3665 859 3740 eius,
881 3678 917 3723 se

123 3762 254 3823 noverit
267 3762 491 3823 incursurum.

165 3861 283 3920 Datum
296 3859 463 3931 Laterani,
475 3859 588 3921 Vidus
599 3858 759 3937 januarii,
777 3857 916 3936 pontiti-

124 3957 218 4019 catus
238 3957 343 4018 nostri
358 3972 446 4018 anno
457 3956 583 4034 quinto.

425 4124 615 4213 CLXXVI

122 4263 175 4322 Ad
195 4262 406 4337 magistrum
426 4259 616 4332 Hospitalis
633 4260 770 4320 Sortotoe
791 4259 918 4319 Marto

370 4357 666 4419 Tireutoatcorum.

428 4468 516 4540 Cjan.
531 4469 610 4525 1221.

222 4571 358 4638 [Streblka
372 4571 433 4623 Tab.
447 4572 583 4630 Tiamou„
595 4586 621 4636 p.
634 4571 691 4633 280,
708 4586 734 4621 n.
747 4571 815 4637 im]

121 4671 276 4730 Confirmat
298 4670 391 4728 ordini
415 4669 656 4727 Tbeutonicorum
683 4685 766 4728 usum
794 4670 914 4728 mantel·

147 4762 239 4819 lorum
253 4768 282 4818 et
295 4760 417 4817 aliarum
431 4759 553 4817 vestium
569 4758 726 4816 secundum
740 4766 888 4817 statutum.

162 4870 330 4930 Honorius
339 4869 524 4945 episcopus,
536 4883 651 4929 servus
662 4883 833 4929 servorum
845 4868 915 4940 Dei,

122 4966 201 5027 filiis
216 4969 405 5028 Hermanno
424 4967 583 5043 magistro
599 4967 632 5028 et
648 4966 818 5037 tratribus,
839 4967 915 5038 eto,

121 5064 262 5126 salutem
276 5064 309 5123 et
321 5064 537 5140 apostolicam
552 5064 827 5126 benedictionem.

162 5166 218 5233 Ea,
230 5177 302 5239 quae
311 5161 433 5223 statuta
445 5163 522 5223 sunt
531 5162 668 5238 provide
678 5163 710 5223 et
718 5161 916 5238 Apostolicaa

123 5261 218 5322 Sedis
233 5257 416 5319 munimine
431 5258 596 5331 roborata,
612 5259 808 5321 inconcussa
825 5258 918 5319 decet

122 5359 155 5420 et
169 5356 296 5418 illibata
318 5355 446 5416 servari
463 5356 497 5416 et
519 5356 664 5430 gaudere
687 5357 845 5432 perpetua
859 5356 918 5415 iir-

122 5456 246 5516 mitate.
262 5455 340 5514 Cum
356 5453 458 5528 igitur
471 5453 619 5513 ordinem
636 5453 776 5514 fratrum
792 5453 916 5530 Hospi-

120 5552 198 5613 talis
213 5549 506 5626 Hierosolymitani
524 5549 613 5610 ciros
629 5565 793 5626 pauperes
811 5552 844 5611 et
864 5550 917 5609 in-

715 319 912 385 trHONORII
935 319 981 379 111
1002 319 1149 380 OPERA.

1712 322 1767 381 oto

971 475 1112 540 clericos
1130 477 1164 539 et
1184 476 1306 540 milites
1321 493 1361 540 ac
1381 478 1467 540 alios
1486 479 1609 541 iratres
1624 475 1660 539 in
1675 478 1767 541 domo

970 578 1083 636 restra
1110 574 1294 637 statueritis
1320 574 1576 648 observandum,
1605 577 1706 653 idque
1729 578 1768 639 sit

971 672 1067 733 Sedis
1090 671 1290 749 Apostolioae
1317 673 1492 750 privilegio
1517 674 1765 750 confirmatum

971 769 1171 832 auctoritate
1191 769 1285 831 robis
1307 772 1523 847 praesentium
1546 771 1765 847 indulgemus,

971 869 1018 939 ut,
1035 867 1161 928 nullius
1191 868 1453 930 contradictione
1481 868 1647 940 obstante,
1668 868 1766 931 libere

972 965 1113 1027 utamini
1122 966 1287 1027 mantellis
1297 967 1330 1028 et
1338 964 1580 1038 aliisrestibus,
1589 967 1764 1028 secundum

971 1064 1133 1124 statutum
1157 1063 1285 1124 ordinis
1310 1063 1425 1136 vestri,
1452 1067 1567 1125 nostro
1596 1063 1764 1140 privilegio

972 1159 1216 1231 confirmatum,
1227 1159 1413 1220 districtius
1427 1159 1630 1230 inhibentes,
1645 1175 1689 1220 ne
1700 1162 1763 1236 quir

972 1256 1005 1317 id
1019 1257 1231 1333 aliquatenus
1242 1257 1420 1334 probibere
1435 1258 1488 1320 vel
1503 1257 1670 1334 impedire
1685 1274 1762 1334 prae-

972 1357 1092 1415 sumat.
1110 1355 1202 1415 Nulli
1222 1370 1302 1431 ergo
1321 1356 1456 1416 omnino
1478 1355 1655 1417 bominum
1678 1356 1762 1419 liceat

972 1451 1060 1512 banc
1073 1452 1229 1528 paginam
1245 1453 1366 1513 nostrae
1386 1454 1616 1514 concessionis
1634 1454 1667 1514 et
1681 1453 1759 1514 inbi-

973 1548 1113 1612 bitionis
1133 1549 1328 1624 intringere,
1353 1550 1407 1612 vel
1430 1551 1462 1612 ei
1484 1566 1570 1611 ausu
1595 1552 1759 1613 temerario

972 1647 1150 1708 contraire.
1167 1646 1202 1707 Si
1217 1647 1291 1723 quis
1306 1649 1416 1708 autem
1431 1648 1495 1709 hoc
1509 1648 1679 1710 attentare
1692 1665 1757 1724 pra

972 1744 1161 1820 sumpserit,
1178 1743 1440 1820 indignationem
1460 1745 1698 1822 omnipotentis
1712 1748 1756 1806 bei

972 1846 1004 1904 et
1014 1842 1186 1903 beatorum
1196 1842 1285 1904 Petri
1295 1843 1432 1904 etPauli
1443 1844 1675 1919 apostolorum
1686 1847 1753 1920 ejus,

972 1955 1008 2000 se
1033 1939 1165 2001 noverit
1189 1939 1413 2001 incursurum.
1448 1942 1570 2001 Datum
1601 1942 1752 2013 Laterani,

971 2038 1000 2098 V
1013 2035 1256 2113 idusjanuarii,
1269 2037 1533 2114 pontitio.nostri
1542 2052 1634 2099 anno
1644 2038 1751 2114 quinto.

1267 2195 1478 2284 CLXXVII

1018 2332 1070 2392 Ad
1091 2331 1301 2406 mootrtrum
1320 2332 1354 2391 et
1372 2332 1506 2404 fratros
1525 2331 1715 2406 Hospitalis

1120 2430 1156 2489 S·
1172 2430 1298 2489 Marica
1320 2429 1619 2491 leutoutcorum.

1277 2531 1367 2603 ajon.
1386 2532 1464 2589 1221.

1023 2626 1159 2691 [Strelblra
1173 2627 1276 2678 Tabulae
1288 2627 1342 2677 ord.
1355 2628 1493 2686 Theman..
1507 2643 1533 2694 p.
1545 2629 1602 2687 ml,
1613 2644 1639 2678 n.
1650 2629 1711 2693 eoa]

972 2725 1070 2784 Ordini
1078 2723 1253 2783 Tireutonioo
1263 2725 1394 2783 concedit
1406 2728 1601 2786 immunitates
1611 2728 1752 2801 Hospitalis

1286 2821 1315 2871 et
1332 2815 1453 2887 Templi.

1013 2913 1181 2974 Honorius
1193 2913 1504 2991 episcopusservus
1514 2914 1752 2981 servorumbei.

972 3009 1102 3072 dilectis
1117 3010 1195 3070 tiliis
1211 3013 1401 3072 Hermanno
1415 3011 1578 3086 magistro
1598 3013 1631 3072 et
1649 3011 1752 3072 fratri·

973 3107 1034 3169 bus
1056 3108 1237 3185 Hospitalis
1260 3110 1390 3170 Sanctae
1408 3109 1525 3170 Mariae
1547 3109 1756 3170 Tbeutonico-

972 3221 1046 3266 rum
1066 3204 1371 3282 Hlarosolymitani,
1393 3206 1534 3268 salutem
1556 3207 1589 3268 et
1608 3207 1757 3284 apostoli·

972 3318 1045 3363 cam
1060 3300 1335 3363 benedictionem.

1011 3400 1130 3461 Vestra
1156 3398 1288 3474 religio,
1311 3402 1407 3477 cujus
1430 3399 1538 3460 bonus
1563 3400 1648 3461 odor
1672 3401 1757 3477 longe

972 3496 1103 3574 lateque
1131 3496 1338 3569 diffunditur,
1360 3497 1540 3574 specialem
1570 3498 1758 3574 apostolica

973 3593 1068 3655 Sedis
1086 3593 1233 3655 savorem
1248 3595 1281 3655 et
1294 3595 1437 3670 gratiam
1452 3596 1675 3683 promeretur.
1691 3599 1758 3656 cun

972 3692 1075 3768 igitur
1089 3692 1239 3753 ordinem
1253 3691 1392 3754 fratrum
1403 3693 1589 3769 Hospitalis
1603 3694 1757 3755 Hieroso·

971 3789 1123 3868 lymitani
1137 3789 1226 3850 circa
1239 3804 1402 3866 pauperes
1412 3792 1446 3850 et
1455 3789 1620 3863 infirmos,
1631 3790 1759 3853 fratrum

971 3903 1050 3949 vero
1066 3886 1194 3949 militiae
1209 3887 1336 3963 Templi
1349 3887 1438 3948 cirea
1451 3887 1595 3949 clericos
1605 3889 1760 3950 etmilitcs

972 4001 1011 4046 ac
1026 3985 1111 4045 alios
1126 3984 1247 4046 iratres
1261 3985 1295 4045 in
1311 3983 1408 4045 domo
1422 3986 1534 4046 vestra
1547 3986 1689 4061 provide
1702 3987 1760 4046 ins·

971 4083 1104 4144 titutum
1128 4080 1340 4143 laudabiliter
1354 4081 1549 4153 observetis,
1570 4099 1634 4144 nos
1649 4085 1759 4145 volen-

971 4180 1032 4247 tes,
1047 4182 1083 4240 ut
1098 4179 1170 4240 sitis
1191 4194 1287 4256 pares
1305 4179 1339 4238 in
1360 4179 1572 4241 assecutIone
1586 4180 1758 4258 apostolici

971 4275 1136 4346 beneficii,
1154 4276 1272 4353 quibus
1288 4276 1321 4336 in
1335 4277 1528 4352 operatione
1538 4278 1702 4339 virtutum
1715 4279 1759 4355 pio

972 4373 1110 4435 studetis
1130 4373 1297 4450 proposito
1315 4373 1495 4451 adaequari,
1518 4389 1635 4435 omnes
1664 4376 1758 4437 liber-

972 4472 1068 4542 tates,
1094 4471 1319 4533 immunitates
1343 4486 1383 4532 ao
1408 4470 1648 4547 indulgentias,
1663 4489 1758 4534 vene·

971 4568 1085 4630 randis
1108 4567 1259 4629 domibus
1277 4568 1511 4645 praedictorum
1531 4571 1716 4646 Hospitalis
1734 4571 1761 4630 et

970 4666 1097 4743 Templi
1111 4665 1152 4726 ab
1162 4666 1351 4742 apostolica
1364 4666 1448 4727 Sede
1458 4683 1649 4737 concessas,
1658 4667 1760 4729 domui

971 4767 1091 4826 vestrae
1104 4752 1334 4839 concedimus,
1345 4765 1389 4832 et,
1399 4764 1436 4825 ut
1447 4765 1497 4824 eis
1508 4766 1652 4826 utamini
1667 4765 1761 4826 libere

972 4862 1058 4923 sicut
1071 4861 1132 4932 illi,
1151 4859 1245 4922 vobis
1263 4861 1462 4923 auctoritate
1482 4863 1700 4937 praesentium
1715 4864 1761 4922 iu·

972 4958 1156 5033 dulgemus.
1191 4956 1283 5018 Nulli
1314 4972 1393 5034 ergo
1425 4959 1559 5019 omnino
1594 4958 1759 5021 bominum

972 5055 1071 5118 liceat
1095 5055 1182 5116 bauo
1204 5055 1360 5131 paginam
1390 5056 1511 5116 nostrae
1540 5058 1760 5119 concessionis

971 5152 1164 5228 intringere,
1180 5152 1231 5213 vel
1246 5152 1277 5213 ei
1293 5167 1377 5213 ausu
1392 5152 1571 5214 temerario
1587 5156 1757 5216 contraire.

973 5251 1007 5311 Si
1023 5251 1096 5327 quis
1111 5252 1221 5311 autem
1244 5250 1307 5311 boo
1326 5251 1490 5312 attentare
1504 5252 1758 5329 praesumpserit.

971 5348 1233 5424 indignationem
1251 5347 1493 5424 omnipotentis
1517 5348 1589 5419 Dei,
1603 5352 1637 5410 et
1653 5349 1761 5410 beato-

971 5463 1044 5508 rum
1058 5444 1148 5507 Petri
1163 5445 1196 5507 et
1206 5444 1302 5506 Pauli
1316 5445 1542 5522 apostolorum
1558 5447 1643 5521 eJus,
1656 5462 1691 5507 se
1705 5461 1761 5505 no-

970 5544 1058 5606 verit
1072 5544 1295 5603 incursurum.
1320 5544 1438 5603 Datum
1461 5542 1629 5613 Laterani,
1650 5545 1678 5603 V
1692 5542 1761 5602 idus

123 5648 246 5718 firmos,
270 5647 408 5708 fratrum
427 5662 507 5708 vero
529 5646 656 5708 militiae
677 5647 805 5724 Templi
826 5648 915 5708 circa
967 5641 1127 5719 januarii,
1143 5639 1353 5717 pontificatus
1369 5639 1474 5701 nostri
1489 5656 1578 5701 anno
1592 5640 1715 5717 quinto.
