3774 6186
121 274 217 364 set*

413 489 628 579 LXXXVII

142 625 194 683 Ad
217 624 439 684 Benedictnm
463 604 661 700 episcopum
681 629 895 690 scarensem.

418 738 437 795 b
456 752 521 797 nov.
541 739 618 798 tato.

288 840 430 908 [Liljegren
441 844 460 893 l.
472 859 505 902 c..
519 859 545 909 p.
561 845 616 902 tlt,
628 859 655 895 u.
671 845 737 910 lun]

158 942 290 1014 Largitur
310 942 337 998 ei
359 943 502 999 Honorius
519 941 683 1000 facultatem
705 944 880 1003 concedendi

352 1030 491 1103 quasdam
507 1030 711 1105 indulgentias.

162 1139 329 1200 Honorius
340 1140 652 1216 episcopusservus
663 1157 835 1203 servorum
844 1143 914 1214 Dei,

122 1234 305 1296 venerabili
331 1235 463 1298 fratri...
492 1238 647 1315 episcopo
671 1240 837 1310 scarensi,
861 1256 918 1300 sa·

120 1333 223 1393 lutem
239 1335 271 1394 et
285 1333 500 1409 apostolicam
513 1333 787 1398 benedictionem.

160 1432 230 1490 Tua
254 1430 349 1492 nobis
377 1429 509 1493 devotio
541 1432 751 1510 supplicavit,
779 1435 814 1495 ut
842 1450 916 1496 cum

121 1527 271 1603 quaedam
283 1528 425 1590 ecclesia
436 1529 470 1590 in
482 1529 538 1592 tua
551 1529 687 1592 dioecesi
701 1531 741 1591 ad
756 1531 916 1592 honorem

122 1625 192 1694 bei,
208 1625 241 1685 et
254 1623 349 1687 bonas
373 1628 542 1689 memoriae
563 1627 694 1691 Nicolai
718 1629 914 1706 presbyteri,

122 1722 190 1798 qui,
209 1722 285 1781 dum
310 1723 482 1799 quemdam
511 1725 705 1787 visitaturus
733 1726 914 1799 intirmum,

122 1834 244 1895 corpus
269 1821 390 1882 Christi
415 1824 572 1897 portaret,
593 1822 636 1883 ab
659 1823 770 1900 impiis
797 1824 918 1885 imma-

122 1919 211 1977 niter
233 1917 439 1989 interfectus,
458 1919 643 1995 insignibus
672 1924 825 1982 coruscat
853 1922 918 1982 mi-

121 2014 258 2084 raculis,
276 2014 403 2091 ceperit
427 2015 584 2078 fabricari
602 2016 813 2080 visitantibus
829 2034 914 2089 eam,

121 2112 268 2188 aliquam
284 2128 418 2173 suorum
434 2114 661 2189 peccaminum
675 2115 916 2192 indulgentiam

122 2209 304 2270 concedere
323 2209 547 2285 dignaremur.
563 2213 647 2283 Quia
668 2227 747 2274 vero
771 2214 915 2274 nondum

122 2306 296 2383 superbis
322 2306 418 2368 nobis
442 2308 547 2385 potuit
575 2308 673 2385 plene
695 2309 838 2387 liquere,
855 2326 916 2372 nos

121 2406 162 2465 de
177 2404 378 2466 discretione
400 2406 457 2466 tua
479 2405 610 2482 plenam
628 2407 662 2467 in
678 2408 817 2469 Domino
831 2408 917 2468 fidu·

121 2502 206 2562 ciam
222 2501 421 2573 obtinentes,
440 2501 640 2565 fraternitati
657 2505 723 2565 tnae
738 2504 917 2581 indulgen-

120 2600 201 2660 tiam
229 2598 418 2676 bujusmodi
451 2615 524 2661 eam
551 2600 761 2663 visitantibus
787 2603 850 2664 rite
876 2618 916 2664 ae

122 2697 258 2774 provide
271 2696 484 2766 concedendi,
499 2697 636 2759 liberam
648 2699 708 2760 tibi
719 2700 916 2762 auctoritate

122 2794 335 2872 praesentium
348 2793 560 2863 concedimus
573 2795 774 2858 facultatem.

160 2894 278 2953 Datum
288 2894 499 2965 Laterani,11
510 2893 825 2967 nonasnovembris,
836 2909 917 2972 pon·

753 309 981 370 EPISTOLAE.
996 311 1083 411 LIB.
1108 313 1145 371 V.

1709 311 1770 378 ΜΒ

973 469 1183 544 Christiano,
1211 489 1276 534 non
1306 474 1515 546 dubitamus,
1544 473 1768 538 desideratum

972 568 1131 631 effectum
1155 571 1348 644 sortiantur,
1362 573 1556 636 discretioni
1573 576 1694 636 vestrae
1709 589 1769 652 per

972 666 1163 741 apostolica
1176 669 1298 744 scripta
1315 671 1521 743 mandamus,
1539 673 1701 748 quatenus
1716 672 1771 748 ip-

959 756 1045 822 ‘sum
1061 778 1175 840 regem
1190 780 1264 826 cum
1276 768 1399 829 nostris
1415 767 1537 829 litteris
1548 767 1770 845 personaliter

972 859 1143 923 adeuntes·
1154 861 1195 922 ad
1212 862 1244 923 id
1268 879 1405 924 monere
1419 867 1590 936 attentius,
1608 869 1640 928 et
1654 865 1770 928 effica-

972 958 1058 1018 citer
1081 958 1240 1021 inducere
1265 962 1437 1025 studeatis.
1469 964 1588 1024 Datum
1613 964 1769 1024 Laterani

971 1057 1000 1114 ll
1017 1071 1124 1117 nonas
1140 1058 1306 1128 novemb,
1331 1059 1543 1134 pontificatus
1557 1061 1661 1122 nostri
1678 1076 1766 1121 anno

974 1153 1100 1230 quinto.

1275 1263 1468 1357 LXXXIX

971 1388 1022 1444 nil
1033 1388 1209 1447 Nicolaum
1218 1389 1412 1462 episcopum
1421 1392 1772 1463 Tusculanumrtpos·

1012 1484 1121 1544 toiicae
1134 1485 1232 1546 Sedis
1249 1486 1411 1560 tapetum,
1428 1486 1461 1546 el
1477 1486 1674 1547 alatrinum
1687 1488 1768 1548 snb·

1011 1582 1203 1641 citocotiam.

1272 1658 1371 1715 tnov.
1391 1661 1467 1718 lato.

1049 1763 1194 1828 [Raynaldn
1204 1765 1271 1815 Xon.
1288 1764 1391 1822 ficales,
1407 1766 1438 1815 ad
1452 1780 1512 1816 ano.
1529 1766 1599 1825 lato,
1611 1767 1624 1832 Ι
1636 1767 1686 1832 li]

971 1861 1054 1918 llittit
1065 1863 1207 1919 Honorius
1218 1861 1254 1919 ad
1264 1863 1424 1932 Nicolaum,
1437 1864 1575 1938 legatum,
1587 1865 1767 1938 capitularia,

1006 1949 1059 2006 sub
1074 1952 1191 2007 nomine
1211 1953 1292 2025 regio
1316 1953 1344 2009 in
1369 1954 1450 2027 leges
1468 1952 1597 2026 publicas
1610 1951 1769 2028 redigenda

1006 2047 1033 2096 et
1044 2039 1071 2095 in
1086 2039 1132 2096 die
1144 2041 1340 2099 coronationis
1352 2043 1382 2098 in
1396 2043 1518 2100 Basilica
1533 2043 1670 2116 principis
1682 2057 1768 2116 apos·

1006 2128 1127 2186 totorum
1145 2128 1314 2198 solemniter
1326 2129 1506 2204 publicanda.

1011 2238 1057 2297 De
1080 2238 1246 2298 communi
1265 2238 1406 2300 fratrum
1422 2244 1610 2302 nostrorum
1626 2239 1767 2303 consilio

971 2334 1183 2408 praesenlIum
1212 2335 1305 2397 vobis
1331 2338 1530 2400 auctoritate
1555 2338 1763 2410 mandamus,

970 2434 1135 2507 quatenus
1157 2431 1337 2496 efficaciter
1359 2434 1532 2507 studeatis,
1549 2439 1586 2496 ut
1602 2434 1771 2512 capitula·

970 2529 1032 2600 ria,
1056 2544 1129 2605 quae
1143 2528 1238 2591 vobis
1252 2531 1413 2594 mittimus
1429 2533 1648 2610 praesentibus
1663 2534 1769 2596 inter-

970 2625 1074 2698 clusa,
1100 2627 1161 2687 sub
1199 2630 1460 2704 competentibus
1486 2630 1611 2703 verbis,
1636 2632 1769 2693 servata

971 2725 1146 2797 sententia,
1161 2725 1222 2787 sub
1239 2727 1373 2788 nomine
1388 2729 1480 2803 regio
1496 2728 1637 2805 leleges
1653 2727 1767 2807 publi·

971 2836 1027 2882 cas
1055 2822 1259 2897 redigantur,
1284 2825 1444 2902 nobisque
1468 2826 1644 2888 mittantur
1665 2826 1767 2902 regiae

969 2917 1069 2980 bullae
1085 2919 1240 2981 roborata
1255 2923 1448 2995 munimine,
1458 2923 1493 2984 in
1506 2924 1560 2985 die
1573 2925 1766 2986 coronatio·

970 3017 1022 3076 uis
1037 3016 1097 3078 sub
1113 3017 1279 3094 imperfali
1293 3020 1426 3081 nomine
1437 3021 1469 3081 in
1482 3020 1626 3083 Basilica
1640 3021 1769 3099 princi·

970 3113 1020 3188 pis
1035 3114 1262 3190 apostolorum
1284 3115 1476 3179 solemniter
1490 3117 1701 3195 publicanda.
1718 3117 1768 3180 Ad

971 3210 1041 3270 baec
1068 3211 1256 3287 prudenter,
1282 3213 1315 3274 et
1334 3217 1429 3274 caule
1445 3214 1606 3276 studeatis
1621 3214 1766 3276 investi-

121 2991 268 3052 titlcatus
283 2990 386 3051 nostri
405 3005 495 3053 anno
510 2991 635 3068 quinto.

402 3159 636 3246 LXXXVIII

119 3293 913 3368 semproniensemclanmorememepneopos.

158 3390 194 3451 ct
217 3389 373 3451 abbatem
401 3393 442 3450 cte
473 3393 649 3481 Morcrola
677 3391 915 3452 cislerciensis

160 3488 295 3548 ordtms
308 3489 535 3548 zamorensis
548 3489 713 3549 diaecesis.

422 3599 519 3657 lnov.
533 3599 611 3657 latu.

274 3705 425 3770 [biennique.
437 3705 505 3755 Ana.
516 3705 630 3764 Cirtam..
638 3706 680 3763 lv.
690 3705 758 3770 tue]

157 3783 308 3860 beeadem
317 3801 454 3859 missione
469 3801 632 3859 nuntiorum
645 3815 678 3858 ac
694 3801 722 3857 iu
736 3800 879 3860 lxxxiv

970 3407 1124 3482 positum,
1150 3410 1216 3469 tam
1244 3425 1344 3486 super
1369 3410 1505 3472 vitanda
1527 3411 1643 3487 regni,
1669 3413 1769 3488 atque

970 3504 1099 3580 imperii
1114 3505 1246 3577 unione,
1260 3523 1358 3583 quam
1371 3523 1472 3583 super
1484 3507 1631 3569 subsidi0
1652 3510 1764 3570 Terrae

970 3604 1763 3680 sanctasexpresseregiisauribusinculcantes;

969 3699 1054 3774 quod
1068 3700 1199 3761 videtur
1221 3703 1336 3763 contra
1351 3703 1526 3779 promissa,
1543 3707 1575 3765 et
1591 3702 1768 3781 privilegia

969 3812 1029 3856 sua
1049 3796 1225 3859 manifesta
1246 3800 1390 3871 venisse,
1412 3817 1486 3861 cum
1502 3803 1534 3862 et
1549 3801 1654 3862 fllium
1669 3817 1767 3863 suum
1818 3876 1828 3895 ι

458 3889 590 3963 epistola.
664 3950 674 3970 ‚
969 3895 1164 3955 coronatum
1180 3896 1214 3954 in
1226 3911 1338 3972 regem
1349 3896 1485 3969 Siciliae,
1498 3897 1532 3958 in
1544 3900 1767 3960 Romanorum

158 3989 207 4051 Ad
232 3988 436 4051 audientiam
461 3990 609 4050 nostram
640 3987 800 4051 noveritIs
833 4004 913 4066 per·
968 4006 1080 4065 regem
1103 3992 1181 4066 eligi
1198 3995 1395 4068 procurarit,
1413 3997 1446 4060 et
1470 3995 1626 4072 praelatos
1642 3996 1675 4057 et
1696 4011 1769 4058 ma-

119 4087 266 4158 venisse,
283 4087 368 4165 quod
387 4087 581 4148 carissimus
611 4085 706 4147 nobis
725 4086 760 4147 in
782 4086 913 4146 Cbristo
969 4088 1086 4160 gnatos
1098 4088 1193 4162 regni
1207 4088 1247 4149 ad
1264 4104 1422 4149 coronam
1433 4090 1561 4153 vocarit
1575 4090 1719 4168 imperii,
1735 4093 1769 4153 et

118 4186 207 4246 tilius
239 4188 289 4256 A„
318 4184 535 4261 legionensis
568 4199 629 4246 rex
657 4183 809 4255 illustris,
835 4199 908 4245 cum
969 4183 1010 4243 ab
1025 4184 1074 4244 eis
1089 4184 1129 4245 de
1152 4201 1237 4246 nova
1260 4186 1429 4248 fidelitatis
1444 4188 1593 4264 exegerit
1608 4189 1641 4250 et
1655 4188 1769 4266 exigat

119 4283 283 4360 contingit
301 4283 341 4344 ad
371 4282 515 4344 nobilem
541 4282 650 4343 virum
673 4281 914 4343 Miramamoli-
964 4284 1168 4358 jnramenta,
1195 4300 1254 4360 per
1277 4301 1350 4361 quae
1378 4285 1411 4345 in
1438 4285 1532 4347 Sedis
1555 4286 1765 4363 apostolica,

119 4397 215 4451 num,
246 4396 305 4440 seu
328 4380 369 4441 ad
396 4379 544 4442 subditos
573 4382 646 4456 ejus
672 4381 807 4440 nuntios
837 4379 915 4439 des·
970 4395 1098 4441 necnon
1112 4382 1317 4457 posteritatis
1334 4397 1404 4444 suae
1415 4383 1625 4461 dispendium
1637 4384 1769 4446 videtur

116 4481 237 4550 tiuare,
249 4493 429 4556 nunquam,
444 4480 502 4538 aut
516 4493 593 4538 raro
609 4477 804 4539 transmittit
815 4477 910 4547 altos,
968 4476 1107 4553 praefata
1133 4480 1214 4540 unio
1243 4481 1435 4557 procurari3
1463 4480 1551 4544 unde
1577 4482 1673 4544 multi
1699 4497 1767 4545 uon

118 4592 218 4652 qnam
243 4575 387 4647 ludaeos,
404 4575 461 4653 qui
487 4575 537 4636 eis
560 4575 713 4647 consilia,
734 4574 767 4636 et
792 4576 911 4635 statum
970 4573 1135 4635 immerito
1166 4576 1385 4638 admirantur.
1423 4578 1663 4640 Necessitatem
1687 4592 1767 4640 vero

117 4674 384 4735 Christianorum
406 4675 587 4748 exponunt,
605 4688 645 4733 ac
670 4675 797 4733 secreta
818 4687 914 4732 reve-
968 4672 1079 4734 Terra
1106 4674 1237 4735 Sanctae
1264 4675 1484 4749 exaggeretis,
1508 4676 1594 4738 sicut
1616 4692 1670 4737 res
1693 4676 1766 4752 ipsa

116 4774 198 4842 lant,
216 4788 259 4833 ex
274 4788 338 4848 quo
363 4771 465 4832 multa
491 4770 663 4847 dispendia
680 4753 911 4847 ipsis‘contin-
968 4769 1137 4845 deposcit,
1173 4771 1383 4833 insinuantes
1421 4772 1525 4847 regtae
1554 4772 1764 4841 celsitudini,

117 4874 209 4945 gunt.
223 4871 291 4930 Nos
302 4871 411 4931 autem
428 4868 587 4935 volentos,
598 4870 755 4945 quantum
767 4869 801 4929 in
818 4868 912 4929 nobis
969 4868 1132 4943 quomodo
1148 4867 1269 4930 fiducia
1285 4872 1318 4930 et
1339 4885 1415 4947 spes
1433 4869 1524 4931 illius
1537 4871 1663 4947 negotii
1678 4871 1712 4933 iu
1726 4887 1766 4934 eo

117 4972 178 5039 est,
196 4968 274 5028 buic
297 4967 385 5029 malo
407 4966 554 5036 obviare,
570 4966 612 5027 ad
632 4967 784 5026 eumdem
801 4979 913 5042 regem
969 4968 1043 5041 post
1066 4968 1169 5027 Deum
1192 4967 1287 5043 quasi
1312 4968 1383 5028 tota
1406 4967 1579 5044 dependet,
1602 4971 1689 5033 sicut
1707 4986 1768 5047 per

118 5065 306 5136 scribimus,
316 5065 485 5141 rogantes,
502 5064 535 5125 at
549 5065 732 5135 monentes,
749 5063 913 5140 quatenus
969 5065 1113 5135 nirntios,
1139 5066 1173 5125 et
1195 5065 1323 5125 litteras
1351 5066 1465 5140 legali,
1495 5066 1709 5144 praelatorum
1733 5072 1768 5130 et

118 5180 192 5225 cum
216 5178 299 5241 opus
321 5161 477 5223 babuerit
500 5161 664 5238 eiusmodi
688 5162 824 5223 nonnos
843 5161 914 5222 des·
968 5159 1128 5221 baronum
1147 5162 1315 5222 exercilus
1330 5163 1510 5225 Christiani
1524 5164 1697 5226 evidenter
1711 5180 1766 5243 ap-

117 5259 359 5337 tinare,potius
373 5259 517 5321 destinet
531 5257 737 5320 Christianos
753 5280 760 5319 :
777 5258 912 5320 neesibi
968 5260 1073 5335 paret,
1097 5260 1130 5320 et
1157 5259 1320 5336 quomodo
1345 5261 1453 5338 ipsum
1469 5262 1515 5324 ita
1538 5263 1704 5326 instanter
1724 5264 1765 5324 ad
1797 5272 1803 5283 ’

118 5361 210 5436 putet
230 5359 272 5419 de
295 5355 485 5418 infidelibus
510 5355 687 5426 fidendum,
703 5359 763 5418 aut
783 5372 840 5418 eos
856 5358 910 5435 qui
968 5372 1126 5417 coronam
1161 5357 1355 5419 vocavimus
1395 5359 1587 5436 specialiter
1626 5359 1689 5422 bac
1726 5361 1767 5423 de

118 5456 270 5518 infideles
284 5454 418 5521 luerunt
431 5455 464 5515 in
480 5454 588 5532 ipsum
604 5454 782 5525 Christum,
799 5455 913 5517 fideles
968 5469 1068 5514 causa
1084 5475 1091 5514 ε
1108 5454 1141 5515 et
1155 5454 1296 5525 addatis,
1311 5455 1395 5533 quod
1408 5456 1474 5516 nisi
1487 5457 1521 5517 in
1532 5457 1669 5518 instanti
1686 5473 1765 5536 pas·

119 5569 217 5635 posse
248 5552 393 5613 exlatere
421 5552 630 5613 Christianis.
652 5554 693 5614 ut
720 5535 801 5628 ergo
828 5552 910 5619 brec,
968 5552 1061 5627 sagio
1074 5552 1237 5613 exercilui
1248 5553 1621 5629 Christianomagnitice
1633 5570 1767 5617 succur-

117 5670 190 5731 quae
215 5651 373 5727 expedire
396 5649 478 5726 ipsis
493 5650 592 5727 atque
608 5648 764 5713 universo
787 5649 911 5711 nomini
968 5652 1071 5720 rator,
1096 5651 1145 5710 est
1169 5650 1284 5726 procul
1311 5649 1411 5710 dnbio
1438 5649 1693 5724 formidandum,
1723 5670 1764 5715 ne

969 3324 1060 3381 gare,
1077 3324 1116 3368 ac
1130 3310 1318 3387 perspicere
1331 3311 1459 3387 regium
1476 3313 1635 3385 animum,
1651 3314 1684 3376 et
1696 3328 1770 3390 pro·
1864 3306 1883 3347 ·,
