3774 6186
205 284 267 346 var

515 454 699 543 CCCLIII

223 598 582 675 coarchiepiscoporum
599 602 851 665 Eboroccoscm
864 599 899 663 ct
913 603 989 675 ejus

475 697 727 775 suffraganeos.

491 819 527 877 ss
541 821 622 892 april.
638 821 716 879 lali.

398 933 513 1000 [1100000
523 934 579 986 1000
592 935 680 995 citato,
691 936 712 998 Ι,
723 950 742 996 0,
754 936 806 998 so]

207 1041 304 1101 110001
320 1049 349 1102 01
363 1041 491 1101 hortatur
504 1043 655 1116 episcopos
674 1041 709 1100 10
724 1058 795 1116 0000
809 1041 999 1113 reformanda,

225 1145 338 1188 necnon
352 1130 388 1188 de
400 1129 643 1204 perturbatoribus
661 1132 744 1206 regui
756 1132 982 1205 compescendis.

246 1256 413 1318 Honorius
421 1257 607 1335 episcopus,
618 1272 734 1319 servus
747 1274 919 1320 servorum
928 1259 998 1332 Dei,

207 1353 454 1415 venerabilibus
476 1354 634 1417 frutribus
650 1355 899 1433 archiepiscopo
915 1356 1002 1420 Ebo-

205 1451 350 1524 sarensi,
367 1453 400 1514 et
419 1452 641 1529 suffraganeis
664 1456 746 1531 elus,
764 1453 916 1528 salutem,
935 1456 997 1518 etc.

247 1548 317 1609 Etsi
327 1548 510 1626 appetenda
523 1549 566 1612 sit
574 1565 642 1627 pax
657 1550 842 1612 dulcedinis
856 1552 998 1623 ratione,

203 1644 239 1706 in
258 1661 322 1721 qua
346 1646 489 1708 cultores
513 1651 584 1724 ojus
604 1649 752 1710 circuitor
774 1648 995 1722 delectantur,

205 1757 249 1803 ex
266 1757 305 1804 eo
326 1744 419 1804 tanto
436 1743 628 1820 diligentius
643 1744 739 1807 debet
757 1746 872 1822 quaeri,
889 1748 922 1808 et
934 1745 999 1808 ha-

205 1839 275 1900 bita
290 1841 401 1901 carius
420 1841 590 1914 custodiri,
614 1859 689 1919 quo,
707 1843 822 1904 eadem
837 1844 998 1920 neglecta,

203 1935 372 1998 contraria
386 1936 479 2013 pacis
495 1937 656 2015 obrepens
670 1939 846 2013 discordia,
861 1956 928 2002 non
944 1957 1000 2003 so-

205 2031 275 2093 lum
286 2034 491 2111 corporibus,
508 2035 564 2096 sed
581 2037 681 2098 etiam
693 2037 868 2098 animabus
881 2039 1001 2100 amari·

109 2178 117 2193 .
204 2129 338 2192 tudines
354 2130 477 2207 ingerit
490 2140 523 2195 et
539 2132 690 2210 dolores3
708 2135 794 2197 sicut
812 2134 999 2212 plusquam

202 2228 349 2305 ‘exprimi
362 2229 483 2302 valeat,
500 2246 520 2292 a
535 2231 648 2294 multis
668 2231 859 2295 multotiens
874 2233 925 2296 est
938 2248 1000 2295 ex-

204 2326 345 2401 portum.

202 2422 205 2427 “
245 2422 338 2484 Unde
360 2440 446 2498 cum,
465 2426 551 2490 sicut
571 2427 760 2489 audivimus
782 2430 815 2490 01
836 2428 996 2502 dolemus,

203 2520 318 2596 gravis
330 2537 451 2597 guerra
466 2523 502 2584 in
515 2539 618 2601 regno
631 2525 760 2602 Angliae
774 2525 914 2603 10010101
929 2525 999 2603 pul·

203 2614 322 2690 lulare,
339 2636 413 2696 000
429 2620 495 2682 nisi
512 2621 613 2685 100011
629 2638 782 2700 repressa
794 2623 949 2684 celeriter
962 2622 997 2684 in

202 2713 305 2776 totius
324 2718 419 2792 regui
445 2719 566 2795 poterit
590 2735 786 2781 excrescere
811 2719 996 2782 detrimen-

202 2812 273 2872 tum
283 2832 291 2873 :
302 2828 343 2873 ne
358 2830 432 2876 sero
445 2815 610 2878 medicina
624 2821 769 2894 paretur,
778 2818 806 2878 sl
817 2832 877 2895 per
886 2832 997 2880 moras

119 2923 127 2931 ·
203 2911 413 2973 convaluerit
437 2912 615 2989 longiores,
646 2914 887 2979 fraternitatem
916 2930 995 2978 ves-

201 3007 288 3068 tram
316 3025 487 3072 monemus
513 3013 546 3074 et
571 3011 743 3075 hortamur
770 3014 906 3086 attente,
936 3027 997 3089 per

201 3105 392 3183 Apostolica
423 3109 517 3171 vobis
550 3110 674 3187 scripta
704 3110 845 3172 firmiter
876 3111 997 3187 praeci-

201 3203 333 3280 piendo,
359 3207 555 3269 mandantes
577 3210 739 3285 quatenus
760 3206 895 3283 singuli,
916 3208 994 3270 tan-

201 3317 300 3380 quam
315 3305 483 3381 propriam
501 3321 635 3367 causam
650 3307 798 3382 agentes,
817 3306 858 3366 ad
876 3305 997 3382 praeci-

202 3399 343 3463 dendam
358 3418 555 3478 guerrarum
576 3403 761 3474 materiam,
779 3403 812 3463 et
823 3403 916 3478 pacis
934 3401 996 3465 100-

202 3495 283 3559 1000
298 3498 508 3561 reformanda
529 3515 626 3561 omne
642 3500 786 3561 studium
801 3500 835 3560 et
849 3499 995 3575 diligen-

201 3595 283 3656 tiam
297 3596 508 3674 impendatIs.

241 3693 372 3755 Etcum
392 3695 501 3756 aliena
526 3694 593 3757 sint
616 3693 845 3771 compescendi
859 3695 993 3764 virtute,

200 3790 257 3868 qui
271 3806 330 3852 suo
346 3792 423 3854 sunt
437 3792 518 3853 vitio
533 3791 673 3869 inquieti
686 3792 873 3853 turbatores
889 3792 992 3869 pacis,

101 3920 104 3927 ι
199 3886 366 3963 spirituali
381 3889 414 3950 et
432 3888 606 3966 temporali
622 3888 828 3951 districtione
844 3903 995 3965 compes-

199 3999 276 4045 cere
297 3984 470 4062 studeatis;
489 3987 537 4048 itu
561 3986 658 4063 quod,
677 3985 729 4049 vel
750 3986 858 4058 inviti,
880 3986 993 4047 dedis-

200 4082 277 4144 cant
287 4085 453 4144 communi
465 4085 567 4161 quieti
579 4085 647 4145 tam
659 4083 808 4161 improbe
818 4082 992 4159 reluctari;

199 4180 232 4240 et
246 4182 387 4257 populus
405 4182 519 4244 sedeat
533 4181 567 4241 10
583 4181 830 4259 pulchritudine
845 4182 948 4258 pacis,
962 4180 994 4242 01

197 4277 314 4353 requie
334 4279 500 4355 opulenta.
521 4279 639 4341 Datum
667 4279 835 4351 Laterani,
860 4281 906 4341 ΙΙΙ
930 4278 994 4339 ha-

198 4372 313 4435 100100
323 4375 413 4443 maii,
426 4375 637 4452 pontificatus
647 4375 753 4438 nostri
765 4391 852 4437 anno
864 4374 990 4453 quinto.

508 4624 689 4712 CCCLIV

271 4766 324 4828 Ad
338 4768 632 4844 archiepiscopum
651 4766 918 4829 Btturtccuscor.

480 4889 515 4948 29
530 4889 611 4962 april.
630 4890 708 4947 llll.

231 5003 351 5068 magoch,
361 5003 407 5054 111.
417 5004 448 5064 V,
461 5004 535 5070 epist.
545 5004 601 5055 111.
616 5005 674 5056 tiss.
687 5005 724 5056 La
735 5005 808 5056 Porto
820 5004 855 5055 10
868 5003 960 5069 Thali]

198 5110 334 5170 Concedit
343 5111 369 5168 ei
384 5118 415 5168 ut
428 5108 463 5168 ad
476 5112 580 5170 nullius
590 5112 783 5184 provisionem
798 5111 898 5169 litteris
912 5124 994 5185 apos·

233 5200 327 5258 1011010
342 5199 408 5272 cogi
423 5200 523 5272 possit,
542 5200 597 5257 uisi
619 5203 647 5257 10
668 5201 723 5258 illis
741 5200 778 5258 de
796 5200 851 5258 hac
871 5214 990 5258 conces·

233 5288 315 5346 sione
330 5288 437 5346 mentio
449 5287 602 5361 peculiaris
614 5286 687 5346 iacta
703 5287 796 5346 luerit.

237 5404 417 5477 Honorius,
444 5404 520 5476 010,
547 5404 733 5467 venerabili
758 5403 855 5467 100101
880 5402 993 5467 archi·

198 5503 354 5580 episcopo
368 5502 582 5565 Biturtcensi.

237 5601 434 5678 Apostolicao
467 5600 563 5665 Sedis
592 5599 779 5677 benignitas
808 5600 897 5663 circa
928 5597 992 5661 sibi

828 262 1010 348 000000
1026 283 1072 346 111
1092 282 1240 347 orsas.

1795 286 1853 347 788

1055 443 1193 507 devotos
1203 458 1277 507 eam
1291 442 1528 508 moderaminis
1541 446 1787 523 providentiam
1799 448 1853 509 ad·

1055 541 1147 605 hibet
1175 544 1221 615 ut,
1244 558 1320 605 cum
1344 558 1401 604 eos
1422 554 1580 607 onerasse
1603 545 1747 617 videtur,
1768 560 1851 607 onus

1056 638 1164 716 ipsum
1179 640 1354 717 opportuni
1369 640 1582 703 relevaminis
1596 643 1708 718 gratia
1722 659 1851 706 recom-

1055 738 1185 814 pensat.
1208 740 1246 798 In
1269 740 1577 815 recompensatione
1599 740 1705 816 igitur
1725 745 1847 819 oneris,

1056 834 1142 911 quod
1166 833 1300 896 subiisti
1326 836 1502 896 occasione
1521 837 1728 913 questionis,
1753 856 1849 917 quam

1055 944 1131 994 oum
1143 931 1263 994 dilecto
1279 931 1347 994 illio
1363 932 1512 995 (1011000
1529 934 1569 996 10
1584 935 1698 996 Insula
1714 936 1850 998 subdia-

1055 1043 1150 1100 cono,
1166 1030 1200 1090 01
1221 1029 1394 1106 capellano
1408 1033 1522 1092 nostro
1541 1046 1642 1108 super
1658 1032 1847 1108 provisione

1054 1126 1160 1202 ipsius
1195 1127 1345 1188 nosceris
1372 1126 1540 1200 habuisse,
1567 1130 1769 1192 auctoritate
1791 1130 1846 1192 tibi

1054 1224 1269 1300 praesentium
1283 1224 1504 1300 indulgemus,
1521 1227 1558 1287 ut
1569 1226 1611 1287 ad
1625 1226 1758 1293 nullius
1774 1244 1848 1304 pro-

1054 1321 1217 1383 visionem
1233 1321 1429 1385 auctoritate
1445 1323 1540 1383 Sedis
1556 1324 1758 1400 1100010Ιί00
1772 1326 1847 1388 tem·

1055 1434 1134 1496 0000
1149 1419 1265 1481 nostro
1287 1419 1361 1495 cogi
1385 1419 1492 1496 possis
1511 1420 1648 1490 invitus,
1668 1421 1846 1495 litteris,si

1055 1532 1137 1594 quas
1150 1517 1191 1578 ad
1201 1518 1234 1579 te
1245 1533 1305 1594 pro
1316 1517 1457 1594 alicujus
1468 1517 1658 1593 provisione
1669 1519 1845 1594 impetrare

1053 1614 1241 1690 contigerit,
1256 1613 1374 1676 001000
1395 1615 1527 1691 penitus
1542 1615 1711 1687 carituris,
1728 1617 1794 1676 nisi
1808 1617 1845 1678 de

1052 1712 1268 1774 concessione
1283 1712 1439 1789 praesenti
1454 1711 1487 1774 01
1505 1714 1576 1788 ejus
1596 1728 1698 1774 causa
1716 1713 1844 1790 plenam

1054 1810 1088 1872 et
1111 1824 1304 1886 expressam
1339 1808 1480 1870 iecerint
1511 1811 1727 1872 mentionem.
1757 1812 1844 1872 Nulli

1053 1923 1144 1983 crgo,
1167 1909 1242 1980 010,
1259 1908 1382 1968 nostrae
1403 1906 1629 1968 concessionis
1649 1907 1841 1983 infringere,

1055 2004 1179 2083 siquis
1194 2006 1316 2077 autem,
1330 2004 1393 2066 eto.
1408 2004 1528 2067 Datum
1542 2006 1713 2078 Laterani,
1731 2008 1776 2067 111
1786 2006 1844 2066 lra-

1053 2101 1169 2167 lendas
1177 2101 1269 2175 maii,
1279 2102 1489 2179 pontificatus
1499 2101 1607 2165 nostri
1617 2118 1708 2165 anno
1718 2104 1840 2181 quinto.

1371 2296 1530 2385 CCCLV

1328 2440 1382 2500 Art
1396 2442 1563 2501 summm.

1333 2559 1369 2618 29
1381 2560 1462 2632 april.
1481 2560 1559 2617 isti.

1084 2675 1202 2737 [liegest.,
1213 2673 1259 2726 lib.
1270 2675 1301 2732 V,
1314 2674 1388 2738 epist.
1399 2674 1521 2725 6111100.
1532 2676 1568 2726 La
1585 2675 1663 2727 Porto
1673 2675 1708 2726 du
1719 2676 1814 2742 sueti]

1051 2780 1185 2854 Indulget
1198 2782 1226 2838 ei
1239 2788 1270 2839 ut
1282 2796 1339 2838 000
1354 2780 1485 2838 obstante
1501 2788 1606 2840 statuto
1618 2784 1739 2842 Concilii
1753 2800 1841 2858 geue·

1086 2870 1153 2928 ralis
1172 2870 1253 2943 plura
1274 2869 1467 2928 ecclesiastica
1485 2869 1626 2929 10001010
1646 2873 1697 2930 001
1717 2872 1842 2930 conterre

1085 2960 1184 3033 possit.

1089 3080 1159 3138 Tua
1174 3076 1269 3138 nobis
1290 3075 1481 3137 fraternitas
1498 3077 1701 3154 supplicavit
1720 3079 1757 3140 ut
1771 3094 1840 3140 cum

1049 3173 1277 3236 ecclesiastica
1300 3172 1461 3234 benoncia
1487 3174 1552 3236 ture
1580 3174 1737 3236 dioecesis
1762 3175 1839 3236 adeo

1050 3268 1118 3329 sint
1138 3267 1267 3328 modica
1294 3266 1472 3344 exiguique
1491 3266 1627 3340 valoris,
1651 3268 1689 3329 ut
1711 3271 1841 3345 propter

1049 3364 1243 3428 tenuitatem
1258 3364 1405 3441 ipsorum
1420 3364 1510 3425 viros
1528 3364 1653 3441 peritos
1667 3365 1729 3427 tibi
1743 3367 1776 3428 ot
1789 3380 1838 3427 eo-

1049 3462 1162 3525 clesiaa
1180 3462 1247 3524 tuas
1273 3461 1453 3538 plurimum
1476 3463 1688 3524 necessarios
1709 3463 1758 3524 ibi
1783 3479 1838 3524 ne-

1050 3575 1152 3637 queas
1173 3559 1329 3631 retinere,
1346 3558 1538 3620 0001000011
1558 3560 1726 3637 aliquibus
1747 3560 1836 3637 plura

1049 3657 1221 3729 beneficia,
1233 3657 1356 3718 statuto
1371 3656 1538 3732 generalis
1553 3657 1696 3718 concilii
1709 3673 1776 3720 non
1790 3656 1845 3719 ob·

1048 3757 1167 3828 stante,
1190 3754 1359 3816 licentiam
1387 3752 1448 3814 tibi
1477 3753 1659 3816 concedere
1688 3755 1834 3830 dignare·

1049 3869 1133 3914 mur.
1161 3854 1231 3915 Nos
1258 3852 1362 3928 igitur
1387 3851 1540 3928 precibus
1566 3852 1634 3914 tuis
1662 3851 1832 3929 benignum

1049 3949 1274 4027 impertientes
1300 3964 1490 4021 assensum,
1516 3949 1712 4025 assignandi
1737 3949 1831 4012 tribus

1047 4048 1130 4110 viris
1155 4046 1296 4120 idoneis,
1319 4047 1352 4109 et
1380 4046 1489 4122 dignis
1515 4046 1708 4123 hujusmodi
1734 4045 1830 4124 gratia

1048 4145 1208 4223 usquead
1223 4143 1448 4220 provisionem
1463 4159 1644 4220 congruam
1662 4144 1760 4220 plura
1778 4144 1827 4204 ho-

1048 4242 1178 4315 001010,
1202 4256 1269 4303 000
1292 4240 1446 4303 01010010
1465 4242 1589 4303 0101010
1614 4241 1755 4303 concilii
1771 4254 1828 4301 me·

1048 4339 1168 4402 morati
1191 4338 1252 4402 tibi
1272 4339 1487 4415 praesentium
1507 4339 1708 4401 auctoritate
1733 4339 1826 4400 licen-

1048 4433 1129 4497 tiam
1149 4433 1369 4509 indulgemus.
1395 4432 1489 4494 Nulli
1504 4447 1595 4508 ergo,
1619 4434 1696 4503 010,
1719 4432 1826 4495 nostra

1048 4530 1274 4594 concessionis
1289 4529 1482 4606 infringere.
1501 4530 1536 4591 Si
1551 4529 1626 4607 quis
1638 4530 1761 4602 autem,
1776 4528 1831 4591 etc.

1048 4629 1166 4691 Datum
1180 4629 1216 4690 ut
1229 4643 1340 4703 supra.

1353 4805 1533 4893 CCCLVI

1106 4951 1158 5011 Art
1173 4950 1211 5010 A.
1227 4949 1470 5010 Pictooeusem
1487 4951 1775 5010 orchtdtocorrum.

1330 5070 1366 5128 29
1378 5070 1459 5144 april.
1477 5071 1555 5129 last.

1091 5184 1213 5252 [liegest.',
1223 5185 1269 5236 lib.
1283 5184 1311 5242 V,
1323 5185 1428 5249 001115.
1442 5186 1498 5237 htss.
1517 5187 1554 5237 La
1564 5186 1640 5237 Porto
1652 5185 1687 5236 du
1699 5185 1788 5249 Thali]

1065 5292 1245 5352 subditorum
1260 5306 1395 5350 excessus
1410 5291 1573 5365 corrigendi
1588 5292 1702 5365 plenam
1717 5294 1742 5350 ei
1754 5290 1817 5348 lacit

1352 5388 1533 5454 potestatem.

1086 5498 1264 5569 Honorius,
1282 5499 1357 5571 010,
1375 5498 1496 5561 1110010
1511 5498 1580 5561 lilio
1598 5502 1636 5561 h.
1651 5497 1834 5561 Pictuvcusi

1047 5596 1293 5659 archidiacono.
