3774 6186
1640 240 1643 245 ¹
1710 283 1766 343 ms

121 283 181 342 847
626 331 631 341 .
739 283 916 344 HONORII
936 284 982 342 ΙΙΙ
1004 284 1153 344 OPERA.

121 457 196 504 esse
219 456 423 519 processum,
448 444 481 504 et
504 441 749 504 nomlnatorum
767 441 919 503 multitu·
971 442 1149 517 quominus
1184 441 1318 518 negotio
1344 445 1425 506 Jesu
1450 441 1577 504 Christi
1605 440 1764 503 auxilium

121 538 233 599 dinem
243 555 476 610 onerosam,ac
487 541 619 615 propter
629 538 703 610 hoc,
714 538 917 599 ordinationi
972 539 1155 608 conterant,
1171 541 1380 615 erimantum
1397 542 1476 618 quin
1497 539 1687 602 conditioni
1708 555 1764 601 eo-

77 623 79 628 ’
121 635 310 713 hujusmodi
323 636 678 706 resistentes‚dilectus
690 635 918 696 fliius...deoa-
973 653 1045 697 rum
1065 638 1100 697 in
1124 637 1215 699 nullo
1240 639 1372 715 penitus
1397 638 1574 714 dirigatur,
1591 638 1765 714 quantum·

42 786 50 801 ,
121 749 185 793 nus
205 736 238 794 et
251 733 410 808 magister
431 736 464 794 S.
488 734 637 794 Mauritii
659 735 839 794 canonicus
854 735 918 794 Le·
971 735 1165 811 cumquede
1184 735 1364 796 honissuis
1387 735 1764 810 erogaturiuhenepla-

121 831 321 891 moricensis
338 847 396 906 pro
410 831 482 908 ipso
494 831 650 908 capitulo,
663 830 832 907 elpraeiati
841 833 877 890 Ρ.
885 832 918 890 et
971 833 1037 893 cito
1050 833 1242 894 conditoris.
1259 834 1401 911 Ideoque
1417 833 1664 894 fraternitatem
1679 834 1763 893 tuam

119 929 156 988 B.
169 943 228 1003 pro
245 943 281 988 se
295 944 335 988 ac
350 944 409 1004 pro
426 928 501 989 aliis
512 928 691 990 nominatis
706 930 840 1005 propter
854 927 916 988 hoc
971 945 1148 991 monemus·
1177 932 1301 992 attente
1331 947 1391 1007 per
1421 931 1614 1007 Apostolica
1646 930 1764 1006 scripta

33 1074 36 1079 .
118 1024 160 1084 ad
173 1026 319 1085 nostram
329 1025 541 1101 praesentiam
558 1027 781 1096 accesserunt,
796 1024 916 1101 quihus
971 1028 1179 1095 mandantes,
1192 1030 1354 1105 quatenus
1369 1029 1403 1088 in
1418 1030 1509 1089 terra
1524 1029 1592 1089 tuae
1607 1028 1763 1103 legationi

120 1120 276 1182 dilectum
304 1123 407 1182 tilium
432 1125 581 1184 nostrum
600 1126 637 1183 P.
656 1122 767 1184 Sancti
783 1121 915 1197 Georgii
971 1126 1158 1196 commissa,
1171 1126 1388 1187 ecclesiarum
1400 1129 1630 1202 exemptarum
1643 1126 1762 1202 praela-

118 1218 159 1279 ad
173 1220 283 1280 velum
294 1235 431 1280 aureum
446 1220 620 1281 diaconum
634 1219 918 1291 cardinalemde-
970 1226 1021 1285 tos
1045 1226 1111 1284 tam
1133 1223 1339 1293 Cisteroien„
1356 1239 1454 1301 quam
1477 1224 1687 1296 cluniacen„
1709 1239 1763 1283 seu

119 1316 227 1376 dimus
243 1317 444 1391 auditorem3
463 1317 519 1377 sed
533 1317 686 1393 jamdicti
702 1321 738 1378 Ρ.
754 1321 787 1378 et
804 1320 840 1377 Β.
857 1333 916 1378 co·
971 1322 1264 1382 Praemonstraten.
1286 1320 1450 1390 ordinum,
1470 1322 1506 1382 ut
1524 1321 1684 1398 praedicto
1704 1337 1762 1382 ne-

118 1429 191 1474 ram
208 1413 324 1474 eodem
337 1414 498 1474 cardinali
509 1431 569 1490 pro
583 1431 618 1475 se
634 1414 806 1476 dumtaxat
819 1429 917 1489 agen-
970 1420 1059 1493 gotio
1091 1418 1265 1479 conserant
1299 1418 1385 1479 sicut
1413 1417 1565 1479 ecclesiae
1594 1418 1673 1479 aliae
1702 1434 1762 1479 non

118 1511 180 1580 tes,
191 1527 250 1587 pro
265 1511 342 1571 aliis
358 1512 537 1572 nominatis
552 1512 587 1571 in
598 1512 739 1573 ecclesia
757 1511 915 1587 praedicta
971 1518 1143 1591 exemptae,
1162 1531 1298 1576 moneas
1317 1515 1499 1577 efficaciter
1512 1516 1547 1576 et
1566 1515 1718 1586 inducas,
1733 1517 1763 1577 et

116 1607 288 1668 canonicis
303 1624 402 1683 agere
422 1609 612 1670 noluerunt.
630 1611 700 1670 Nos
724 1609 827 1684 igitur
849 1608 912 1679 his,
970 1613 999 1672 si
1025 1630 1107 1689 opus
1130 1612 1230 1675 luerit
1251 1614 1448 1674 auctoritate
1469 1615 1598 1684 nostra,
1616 1615 1762 1674 cessante

116 1720 191 1780 qnae
211 1721 321 1765 coram
341 1706 491 1767 auditore
505 1706 662 1782 praedicto
677 1706 812 1767 luerunt
838 1706 915 1766 hinc
969 1711 1192 1787 appellatione
1225 1710 1414 1787 compellas.
1442 1713 1562 1773 Datum
1596 1711 1759 1782 Laterani,

117 1801 195 1862 iude
211 1803 389 1879 proposita,
408 1819 468 1878 per
483 1807 555 1880 ejus
568 1804 765 1864 relationem
781 1804 914 1880 plenius
970 1810 1013 1868 lv
1028 1807 1103 1868 idus
1113 1809 1189 1885 juni
1205 1824 1292 1868 anuo
1308 1808 1435 1885 quinto.

117 1898 308 1970 intellectis,
321 1901 398 1976 quia
412 1901 601 1960 invenimus
612 1904 645 1961 et
658 1901 914 1978 appellationem

118 1995 300 2071 legitimam
313 1998 523 2072 praecessisse
535 2000 568 2059 ct
586 2000 830 2059 nominatorum
847 2014 913 2059 nu-

118 2108 247 2153 merum
258 2094 556 2171 excessisseipsius
567 2096 716 2156 ecclesiae
727 2095 912 2168 facultates,

118 2190 159 2250 de
178 2190 318 2251 fratrum
346 2193 536 2253 nostrorum
561 2195 702 2255 consilio
731 2195 915 2256 sententia-

118 2286 197 2349 liter
213 2288 416 2349 irritavimus
432 2290 515 2367 quod
533 2291 573 2352 de
595 2291 741 2367 praefatis
763 2295 799 2352 P.
823 2293 856 2353 et
875 2295 911 2353 B.

118 2400 180 2461 per
205 2385 309 2446 dictos
343 2387 650 2462 Petregoricensem
665 2389 856 2466 episcopum
881 2391 914 2451 et

119 2485 192 2559 ejus
220 2484 346 2543 socium
372 2484 495 2545 iactum
522 2485 594 2546 fuit.
616 2486 758 2563 Ideoque
787 2487 914 2548 discre-

117 2580 203 2640 tioni
218 2581 337 2642 vestrae
361 2597 421 2658 per
437 2583 625 2658 Apostolica
637 2585 758 2660 scripta
775 2585 914 2644 manda-

117 2693 204 2745 mus,
219 2684 382 2753 quatenus
398 2680 483 2757 quod
508 2695 526 2739 a
550 2680 644 2740 nobis
659 2684 710 2741 est
730 2683 914 2742 sententia-

118 2773 196 2834 liter
206 2774 395 2848 dildnitum,
412 2775 910 2851 iacientesdrmiterohservari,

118 2869 294 2930 ecclesiam
305 2871 410 2947 ipsam
422 2871 555 2948 fatigari
569 2874 683 2932 contra
695 2874 841 2934 nostram
854 2874 914 2934 dii·

118 2966 281 3028 tlnitivam
309 2970 508 3038 sententiam
535 2986 599 3030 non
620 2970 749 3031 sinatis.
773 2973 913 3032 Contra·

117 3063 262 3125 dictores
282 3080 423 3127 censura
446 3067 682 3139 ecelesiastica,
700 3068 911 3144 suniatoap-

118 3162 310 3238 pellationis
323 3162 507 3236 obstaculo,
520 3166 769 3240 compescendo.
780 3167 871 3238 Quod
883 3167 912 3226 si

118 3275 185 3321 uon
209 3275 335 3332 omnes,
357 3263 417 3322 etc.
442 3263 560 3323 Datum
580 3264 748 3334 Laterani,
775 3266 818 3324 lV
837 3265 912 3325 idus

115 3357 214 3435 junii,
231 3359 441 3434 pontificatus
456 3359 562 3422 nostri
577 3375 664 3420 anno
678 3361 805 3438 quinto.

392 3691 640 3779 dcccxxvi

145 3843 198 3901 Ad
217 3843 413 3903 coinredum
434 3842 665 3904 Portueoscm
686 3845 893 3918 episcopum,

272 3940 472 4012 apostoncae
487 3943 584 4001 Sedis
598 3941 760 4016 laeetana.

409 4080 443 4137 ¹0
454 4080 525 4153 junii
543 4080 621 4137 lati.

150 4204 272 4268 [liegest.,
282 4202 327 4252 lih.
338 4203 370 4261 V,
380 4202 454 4267 epist.
464 4203 520 4253 323.
537 4204 594 4252 llss.
608 4205 644 4254 La
655 4203 730 4253 Porta
739 4202 774 4253 du
785 4205 880 4267 Thali]

117 4318 235 4378 blandat
248 4327 277 4375 ut
291 4319 317 4374 in
332 4327 405 4376 terra
416 4318 552 4390 legationi
565 4335 624 4376 suae
635 4320 800 4388 commissa,
811 4321 910 4378 Eccle-

152 4409 260 4463 siarum
275 4414 470 4479 exemptarum
488 4407 620 4478 prelatos
634 4407 839 4480 cujuscumque
855 4411 912 4465 sint

153 4495 261 4552 ordinis
276 4494 310 4550 ad
323 4493 494 4550 conserenda
509 4496 626 4568 negotio
640 4494 705 4552 helli
716 4504 813 4554 contra
825 4496 912 4554 haere·

109 4653 113 4659 .
153 4585 225 4642 ticos
237 4581 361 4640 subsidia
375 4588 472 4654 cogat.

156 4718 340 4790 Honorius,
364 4718 440 4789 etc„
461 4716 646 4779 venerabili
672 4717 767 4780 tratri
795 4723 910 4783 nostro

117 4820 273 4881 Portuen.
288 4816 444 4893 episcopo
465 4815 663 4892 apostolicae
679 4817 773 4878 Sedis
788 4818 907 4895 legato,

116 4916 267 4985 salutem,
284 4915 347 4975 etc.

1236 2100 1288 2159 Ad
1315 2100 1483 2159 eumdem.

1276 2227 1383 2286 Eodem
1399 2229 1456 2286 die.

1005 2351 1126 2416 [Regest.,
1139 2351 1185 2401 lih.
1197 2352 1228 2412 V,
1241 2352 1314 2417 epist.
1327 2351 1382 2402 32l.
1396 2353 1501 2402 hiesba
1516 2353 1592 2403 Porta
1604 2352 1640 2402 du
1655 2353 1743 2416 Thell]

1009 2480 1047 2540 Et
1060 2481 1182 2556 quanto
1198 2480 1371 2556 pravitatis
1387 2480 1553 2542 haeretioae
1569 2481 1756 2552 sectatores,

967 2579 1002 2637 in
1017 2593 1085 2637 suae
1102 2577 1330 2653 perversitatis
1345 2593 1459 2639 errore
1473 2579 1693 2655 pertinaciter
1706 2578 1759 2639 oh-

967 2674 1093 2745 stinati,
1112 2678 1226 2735 contra
1241 2677 1344 2736 Deum
1356 2677 1391 2736 et
1405 2675 1589 2736 Ecclesiam
1605 2675 1759 2736 audacius
1800 2691 1805 2701 ·

967 2772 1183 2842 insolescunt,
1198 2773 1291 2832 tauto
1314 2773 1486 2833 catholicae
1505 2772 1584 2832 lidei
1603 2772 1758 2833 zelatores

967 2869 1001 2930 in
1017 2884 1076 2929 sua
1093 2868 1251 2930 fidelitate
1276 2871 1467 2930 constantes
1490 2870 1672 2944 insurgant
1691 2869 1758 2930 ior·

967 2968 1033 3029 tius
1051 2970 1166 3028 contra
1181 2982 1259 3040 eos;
1276 2967 1411 3042 expedit
1425 2968 1461 3028 ut
1475 2965 1562 3028 hona
1586 2967 1760 3028 ecclesias·

966 3065 1044 3137 tica,
1066 3081 1139 3141 quae
1163 3080 1237 3125 oum
1262 3065 1328 3125 sint
1356 3064 1501 3141 speciale
1526 3065 1758 3141 patrimonium

966 3166 1046 3225 Jesu
1072 3162 1206 3232 Christi,
1234 3177 1403 3238 nunquam
1434 3161 1549 3222 utilius
1577 3177 1677 3238 quam
1704 3177 1758 3238 pro

967 3260 1159 3320 defensione
1172 3258 1363 3319 christianae
1375 3258 1451 3319 tidei
1467 3259 1712 3335 expenduntur,
1726 3260 1758 3318 in

967 3357 1129 3418 auxilium
1145 3357 1367 3426 assumantur,
1385 3373 1484 3433 quum
1504 3356 1636 3418 tantum
1659 3373 1758 3432 nego·

966 3455 1048 3516 tium
1064 3455 1122 3514 vix
1136 3455 1195 3515 aut
1213 3470 1382 3530 nunquam
1404 3454 1476 3514 sine
1495 3453 1628 3530 magnis
1651 3470 1760 3530 sump-

966 3551 1055 3613 tibus
1070 3551 1111 3611 ad
1127 3552 1239 3611 votum
1263 3550 1373 3612 valeat
1394 3552 1595 3628 promoveri.
1620 3551 1758 3628 Ideoque

966 3649 1207 3711 fraternitatem
1232 3649 1323 3709 tuam
1349 3664 1521 3710 monemus
1549 3649 1677 3711 attente
1703 3664 1759 3726 per

966 3748 1156 3826 apostolica
1178 3747 1301 3823 scripta
1320 3747 1525 3818 mandantes,
1543 3749 1708 3823 quatenus
1727 3746 1758 3806 in

965 3848 1056 3908 terra
1074 3847 1139 3905 tuae
1152 3844 1311 3920 legationi
1327 3844 1502 3904 commissa
1518 3843 1654 3905 studeas
1667 3843 1757 3905 ordi-

967 3959 1061 4009 nare,
1075 3944 1111 4003 ut
1128 3942 1168 4002 de
1188 3940 1401 4017 proventibus
1415 3941 1665 4013 ecclesiasticis,
1680 3957 1760 4018 pen·

967 4040 1049 4101 satis
1069 4039 1285 4099 ecclesiarum
1301 4037 1524 4110 facultatibus,
1537 4042 1607 4100 tam
1630 4037 1757 4115 urgenti

967 4137 1165 4200 necessitate
1181 4135 1305 4210 negotii
1321 4137 1480 4213 usquead
1498 4138 1627 4197 certum
1646 4137 1759 4198 termi-

967 4252 1057 4306 num,
1088 4249 1184 4310 quem
1221 4232 1345 4293 videris
1383 4234 1556 4310 expedire,
1588 4233 1757 4295 aunuatim

967 4333 1155 4408 competens
1184 4329 1367 4390 subsidium
1397 4331 1599 4392 conseratur.
1626 4331 1669 4391 nt
1687 4329 1758 4407 qui-

966 4430 1039 4491 dem
1053 4429 1117 4490 viri
1133 4426 1352 4489 ecclesiastici
1369 4444 1435 4488 non
1457 4428 1529 4488 sine
1547 4428 1661 4490 multae
1680 4442 1758 4489 ava-

965 4528 1051 4589 ritiae
1065 4527 1155 4596 nota,
1167 4524 1218 4585 vel
1233 4525 1403 4601 cujusdam
1415 4525 1535 4586 occulti
1551 4525 1678 4588 favoris
1692 4540 1757 4585 sus·

966 4624 1097 4703 picione
1123 4621 1157 4681 in
1181 4621 1303 4682 talibus
1328 4637 1389 4682 sua
1413 4620 1661 4695 subtraherent,
1686 4637 1756 4683 cum

965 4720 1118 4783 nonnulli
1131 4718 1331 4779 secularium
1346 4719 1473 4795 seipsos
1489 4718 1672 4780 obtulerint
1686 4734 1757 4780 cau·

965 4835 1036 4879 sain
1049 4816 1126 4877 tidei
1140 4831 1199 4876 suo
1213 4815 1375 4890 sanguine
1385 4816 1644 4899 prosequentem
1660 4831 1755 4892 porro

965 4912 1208 4977 confidimusin
1224 4913 1363 4973 Domino
1373 4915 1452 4975 lesu
1468 4914 1613 4984 Christo,
1631 4914 1688 4991 qui
1703 4930 1757 4975 su-

157 5017 261 5084 Quum
284 5011 371 5070 hona
385 5009 542 5099 Ecclesia
562 5011 707 5087 speciale
727 5012 910 5088 sintpatrl-
964 5010 1754 5090 perhosdejiciens,exaltathumilesiusalutem3
1784 5044 1788 5054 ·

115 5110 263 5174 monium
273 5111 353 5170 Jesu
369 5107 501 5178 Christi,
518 5108 576 5168 vix
591 5110 649 5170 aut
662 5124 832 5186 nunquam
844 5110 910 5172 uti·
965 5110 1050 5188 qnod
1074 5111 1139 5171 cito
1158 5124 1228 5169 rem
1250 5107 1377 5169 faciens
1403 5107 1455 5167 sui
1481 5108 1600 5180 moris,
1623 5125 1755 5171 causam

114 5210 180 5270 lius
213 5206 352 5284 possunt
383 5204 525 5279 expendi
558 5221 655 5283 quam
693 5222 753 5282 pro
785 5207 908 5268 tuenda
964 5208 1132 5286 propriam
1153 5204 1327 5284 judicabit,
1355 5207 1391 5266 ut
1416 5207 1552 5281 repente
1581 5207 1755 5269 stultorum

114 5304 313 5366 Christianae
332 5300 410 5361 tidei
429 5301 581 5361 veritate.
597 5305 705 5374 Quare
720 5303 801 5365 satis
815 5305 910 5365 v-ido-
963 5305 1168 5383 prosperitas
1199 5302 1315 5380 perdat
1341 5318 1414 5373 eoa,
1446 5304 1478 5363 et
1506 5303 1650 5364 ecclesia
1682 5306 1757 5366 tan-

113 5407 169 5467 tur
183 5400 361 5464 ahsurdum
384 5399 420 5459 ut
441 5399 603 5469 ecclesiae‚
619 5400 673 5460 vel
692 5402 905 5473 monasteria,
963 5403 1036 5463 dem
1053 5402 1087 5461 in
1103 5417 1238 5461 suarum
1254 5400 1417 5475 glorietur
1430 5399 1609 5462 tolerantia
1624 5402 1755 5478 passio-

114 5517 188 5579 quae
208 5514 267 5574 per
291 5495 466 5573 privilegia
487 5496 581 5556 Sedis
607 5496 805 5572 apostolicae
831 5500 908 5560 sunt
962 5516 1052 5571 num,
1078 5498 1305 5560 exultantibus
1334 5497 1390 5574 qui
1419 5497 1583 5557 auxilium
1605 5497 1756 5560 coutule-

113 5598 277 5672 exempta,
301 5593 476 5655 occasione
502 5592 692 5669 hujusmodi
730 5593 904 5666 libertatis,
961 5598 1049 5667 runt,
1061 5595 1336 5674 quoddereliquo
1348 5595 1493 5672 reposita
1505 5595 1754 5658 asteisoorona
