3774 6186
61 218 124 281 tub
678 216 907 279 EPls'fOLAE.
930 218 1009 279 nm.
1031 218 1071 279 V.
1169 246 1174 261 ·
1457 282 1460 287 .
1647 228 1709 292 boo

63 377 184 440 coelum
196 379 230 440 et
244 378 367 439 terram
381 374 579 438 etmariaet
591 374 805 455 omniaque
819 375 855 439 ln
909 376 1118 455 proventum.
1141 380 1260 443 Datum
1283 376 1451 458 Laterani,
1466 384 1706 451 Nutriendus
1766 344 1798 415 ⁹·

62 476 112 537 eis
125 476 213 547 sunt,
230 475 265 535 in
278 476 373 537 arida
387 474 440 536 vel
455 473 490 534 in
505 472 612 551 aquis,
629 475 797 552 nequeunt
813 471 856 537 ab
910 474 1002 549 maii,
1017 490 1106 540 anno
1118 477 1245 555 quinto.

62 571 253 649 hujusmodi
267 570 465 633 latrunculis
484 585 559 631 esse
577 570 660 632 tutit
681 572 732 633 Ne
752 571 857 647 igitur
1379 596 1383 601 ·

62 668 286 729 infandissimi
309 669 421 730 hostes
438 667 561 729 Christi
582 667 618 727 in
637 682 699 729 sua
720 682 855 745 praeva-
1194 692 1419 783 GCCXXHI

62 765 154 827 leant
167 766 342 842 pravitate,
359 765 429 837 sed,
443 765 500 842 qui
515 763 656 826 oderunt
668 764 853 837 hominum,

62 862 318 935 confundantur,
332 861 584 924 universitatem
593 862 741 923 vestram
754 876 858 938 roga·
910 831 962 892 ’000
980 834 1178 907 0000000000οΜ
1193 836 1706 946 07000000000000000001000010000

59 975 145 1033 mua,
166 975 337 1021 monemus
358 960 391 1020 et
412 959 584 1020 hortamur
598 975 660 1036 per
680 945 854 1036 aspersio·
950 928 1025 990 000000
1051 932 1331 1007 (000000000000000
1358 935 1392 996 00
1413 938 1581 999 0000000000
1602 942 1706 1002 Lim-

62 1072 138 1117 nem
153 1057 416 1133 sanguinisdesu
431 1056 565 1127 Christi,
578 1055 674 1117 vobis
684 1055 857 1117 nihilomi-
951 1026 1106 1090 0000000000
1297 1108 1302 1120 .

61 1169 126 1214 nus
144 1154 179 1215 in
197 1154 428 1216 remissionem
443 1153 655 1231 peecatorum
676 1153 857 1231 injungen·
1048 1227 1054 1238 .
1195 1107 1228 1165 ¹⁷
1243 1108 1325 1180 00000
1339 1109 1421 1243 ,0000

60 1252 122 1321 tes,
139 1253 302 1328 quatenus
316 1250 358 1313 ad
378 1249 635 1328 disperdendum
658 1265 717 1311 eos
731 1266 855 1311 exsur-
981 1227 1113 1292 [rhemos
1125 1229 1239 1280 honum.
1254 1231 1408 1291 0000000010·
1420 1233 1476 1299 0100·
1489 1234 1527 1295 0οι
1539 1250 1565 1285 ¹¹·
1578 1236 1632 1302 00]

59 1350 176 1425 gentes
191 1348 226 1409 in
241 1364 342 1410 manu
356 1347 468 1409 valida
487 1350 520 1410 et
538 1348 675 1426 potenti,
693 1346 855 1409 studeatis
909 1343 947 1402 tlt
966 1341 1070 1401 ducem
1091 1344 1217 1404 Polonie
1243 1360 1260 1404 ιι
1281 1354 1348 1405 voto
1374 1348 1405 1406 in
1427 1349 1585 1410 subsidium
1608 1354 1703 1413 Tema
1796 1394 1799 1407 .

60 1445 153 1521 ipsos
165 1445 205 1507 de
219 1446 339 1508 vestris
355 1444 477 1506 finibus
489 1445 680 1523 profligare,
691 1444 740 1506 ita
754 1444 853 1523 quod,
945 1431 1057 1533 01111000
1068 1432 1530 1512 01111101θο1111001001101111οι0Ψο
1540 1440 1702 1515 011ιῦ118110,

63 1558 164 1618 quum
187 1542 351 1615 desinere,
372 1558 473 1620 quum
500 1541 634 1619 possitis
661 1540 855 1619 perturbare
943 1528 1121 1620 0000000000
1136 1523 1701 1603 000000000000001001100001100801100·

60 1655 250 1716 perversos,
264 1639 350 1699 nihil
365 1640 409 1700 sit
423 1639 526 1707 aliud,
542 1653 641 1717 quam
652 1638 775 1712 fovere,
792 1655 854 1701 nos
944 1607 1019 1669 000000
1030 1624 1116 1683 0000000
1127 1609 1209 1671 00000·

60 1738 177 1798 contra
202 1751 261 1798 vos
281 1736 461 1813 procedere
486 1750 554 1797 non
583 1750 768 1812 cogamur3
796 1736 853 1798 sed
948 1736 1127 1810 Honorius,
1141 1738 1203 1800 eto.

59 1834 172 1911 potius
186 1849 257 1905 vos,
273 1836 428 1910 tanquam
449 1833 680 1910 persecutores
695 1833 853 1895 inimico·
947 1833 1068 1896 Audito
1083 1834 1260 1912 quondam,
1274 1836 1361 1915 quod
1379 1836 1520 1901 dilectus
1533 1838 1624 1902 dlius
1640 1857 1703 1904 no-

60 1947 135 1992 rum
150 1931 284 2003 Christi,
297 1931 462 2007 possimus
479 1931 597 1992 merito
608 1931 851 1992 commendare.
908 1928 986 1991 bilis
1002 1931 1056 1992 vir
1065 1932 1101 1993 L.
1112 1932 1182 1994 dux
1195 1933 1344 1996 Poloniae
1359 1935 1552 1998 solemniter
1562 1936 1703 2001 voverat

61 2030 243 2101 litantem,
263 2030 499 2104 quantumnos
518 2027 709 2104 hujusmodi
731 2026 853 2090 factum
909 2041 946 2086 se
979 2026 1273 2091 transfretaturum
1302 2030 1339 2091 in
1369 2031 1555 2094 subsidium
1590 2036 1702 2098 'terrm

60 2126 178 2201 urgeat
206 2141 249 2186 ex
273 2125 385 2187 nuntii
419 2124 578 2203 qualitate
602 2124 696 2187 vobis
722 2124 853 2203 plenius
910 2124 1051 2196 Sanctae,
1067 2124 1120 2187 vel
1135 2125 1360 2202 profecturum
1379 2128 1414 2189 in
1434 2120 1598 2191 auxilium
1613 2132 1704 2193 Pru·

60 2222 354 2297 innotescat3ecce
364 2222 520 2284 dilectum
531 2221 646 2295 tilium,
658 2222 853 2299 magistrum
907 2220 1060 2282 tenorum
1089 2222 1221 2285 noviter
1244 2239 1492 2299 conversorum,
1522 2228 1602 2305 quia
1630 2226 1704 2306 ipso

50 2321 251 2391 hconcium,
266 2319 505 2382 subdiaconum
515 2319 548 2380 et
561 2318 769 2396 capellanum
780 2334 854 2380 nos-
907 2319 1020 2380 votum
1053 2334 1149 2380 suum
1178 2320 1318 2398 exsequi
1347 2322 1542 2397 differebat,
1571 2341 1633 2386 uos
1662 2325 1703 2388 de

58 2420 159 2490 trum,
173 2433 270 2494 quem
285 2433 345 2493 pro
361 2432 431 2479 sum
450 2415 625 2494 probitatis
646 2416 775 2478 meritis
791 2432 853 2477 nos
907 2415 1013 2492 ipsius
1038 2416 1146 2479 salute
1168 2417 1316 2492 solliciti,
1336 2435 1413 2481 eum
1437 2421 1560 2484 nostris
1581 2422 1704 2485 litteris

51 2516 92 2575 *et
104 2514 224 2576 fratres
239 2514 345 2576 nostri
367 2529 481 2576 carum
500 2513 660 2575 habemus
675 2513 852 2575 admodum
907 2512 1046 2590 paterno
1064 2513 1187 2576 aflectu
1206 2516 1406 2590 monuimus,
1423 2519 1456 2581 et
1476 2534 1535 2595 per
1549 2519 1633 2581 alios
1652 2519 1704 2582 fe-

58 2613 93 2673 et
112 2613 294 2688 acceptnm,
314 2612 449 2689 propter
461 2610 525 2673 hoo
539 2610 581 2672 ad
598 2610 710 2689 partes
723 2611 851 2673 uestras
907 2609 1012 2672 cimus
1027 2613 1242 2686 commoneri,
1260 2613 1296 2675 ut
1313 2615 1399 2691 quod
1420 2616 1621 2693 promiserat
1636 2633 1700 2680 ve·
1782 2670 1795 2687 ,

58 2709 265 2785 providimus
286 2708 538 2783 destinandum
560 2708 616 2769 cui
636 2707 801 2780 volumus,
817 2707 853 2769 nt
906 2707 1009 2780 ritati,
1030 2708 1195 2771 veraciter
1218 2707 1424 2788 adimpleret.
1449 2712 1564 2791 Nuper
1589 2714 1700 2777 autem

59 2808 95 2866 in
111 2806 164 2866 his
178 2808 212 2868 et
225 2807 260 2867 in
276 2806 363 2879 aliis,
379 2806 487 2867 modis
501 2803 655 2866 omnibns
672 2804 852 2867 intendatis
906 2804 1002 2866 nobis
1017 2807 1068 2868 est
1082 2822 1143 2883 pro
1157 2808 1250 2869 certo
1264 2808 1417 2882 relatum,
1432 2810 1519 2887 quod
1531 2810 1619 2873 idem
1633 2812 1703 2875 dux

57 2903 250 2975 efficaciter,
266 2902 414 2980 alioquin
431 2902 639 2974 sententiam,
652 2918 751 2979 quam
763 2902 851 2964 idem
906 2902 1057 2980 corporis
1072 2904 1254 2980 gravedine
1270 2906 1383 2982 gravis
1393 2906 1519 2970 vixaut
1532 2924 1702 2987 nunquam

57 3002 123 3062 rite
142 3001 255 3062 tulerit
271 3000 306 3061 in
321 3000 474 3072 rebelles,
490 3015 550 3061 seu
564 3000 666 3062 etiam
680 3001 853 3077 contemp-
906 2999 1018 3075 posset
1034 3000 1069 3060 in
1088 3002 1200 3062 Terrae
1224 3002 1355 3064 Sarctae
1383 3002 1567 3067 subsidium
1590 3006 1703 3068 trans-

56 3100 158 3170 tores,
177 3099 282 3159 ratam
302 3097 507 3169 habebimus,
527 3097 560 3158 et
578 3096 749 3168 faciemus,
770 3110 854 3157 ιιιιο-
906 3095 1040 3168 fretare,
1055 3098 1240 3173 praesertim
1264 3114 1339 3161 oum
1360 3115 1404 3162 ex
1426 3102 1589 3164 accidenti
1603 3116 1702 3167 serso

57 3196 130 3258 tore
154 3196 305 3268 Domino,
321 3193 562 3257 inviolabiliter
580 3193 763 3257 observari.
785 3196 853 3255 Da·
905 3190 942 3255 in
969 3194 1124 3256 naturam
1160 3210 1222 3257 neo
1257 3197 1392 3270 vinum,
1419 3213 1482 3261 neo
1516 3200 1701 3278 simplicem

58 3295 127 3354 tum
155 3293 320 3364 Laterani,
344 3292 454 3354 idibus
481 3291 610 3370 aprilis,
639 3291 851 3369 pontificatus
906 3306 1027 3369 aquam
1047 3290 1161 3354 bibere
1170 3292 1292 3366 valeat,
1309 3297 1487 3358 consuetus
1499 3296 1615 3374 potare
1633 3298 1705 3361 tan·
1831 3329 1839 3339 ·

53 3390 165 3451 nostri
182 3405 269 3452 anno
285 3389 412 3467 quinto.
906 3388 976 3450 tum
990 3389 1187 3452 cerevisiam
1201 3390 1256 3454 rel
1273 3391 1459 3465 medonem,
1476 3395 1509 3456 et
1519 3395 1549 3455 si
1558 3393 1702 3457 forsitan
1801 3392 1806 3407 “

905 3485 1154 3560 transfretaret,
1180 3504 1247 3549 non
1270 3491 1383 3566 posset
1410 3490 1451 3552 de
1478 3494 1546 3553 tam
1565 3492 1703 3556 remotis

355 3568 557 3656 CCCXXH
906 3583 1057 3660 partibus
1081 3600 1194 3647 secum
1213 3601 1396 3662 congruum
1418 3585 1616 3650 bellatorum
1638 3590 1703 3651 du·

75 3705 129 3763 Ad
143 3704 434 3765 Bartholomaeum
447 3705 643 3776 episcopum
658 3703 832 3775 oretaque·
907 3695 983 3742 0000
998 3682 1202 3750 0010000001οι
1218 3682 1401 3761 000110011οθ1
1419 3686 1541 3749 1111100010
1558 3686 1702 3766 0110110000

331 3802 579 3861 emm-ensem,
907 3778 1060 3854 nequiret
1071 3777 1119 3838 ibi
1132 3794 1260 3841 moram
1275 3780 1386 3843 facere
1397 3781 1613 3846 fructuosam.
1637 3783 1704 3847 Sed

341 3921 374 3977 ll
389 3919 470 3993 april.
488 3919 568 3978 ml·
907 3888 1011 3983 quom·
1035 3874 1080 3936 sit
1098 3875 1230 3937 vicinus
1259 3878 1437 3950 Pruteniae,
1465 3878 1563 3942 facile
1595 3881 1705 3959 potest

539 4034 583 4094 ι
596 4048 615 4094 ,
629 4032 699 4099 o
906 3986 981 4128 h
1002 3973 1129 4130 alu
1143 3974 1703 4149 nnattauhun

138 4146 176 4205 000
188 4145 338 4203 0000000000
353 4158 436 4201 0000000
451 4141 610 4217 0030000000
621 4141 767 4229 0000000000·
906 4165 1008 4226 etiam
1019 4164 1103 4226 alios
1115 4181 1262 4242 paganos
1277 4183 1339 4228 suo
1350 4168 1460 4230 studio
1472 4118 1700 4248 etui'hganha,

98 4263 266 4325 lloaorius
288 4263 474 4341 episcopus,
490 4259 675 4322 venerabili
689 4259 784 4321 fratri
787 4302 848 4320 .....
907 4260 1048 4323 faciente
1072 4263 1223 4336 Domino,
1245 4279 1479 4339 conversurus,
1495 4267 1608 4345 utpote
1630 4270 1700 4347 qui,

55 4362 213 4439 episcopo
231 4358 589 4438 Quinqueecclesiensi,
613 4356 765 4430 salutem,
786 4358 849 4420 eto.
906 4358 992 4421 sicut
1015 4359 1136 4422 dicitur
1159 4376 1279 4423 novam
1297 4362 1332 4423 in
1356 4364 1466 4426 medio
1483 4365 1584 4427 terrae
1609 4366 1702 4429 illius

98 4460 234 4521 Gratum
248 4457 345 4520 nobis
364 4460 425 4529 est,
443 4456 528 4535 quod
551 4455 676 4517 utiliter
689 4453 851 4531 proficere
905 4454 1047 4517 intendit
1072 4458 1266 4520 construere
1289 4458 1469 4532 civitatem,
1497 4460 1611 4539 itaque
1630 4464 1702 4526 sta·

55 4556 180 4617 diceris
203 4555 236 4618 et
262 4553 475 4616 laudabiliter
499 4552 703 4615 conversari.
726 4555 850 4614 Verum
905 4553 999 4614 tuere
1020 4551 1128 4614 forum
1150 4554 1231 4616 salis
1252 4555 1285 4618 st
1304 4554 1396 4629 ferri,
1418 4572 1558 4634 quorum
1578 4554 1702 4636 pagani

56 4654 137 4731 quia
153 4653 304 4715 ecclesiae
325 4655 390 4714 tuae
409 4651 620 4729 dispendium
639 4665 682 4712 ex
698 4649 851 4711 absentia
905 4651 1078 4728 penuriam
1093 4653 1276 4728 patiuntur,
1293 4654 1329 4715 ut
1347 4653 1397 4716 sic
1411 4653 1490 4716 illuc
1510 4655 1563 4716 illi
1583 4671 1704 4719 neces-

56 4754 115 4813 tua
137 4751 258 4812 dicitur
272 4750 457 4822 imminere,
473 4748 689 4826 praesentium
701 4747 761 4809 tibi
775 4763 852 4809 ιιιιο-
905 4748 996 4809 sario
1006 4748 1189 4822 venientes,
1202 4764 1262 4826 per
1273 4764 1332 4811 ora
1343 4750 1598 4826 praedicatorum
1611 4753 1701 4815 faoi·

57 4850 192 4912 toritate
206 4848 412 4919 mandamus,
434 4848 597 4924 quatenus
611 4845 654 4907 ad
673 4845 781 4923 ipsam
795 4859 851 4907 re·
905 4845 1127 4919 liusaudiant,
1135 4848 1168 4909 et
1175 4848 1224 4909 sio
1231 4846 1401 4910 efficacius
1410 4848 1702 4914 exaudiautverba

57 4948 201 5008 vertaris
213 4946 389 5009 ecclesiam
402 4944 442 5005 ad
454 4943 687 5021 temporalium
702 4942 736 5005 et
749 4942 851 5020 spira·-
903 4943 993 5017 vitae,
1009 4943 1162 5022 aliosque
1178 4944 1326 5007 fidelium
1350 4944 1499 5008 moribus
1519 4946 1702 5024 perfectius

57 5042 198 5106 tualium
221 5041 544 5106 administrationem
571 5040 721 5118 plenarie
746 5040 849 5103 resti-
904 5042 1111 5103 assuescant.
1124 5043 1193 5103 Nos
1211 5042 1314 5119 igitur
1328 5058 1346 5103 e
1359 5042 1486 5105 duobus
1500 5043 1614 5120 artati,
1624 5060 1701 5107 oum

56 5142 160 5213 tutus,
172 5141 205 5202 et
216 5141 320 5202 libere
332 5141 403 5212 illa,
415 5155 488 5217 quae
499 5139 540 5203 ad
556 5137 744 5216 episcopale
754 5153 852 5216 speo-
904 5138 938 5201 et
958 5139 1023 5200 ista
1049 5140 1083 5200 et
1100 5138 1159 5201 illa
1185 5141 1276 5201 terra
1299 5141 1535 5217 urgentissime
1552 5140 1703 5219 indigent

56 5242 131 5301 tant
144 5239 300 5310 officium,
316 5237 522 5316 exsequaris.
543 5236 704 5298 Volumus
726 5238 847 5309 autem,
905 5237 1035 5298 maturo
1054 5250 1226 5310 succursu,
1241 5251 1394 5314 personae
1407 5239 1514 5317 ipsius
1528 5239 1623 5301 ducis
1637 5238 1702 5300 ha·

57 5339 95 5399 ut
108 5338 217 5398 tecum
228 5337 331 5398 ducas
343 5335 607 5413 aliquemrirnm
620 5334 804 5397 litteratum
818 5334 852 5395 et
904 5331 1098 5407 bitudinem,
1115 5335 1149 5396 et
1169 5335 1295 5411 negotii
1315 5337 1415 5398 terrae
1439 5337 1533 5398 illius
1551 5337 1699 5398 circnm-

57 5432 207 5511 probum,
223 5435 257 5496 et
271 5433 397 5495 tamdiu
410 5435 537 5507 teneas,
553 5432 658 5494 donec
675 5430 849 5493 sufficien·
905 5431 1047 5493 stantiae
1061 5433 1265 5509 ignorantes,
1281 5434 1387 5507 robis,
1401 5434 1461 5512 qni
1476 5434 1606 5496 ratione
1620 5432 1701 5494 vici·

57 5535 124 5593 tem
139 5531 263 5594 habeas
282 5546 324 5594 ex
345 5531 481 5610 incoepti
496 5530 597 5594 studii
616 5530 851 5608 prosecutione
906 5525 1019 5591 nitatis
1034 5529 1107 5593 haeo
1121 5532 1260 5608 potestis
1279 5533 1400 5594 melius
1419 5528 1591 5609 indagare,
1608 5544 1700 5593 com·
