3774 6186
719 314 956 377 aristone.
981 316 1057 379 LIB.
1084 319 1138 380 111.

107 312 170 372 ¹⁸⁵
1696 325 1754 385 rso

105 473 219 534 eidem
233 474 305 535 loco
315 475 392 552 jura
409 472 617 535 servantibus
637 474 680 536 sit
694 488 761 552 pax
769 474 902 536 Domini
957 476 1115 553 injuriam
1127 481 1197 539 sive
1210 479 1443 542 contumeliam
1459 481 1636 554 sustinere,
1654 498 1752 560 quam

107 572 217 631 nostri
244 573 323 633 Jesu
342 571 474 642 Christi,
491 573 654 648 quatenus
675 573 708 633 31
731 572 785 632 hic
809 571 902 633 fruc·
958 572 1179 649 ignominiosa
1191 577 1367 653 opprobria
1380 577 1650 655 exprobrantium
1662 579 1753 640 blas·

107 667 180 728 tum
224 669 319 730 bonae
354 669 493 730 actionis
522 669 716 747 percipiant,
755 671 788 730 et
816 670 901 746 apud
958 671 1161 748 phemorum,
1177 674 1243 750 331,
1260 676 1426 751 tamquam
1440 674 1590 752 magistri
1614 676 1751 746 erroris,

109 765 297 827 districtum
317 766 464 844 judicem
490 767 626 845 praemia
653 769 785 829 aeternae
812 769 903 845 pacis
957 768 1155 845 prodeuntes
1176 786 1218 830 ex
1233 771 1459 846 Albigensium
1484 788 1663 850 synagoga,
1681 788 1754 833 rna-

109 861 294 925 inveniant.
309 868 423 924 Amen.
440 868 554 925 Amen.
572 868 687 925 Amen.
705 867 771 940 Ego
786 867 902 926 Hono·
958 865 1071 926 culare
1086 867 1138 928 vel
1153 867 1317 929 offuscare
1334 870 1443 946 potius
1463 870 1617 944 satagunt
1640 868 1753 931 chris·

111 961 182 1021 rius
196 961 375 1022 Catholicae
388 962 542 1022 Ecclesiae
554 962 739 1037 episcopus.
754 965 820 1038 Ego
836 964 902 1022 Leo
958 963 1040 1024 tiani
1068 963 1223 1036 nominis,
1255 965 1452 1027 claritatem.
1487 969 1626 1044 Propter
1654 964 1751 1043 quod,

110 1057 198 1118 tituli
225 1060 353 1119 Sanctae
376 1058 490 1119 Crucis
514 1058 687 1135 presbyter
716 1059 806 1120 card.
835 1062 902 1134 Ego
959 1060 1043 1121 sicut
1062 1061 1127 1121 tuis
1154 1062 1273 1123 litteris
1298 1064 1469 1135 intimasti,
1497 1080 1562 1125 non
1586 1063 1752 1124 immerito

110 1153 271 1216 Nicolaus
283 1156 491 1215 Tusculanus
506 1156 692 1232 episcopus.
711 1158 779 1231 Ego
797 1155 902 1216 Guido
958 1157 1048 1217 aelus
1070 1159 1103 1220 13
1125 1159 1266 1220 comedit
1286 1160 1402 1220 domus
1418 1161 1487 1232 Dei,
1505 1161 1537 1222 et
1551 1160 1591 1221 ad
1608 1159 1753 1221 confun-

109 1252 339 1314 Praenestinus
354 1253 537 1329 episcopus.
556 1255 623 1328 Ego
635 1255 728 1328 Hugo
742 1253 903 1315 Ostiensis

106 1351 137 1410 et
172 1350 392 1411 velletrensis
428 1350 615 1427 episcopus.
644 1352 711 1425 Ego
745 1350 902 1425 Pelagius

100 1447 310 1509 Albanensis
337 1449 521 1524 episcopus.
556 1450 623 1524 Ego
652 1449 769 1509 Petrus
803 1447 902 1509 Sabi-

98 1546 228 1606 nensis
238 1546 422 1623 episcopus.
433 1548 500 1622 Ego
510 1547 626 1607 Petrus
636 1546 764 1606 Sanctae
777 1544 904 1605 Puden·

97 1642 211 1703 tianae
223 1643 274 1703 tit.
291 1643 439 1704 Pastoris
455 1642 563 1719 presb.
578 1642 667 1703 card.
684 1644 751 1717 Ego
772 1641 902 1703 Rober-

97 1742 158 1801 tus
181 1740 232 1801 tit.
252 1742 284 1801 S.
303 1739 461 1816 Stephani
485 1739 517 1800 in
533 1740 633 1801 Coelio
655 1740 764 1802 monte
794 1738 901 1816 presb.

97 1837 202 1898 card.
236 1840 302 1912 Ego
332 1836 517 1914 Stephanus
553 1837 703 1898 Basilicas
729 1836 901 1897 duodecim

97 1934 336 2011 apostolorum
356 1933 463 2010 presb.
480 1934 569 1994 card.
587 1936 654 2009 Ego
679 1932 784 1994 Guido
801 1934 833 1992 S.
849 1933 904 1992 Ni·

97 2030 197 2093 colai
226 2031 260 2091 13
285 2047 419 2092 3333333
434 2030 518 2091 Tull.
539 2030 669 2091 diacon.
686 2029 812 2091 cardin.
837 2032 904 2105 Ego

99 2128 313 2190 Octavianus
327 2130 386 2189 SS.
400 2129 507 2204 Sergii
520 2131 553 2189 et
567 2128 689 2189 Bacchi
709 2127 793 2187 diac.
813 2126 902 2187 card.

101 2228 178 2303 Ego
201 2227 379 2287 Reinerius
396 2228 428 2286 S.
445 2225 560 2287 Mariae
580 2226 615 2285 in
630 2224 802 2286 cosmedin
818 2223 903 2284 diac.

108 2324 203 2384 card.
222 2326 288 2400 Ego
305 2323 491 2400 Stephanus
506 2325 537 2382 S.
555 2322 693 2383 Adriani
708 2322 792 2383 diac.
814 2320 903 2382 card.

111 2423 181 2495 Ego
192 2420 348 2495 AEgidius
371 2422 428 2480 SS.
445 2422 570 2480 Cosmae
592 2421 625 2481 et
643 2419 795 2480 Damiani
819 2419 903 2479 diac.

110 2517 204 2579 card.
234 2521 298 2578 Per
326 2532 459 2578 manum
488 2517 636 2578 Reinerii
657 2519 689 2576 S.
707 2518 745 2578 R.
762 2518 797 2576 E.
814 2516 906 2577 vice-

112 2614 306 2677 cancellarii
330 2616 359 2675 11
385 2613 452 2675 kal.
470 2614 595 2690 aprilis
627 2613 809 2674 indictione
833 2615 903 2684 Vll,

115 2711 359 2774 Incarnationis
374 2712 554 2772 Dominicae
578 2713 748 2782 MCCXIX,
772 2711 907 2787 pontifl-

116 2814 207 2872 catus
224 2824 303 2870 vero
319 2808 444 2871 domini
462 2808 602 2870 Honorii
628 2812 727 2884 Papae
747 2809 792 2868 111
819 2823 906 2869 anno

115 2899 224 2969 tertio.

116 3158 905 3231 3333331333,03133333333313313333331.

402 3281 413 3336 1
433 3278 512 3352 april.
535 3279 613 3336 1219.

172 3397 311 3460 [bouquet.
325 3396 382 3446 1133.
397 3395 441 3444 des
453 3395 525 3451 illst,
537 3399 555 3442 t.
568 3394 634 3450 XIX.
648 3393 736 3457 3181.
749 3394 855 3457 1133331,

385 3474 430 3523 lib.
447 3475 487 3531 111,
507 3488 549 3537 ep.
569 3472 635 3534 2711]

106 3573 259 3633 ⁸Adversus
269 3571 440 3645 albigenses
454 3570 613 3645 profecturo
628 3571 772 3644 episeopo,
779 3570 825 3627 331
841 3585 904 3643 pro-

149 3664 217 3736 3313
243 3661 414 3718 deficiebant
433 3659 590 3728 facultates,
607 3658 735 3730 indulget
755 3659 906 3724 Honorius,

148 3760 178 3807 ut
189 3749 549 3823 proventuumvicesimam
558 3749 651 3804 Terre
662 3747 772 3803 Sanctae
783 3745 908 3803 subsidio

146 3840 325 3911 deputatam,
353 3845 494 3894 reservata
523 3835 639 3893 dimidia
664 3835 808 3890 vicesimae
828 3842 908 3906 parte

147 3941 286 3984 33333333
300 3928 361 3999 regi
376 3926 517 3998 Philippo,
528 3927 658 3980 retineat.

151 4043 322 4107 Honorius
352 4043 562 4119 episcopus...
591 4037 775 4101 venerabili
813 4037 908 4099 fratri

116 4142 270 4219 episcopo
293 4138 526 4200 catalaunensi
542 4135 601 4215 (1),
626 4136 777 4208 salutem,
795 4137 856 4197 etc.

152 4239 202 4300 Ad
215 4237 437 4313 colligendum
445 4235 571 4296 zizania
580 4250 652 4311 quae
663 4232 911 4309 supersemina-

117 4337 208 4399 vitin
219 4335 329 4396 medio
339 4334 441 4396 tritici
451 4331 588 4393 hnmani
599 4332 731 4408 generis
742 4330 907 4401 inimicus,

117 4447 254 4495 necesse
276 4429 399 4492 hahent
413 4429 602 4506 frequenter
620 4427 743 4489 Christi
765 4426 910 4503 operarii

115 4529 307 4599 convenire,
331 4527 565 4605 predicatores
586 4525 743 4587 videlicet
767 4539 911 4599 evange-

114 4626 189 4689 licae
209 4626 361 4688 veritatis
376 4627 409 4686 et
429 4623 620 4686 orthodoxae
646 4622 721 4682 fidei
738 4622 909 4688 zelatores,

114 4728 152 4786 ut
167 4740 227 4785 333
241 4723 297 4800 331
312 4723 390 4783 3313
407 4721 534 4782 131ιηί31
553 4721 630 4781 3331
642 4719 779 4790 nomini,
792 4733 910 4794 repre-

114 4822 276 4888 hendant,
290 4819 519 4897 etexpugnent
530 4817 672 4879 viriliter
686 4816 783 4876 fldem
797 4815 913 4877 catho-

958 1255 1098 1315 dendam
1127 1255 1281 1316 haeresim
1311 1258 1602 1333 praevaricatorum
1636 1257 1755 1333 hujus-

958 1351 1046 1412 modi
1067 1353 1098 1413 te
1114 1353 1272 1429 accingis,
1286 1353 1388 1415 asilxo
1402 1354 1468 1415 tuis
1494 1353 1642 1414 humeris
1657 1354 1753 1429 signo

958 1449 1077 1520 crucis,
1086 1449 1245 1510 ducturus
1253 1453 1360 1512 tecum
1371 1452 1524 1512 strenuos
1539 1450 1751 1527 pugnatores,

959 1545 1025 1621 331,
1042 1546 1074 1605 13
1096 1544 1136 1606 de
1151 1562 1232 1622 agro
1252 1545 1456 1608 haereditatis
1477 1546 1656 1608 Dominioae
1672 1546 1752 1607 lolia

958 1642 1182 1718 exstirpante,
1216 1644 1257 1704 ad
1285 1643 1542 1705 comburendum
1577 1643 1754 1705 fasciculos

959 1739 1064 1814 ligent
1077 1740 1160 1815 ipsa,
1179 1741 1405 1801 conservaturi
1421 1740 1568 1802 triticum
1584 1740 1753 1802 inhorreo

959 1838 1089 1898 Domini
1104 1839 1343 1914 reponendum.

999 1937 1244 2006 Verumtamen,
1262 1936 1338 2012 3313
1355 1935 1413 1996 tibi
1428 1936 1533 2011 gravi,
1548 1935 1635 1997 sicut
1654 1950 1752 2007 essee

959 2032 1017 2103 ris,
1044 2032 1229 2094 debitorum
1251 2048 1352 2094 onere
1375 2034 1582 2109 praegravato
1609 2033 1751 2110 propriae

960 2128 1134 2190 facultates
1150 2146 1217 2190 non
1232 2130 1406 2206 suppetant
1430 2129 1469 2190 ad
1491 2129 1618 2190 tantum
1642 2144 1749 2204 nego-

959 2225 1042 2285 tium
1067 2225 1301 2301 peragendum,
1318 2224 1508 2300 apostolicae
1527 2223 1753 2286 subventionis

961 2321 1143 2382 subsidium
1160 2322 1353 2398 implorasti.
1371 2321 1462 2382 bloet
1473 2321 1583 2382 autem
1598 2335 1664 2382 non
1680 2318 1752 2380 sine

960 2419 1172 2481 conscientiae
1185 2418 1340 2495 scrupulo
1356 2418 1519 2495 possimus
1541 2418 1581 2478 ad
1597 2416 1678 2479 talia
1699 2416 1754 2477 in-

961 2516 1097 2589 clinari,
1129 2516 1275 2577 volentes
1298 2517 1409 2577 133133
1438 2514 1523 2591 apud
1549 2530 1610 2576 nos
1637 2529 1753 2591 preces

960 2617 1034 2677 tuas
1049 2614 1084 2674 in
1100 2613 1210 2691 aliquo
1226 2612 1389 2685 exaudiri,
1402 2612 1593 2673 vicesimam
1606 2627 1752 2689 proven-

960 2713 1052 2774 tuum
1068 2710 1109 2772 ad
1123 2712 1214 2773 tuam
1229 2726 1376 2771 mensam
1401 2710 1630 2797 spectantium,
1654 2724 1753 2785 quam

961 2809 1123 2869 missurus
1141 2823 1215 2869 eras
1236 2807 1270 2868 in
1286 2806 1467 2867 subsidium
1480 2808 1592 2867 Terrae
1608 2807 1749 2876 Sanctae,

961 2905 1132 2967 collectam
1151 2907 1184 2966 31
1200 2905 1300 2966 etiam
1320 2903 1548 2980 colligendam,
1566 2903 1657 2963 salva
1673 2919 1754 2963 con-

961 3003 1110 3064 cessione
1124 3001 1312 3078 Apostolica
1332 3016 1432 3077 super
1453 3000 1515 3060 hoc
1531 2999 1631 3075 regiae
1650 3001 1752 3060 Sere-

960 3100 1057 3161 nitati
1085 3098 1183 3170 facta,
1210 3097 1281 3168 tibi,
1312 3114 1371 3174 pro
1406 3096 1560 3173 expensis
1598 3111 1680 3172 quas
1717 3096 1752 3156 in

962 3194 1188 3273 prosequendo
1223 3194 1345 3255 dictum
1379 3194 1548 3269 negotium
1581 3193 1691 3254 133333
1721 3194 1753 3254 13

962 3294 1099 3371 oportet,
1117 3291 1157 3354 de
1178 3291 1315 3369 speciali
1331 3290 1439 3367 gratia
1454 3288 1610 3350 duximus
1630 3289 1750 3351 remit-

960 3391 1104 3462 tendam,
1132 3388 1372 3450 fraternitatem
1399 3389 1490 3450 tuam
1515 3388 1688 3448 monentes
1721 3387 1754 3447 et

961 3488 1176 3550 exhortantes
1202 3486 1236 3547 in
1262 3484 1412 3557 Domino,
1444 3487 1605 3560 33313333
1632 3483 1753 3544 Christi

962 3585 1120 3646 militibus
1136 3582 1473 3661 praefatoshaereticos
1486 3580 1752 3658 expugnantibus

962 3682 1010 3742 sic
1024 3696 1210 3751 succurras,
1224 3679 1308 3758 quod
1325 3694 1516 3740 succursum
1529 3680 1622 3738 tuum
1633 3678 1665 3738 et
1679 3679 1755 3738 tuo-

962 3795 1034 3839 rum
1050 3778 1113 3838 sibi
1128 3777 1273 3838 sentiant
1287 3792 1360 3837 cum
1383 3775 1441 3836 Dei
1456 3773 1621 3851 adjutorio
1638 3772 1754 3851 profu·
1839 3760 1842 3765 ’

962 3879 1083 3946 turum,
1092 3877 1192 3936 31333
1202 3875 1265 3935 tuae
1277 3872 1460 3949 prudentiae
1471 3887 1510 3931 ac
1519 3869 1753 3932 sollicitudinis

963 3972 1106 4034 studium
1119 3971 1228 4047 dignis
1243 3970 1407 4047 possimus
1434 3968 1469 4028 in
1488 3967 1627 4028 Domino
1647 3967 1757 4027 laudi·

962 4069 1023 4130 bus
1034 4067 1275 4129 commendare.
1288 4066 1405 4126 Datum
1414 4063 1581 4134 Laterani,
1594 4062 1755 4123 kalendas

964 4165 1079 4244 aprilis
1091 4163 1301 4242 pontificatus
1316 4162 1420 4224 nostri
1436 4177 1524 4222 anno
1537 4161 1645 4222 tertio.

1256 4328 1465 4416 CLXXVII

993 4466 1045 4527 Ad
1056 4462 1263 4537 potestatem
1279 4462 1312 4522 et
1324 4465 1490 4535 populum
1503 4460 1723 4522 1331333133.

1259 4575 1272 4631 l
1285 4573 1365 4647 april.
1383 4573 1461 4630 1219.

1034 4682 1163 4748 [11331333
1173 4680 1235 4732 God.
1244 4679 1307 4743 dipl.
1316 4677 1426 4728 dominii
1435 4683 1513 4740 temp.
1525 4677 1545 4733 l,
1553 4678 1593 4735 111,
1607 4691 1633 4730 n.
1644 4678 1696 4742 711]

997 4792 1140 4849 11133333
1150 4786 1285 4859 episeopo
1299 4781 1429 4856 quedam
1445 4781 1554 4854 regalis
1567 4781 1725 4854 assignent.

114 4919 216 4980 licam
247 4919 490 4995 impugnantes.
516 4916 651 4991 Nempe,
680 4914 708 4973 si
735 4913 913 4988 diligenter
1007 4904 1183 4974 Honorius,
1207 4904 1282 4972 313,
1311 4899 1440 4959 dilectis
1467 4897 1581 4957 filiis...
1606 4899 1758 4975 potestati

117 5016 320 5078 attendimus
344 5016 501 5091 quantum
528 5011 742 5072 honoraverit
761 5010 912 5070 Christus
967 5005 1000 5066 et
1024 5001 1146 5079 populo
1169 4996 1402 5067 asisinatibus,
1422 4995 1573 5068 salutem,
1592 4996 1654 5057 etc.
1679 4997 1759 5056 Cum

121 5113 280 5174 Dominus
316 5111 526 5180 christianos,
553 5108 631 5168 dum
661 5108 750 5184 ipsos
780 5106 913 5184 proprie
967 5098 1150 5161 venerabili
1175 5095 1269 5157 fratri
1298 5094 1448 5154 nostro...
1472 5093 1628 5170 episcopo
1649 5095 1759 5154 vestro

124 5212 278 5286 reputans
290 5224 364 5269 esse
378 5224 466 5279 suos,
484 5222 565 5283 quos
578 5207 612 5266 in
629 5204 715 5265 unda
731 5220 912 5279 regenera-
968 5199 1007 5259 de
1031 5196 1144 5258 nostro
1173 5193 1237 5254 sibi
1269 5190 1446 5269 specialem
1476 5190 1616 5265 gratiam
1651 5189 1760 5249 133333

127 5307 168 5367 311
190 5304 409 5383 baptismatis,
435 5305 522 5364 sacri
542 5303 698 5363 unctione
725 5301 913 5361 chrismatis
968 5294 1149 5371 cupientes,
1168 5288 1546 5352 recommendaverimus
1572 5285 1665 5345 tratri
1685 5302 1759 5344 mo-

130 5404 341 5479 consignavit‚
358 5401 561 5463 3133313311
577 5397 914 5475 vocabuliprivilegio
969 5391 1082 5461 nialia,
1100 5389 1170 5449 sive
1184 5385 1311 5462 regalia
1333 5385 1385 5446 331
1405 5383 1585 5451 manualia,
1602 5382 1759 5456 quamdiu

132 5500 352 5570 communiret,
362 5499 487 5558 nullam
497 5496 562 5574 pati
575 5512 745 5573 possemus
756 5498 914 5572 majorem
969 5489 1064 5550 nobis
1090 5485 1268 5563 placuerit,
1293 5482 1426 5545 nomine
1455 5482 1569 5540 nostro
1601 5479 1758 5550 tenenda,

163 5639 200 5711 (1)
216 5636 414 5697 Guilteimodc
427 5638 545 5694 Partica.
