3774 6186
109 295 170 355 629

108 453 238 515 dilectis
263 452 380 514 ssllis...
407 453 519 518 abbati
542 454 583 516 de
611 457 696 517 Curc
725 453 844 533 (erca)
869 455 904 516 lu

107 551 224 611 Bokan
240 551 497 627 vesprimiensis
513 551 665 613 dioecesis
684 554 753 615 et...
774 553 904 627 strigo-

108 648 217 708 niensi
233 649 300 708 et...
320 648 494 708 Geuriensi
510 649 708 725 praepositis,
719 649 859 711 salutem
872 651 905 710 et

108 744 325 821 apostolicam
340 743 616 807 benedictionem.

147 841 232 902 Olim
255 842 342 902 inter
365 842 503 903 dilectos
530 843 654 904 tilios...
687 843 838 906 abbatem
872 845 905 905 et

108 941 308 999 conventum
325 940 437 1000 Sancti
453 939 587 1001 Martini
605 940 645 1001 de
670 941 843 1003 Pannonia
862 957 902 1002 ex

107 1037 201 1112 parte
230 1052 308 1102 una,
343 1038 376 1097 et
400 1037 625 1099 venerabilem
649 1037 785 1100 tratrem
820 1054 902 1100 nos-

108 1135 234 1193 trum...
272 1134 462 1211 episcopum
497 1134 530 1196 et
565 1135 743 1197 canonicos
780 1137 905 1211 Zagra-

108 1229 903 1310 biensesexaltera,superdecimisquarumdam

107 1328 353 1404 possessionum
365 1330 399 1391 et
413 1329 555 1390 aliarum
568 1346 680 1391 rerum
695 1331 729 1390 in
746 1330 904 1391 comitatu

108 1426 298 1501 simigiensi
319 1427 533 1488 existentium
555 1428 737 1505 quaestione
754 1427 901 1498 suborta,

106 1523 250 1595 tandem,
261 1524 725 1600 postmultascommissiones
736 1525 776 1586 ab
788 1525 902 1586 eodem

105 1620 224 1681 abbate
247 1636 347 1699 super
368 1621 421 1680 his
445 1637 464 1682 a
487 1620 583 1683 bonae
605 1622 775 1683 memoriae
798 1625 902 1683 Iuno-

104 1719 215 1779 centio
224 1734 308 1795 papa
320 1717 565 1794 praedecessore
576 1722 689 1780 nostro
699 1719 739 1779 ad
752 1719 902 1781 diversos

97 1816 233 1891 judices
260 1816 456 1891 impetratis,
483 1816 667 1877 venerabili
696 1816 792 1878 tratri
819 1832 902 1877 nos-

98 1915 196 1974 tro...
223 1913 399 1973 Geuriensi
431 1913 585 1990 episcopo
610 1914 642 1975 et
672 1913 902 1992 conjudicibus

97 2010 176 2070 suis
194 2011 235 2070 de
249 2010 540 2087 utriusquepartis
554 2026 705 2082 assensu,
714 2010 803 2072 dedit
816 2011 903 2072 idem

97 2107 332 2183 praedecessor
364 2109 477 2168 noster
504 2108 575 2167 suis
608 2108 728 2169 litteris
751 2107 786 2168 in
808 2123 904 2168 man-

97 2203 249 2274 datis,ut
264 2203 349 2263 inira
363 2218 520 2276 mensem,
537 2203 593 2264 lite
606 2203 753 2280 legitime
765 2206 901 2266 contes-

97 2302 185 2370 tata,
204 2315 339 2360 causam
362 2300 469 2376 ipsam
489 2301 693 2362 sufficienter
707 2302 901 2363 instructam

99 2397 145 2458 ad
162 2397 345 2458 Concilium
360 2398 569 2459 remitterent
580 2398 747 2474 generale,
761 2414 901 2477 quorum

102 2511 183 2571 pars
199 2494 430 2570 Zagrabiensis
446 2495 609 2556 malitiose
627 2495 798 2556 declinans
815 2511 901 2557 exa-

105 2609 183 2654 men
196 2593 335 2653 recessit
349 2593 589 2654 contumaciter
604 2592 644 2653 ab
661 2593 797 2664 eisdem,
815 2593 902 2654 sicut

104 2692 140 2751 in
163 2690 325 2750 relatione
344 2689 493 2766 judicum
518 2690 708 2752 eorumdem
727 2690 768 2751 ad
792 2691 902 2768 ipsum

106 2787 233 2848 directa
251 2786 482 2848 continebatur
496 2803 663 2864 expresse.
681 2791 818 2848 Demum
831 2803 902 2849 me-

104 2887 234 2946 morato
247 2884 366 2946 abbate
383 2900 460 2945 ac...
480 2887 696 2960 procuratore
712 2885 817 2962 partis
837 2886 900 2946 ad-

101 2998 210 3043 versae
223 2983 257 3042 in
271 2982 382 3044 dilecti
398 2982 457 3042 tilii
471 2983 577 3043 nostri
591 2981 772 3063 G(regorii)
787 2983 902 3044 Sancti

102 3079 268 3141 Theodori
291 3080 422 3141 diaconi
447 3079 640 3152 cardinalis,
663 3083 742 3142 tunc
766 3081 903 3142 subdia-

104 3178 193 3248 coni,
210 3179 243 3238 et
255 3177 419 3254 capellani
435 3177 513 3239 dicti
527 3179 783 3254 praedecessoris
797 3178 902 3240 nostri

104 3276 284 3352 praesentia
298 3274 497 3344 constitutis,
517 3274 604 3335 idem
618 3274 722 3335 abbas
735 3290 795 3352 pro
815 3291 852 3336 se
870 3277 904 3336 et

105 3373 271 3434 conventu
285 3388 344 3432 suo
362 3371 403 3432 ab
424 3371 579 3449 episcopo
596 3372 629 3433 et
647 3372 817 3434 canonicis
832 3388 903 3436 rno-

103 3471 243 3532 moratis
265 3469 411 3530 decimas
435 3470 583 3529 omnium
608 3469 740 3546 frugum
762 3473 795 3532 et
817 3470 904 3532 alia-

103 3584 177 3630 rum
197 3582 308 3628 rerum
327 3568 426 3627 terrae
446 3566 543 3627 cultae
566 3582 605 3628 ac
628 3567 773 3638 incultae,
791 3567 904 3645 sylva-

103 3679 189 3735 rum,
202 3665 453 3734 materinorum,
467 3679 644 3739 porcorum
661 3666 695 3724 et
706 3666 903 3726 caeterorum

103 3761 310 3833 animalium,
327 3776 426 3837 apum
440 3760 684 3822 attributorum
698 3777 737 3822 ac
749 3763 901 3838 vectiga-

104 3860 185 3920 lium
206 3859 309 3935 partis
327 3858 503 3920 comitatus
520 3857 740 3933 simigiensis,
762 3875 835 3936 quae
853 3863 903 3923 est

106 3957 191 4019 ultra
209 3956 347 4017 fluvium
361 3958 515 4026 Dravam,
533 3955 620 4017 sicut
639 3955 744 4032 ipsius
757 3956 903 4032 cingitur

103 4053 265 4115 limitibus
290 4053 478 4124 comitatus,
505 4068 634 4114 necnon
664 4052 902 4115 decimationes

103 4151 309 4228 capellarum
322 4150 434 4210 Sancti
447 4149 618 4214 Barnabae.
633 4151 763 4212 Sanctae
774 4152 900 4224 Crucis,

102 4252 135 4313 et
158 4249 290 4309 Sanctae
304 4247 477 4309 Trinitatis
498 4250 653 4324 exparte
674 4249 776 4310 castri
797 4250 900 4310 Simi-

99 4346 229 4422 giensis
253 4346 288 4405 iu
317 4345 453 4405 dioecesi
479 4346 719 4422 vesprimiensi
755 4348 903 4407 eristen-

98 4446 186 4507 tium
203 4459 277 4503 cum
291 4441 453 4504 fructibus
469 4443 633 4519 perceptis
649 4459 691 4504 ex
704 4443 765 4515 eiS,
783 4444 901 4520 quibus

97 4543 246 4610 fuerant,
265 4542 300 4601 ut
319 4539 501 4612 dicebatur,
522 4556 582 4616 per
601 4541 751 4601 eumdem
772 4543 902 4617 episco-

98 4657 180 4717 pum
197 4637 341 4715 spoliati,
357 4654 431 4698 cum
442 4638 598 4714 expensis
609 4653 692 4714 quas
703 4638 738 4698 in
753 4638 900 4716 ejusdem

98 4736 336 4814 prosecutione
355 4734 479 4810 negotii
500 4751 604 4812 usque
622 4736 662 4796 ad
679 4736 737 4797 illa
751 4738 900 4814 tempora

100 4836 261 4904 fecerant,
278 4849 318 4893 ac
333 4832 453 4894 tacturi
464 4837 577 4894 essent
592 4833 626 4892 in
641 4835 820 4909 posterum,
836 4835 900 4895 sihi

98 4931 234 4993 restitui
250 4930 440 5006 postulauit,
458 4945 555 4990 omne
573 4932 630 5006 jus
645 4947 742 4992 suum
757 4931 793 4992 in
803 4933 899 5010 judi-

99 5030 190 5090 cium
212 5027 420 5100 deducendo;
444 5027 657 5104 privilegium
679 5029 787 5089 sancti
811 5030 900 5106 regis

100 5125 274 5203 Stephani,
288 5126 321 5186 et
333 5124 604 5186 confirmationes
619 5124 728 5186 felicis
743 5128 901 5189 recorda-

99 5225 203 5290 tionis
218 5223 411 5294 Alexandri,
434 5221 560 5284 Urbani
583 5225 617 5285 et
638 5223 817 5286 Clementis
839 5228 901 5288 Ro·

100 5337 275 5384 manorum
296 5319 488 5397 pontificum
515 5320 796 5397 predecessorum
821 5338 901 5384 nos-

100 5423 229 5482 trorum
262 5418 303 5478 ad
335 5419 553 5479 intentionem
577 5434 672 5479 suam
696 5417 899 5482 fundandam

100 5532 202 5594 super
215 5515 389 5592 principali
406 5515 601 5591 producens.
620 5516 823 5577 Memoratus
839 5533 901 5579 au-

99 5619 166 5677 tem
183 5616 379 5692 procurator
394 5629 436 5673 ex
450 5612 591 5673 adverso
607 5612 812 5689 respondens
826 5631 901 5692 pro·

737 297 965 357 EPISTOLAE.
989 297 1067 356 LIB.
1092 298 1129 356 V.

1693 295 1755 357 030

960 453 1086 533 posuit,
1122 456 1314 534 episcopum
1349 456 1575 535 supradictum
1609 456 1755 518 decimas

960 556 1161 616 memoratas
1184 554 1381 616 inconcusse
1405 554 1530 616 diutius
1553 553 1754 630 possedisse,

959 666 1113 712 asserens
1128 651 1358 724 nibilominus,
1373 652 1458 729 quod
1475 651 1562 712 dicta
1574 667 1663 727 pars,
1680 666 1755 727 quae

960 748 1047 809 ultra
1065 751 1208 810 Dravam
1233 748 1358 819 existit,
1382 751 1530 826 tempore
1554 749 1622 810 dati
1644 748 1753 825 privi-

958 844 1038 921 legii
1051 846 1091 906 de
1103 846 1260 908 comitatu
1271 862 1337 907 non
1347 846 1465 907 fuisset
1478 847 1606 916 eodem,
1620 847 1654 906 et
1667 843 1754 922 quod

958 942 1126 1019 praedictae
1143 944 1291 1020 capellae,
1303 960 1377 1029 quae
1388 945 1477 1004 circa
1489 945 1632 1007 Dravam
1644 941 1752 1012 erant,

959 1055 1033 1099 cum
1047 1040 1260 1116 parochianis
1275 1041 1345 1101 suis
1361 1041 1472 1102 essent
1491 1040 1527 1100 in
1542 1038 1756 1113 Zagrabiensl
1858 1100 1865 1106 ,

958 1135 1093 1196 dioecesi
1118 1137 1317 1210 constitutae,
1343 1153 1417 1214 quae
1447 1136 1559 1197 omnia
1581 1135 1700 1196 obtulit
1719 1149 1757 1195 se

957 1234 1036 1294 tunc
1049 1234 1207 1310 temporis
1219 1234 1444 1312 probaturum.
1453 1233 1546 1295 Unde
1557 1232 1754 1308 sepedictus

958 1330 1186 1406 praedecessor
1208 1332 1331 1401 noster,
1359 1348 1433 1392 oum
1455 1347 1515 1409 per
1536 1328 1753 1391 assertionem

958 1442 1073 1487 eorum
1084 1428 1147 1488 sibi
1162 1429 1203 1489 de
1216 1445 1325 1490 causae
1340 1430 1469 1490 meritis
1482 1427 1612 1504 plenius
1626 1426 1757 1503 liquere

957 1540 1024 1584 non
1049 1526 1172 1601 posset,
1199 1525 1383 1586 venerabili
1409 1523 1505 1586 tratri
1534 1523 1648 1584 nostro
1673 1524 1757 1582 Wa-

958 1621 1062 1681 ciensi
1090 1622 1246 1699 episcopo
1275 1624 1308 1683 et
1340 1622 1479 1697 collegis
1513 1621 1583 1681 suis
1618 1634 1754 1681 causam

958 1718 1107 1779 eamdem
1120 1720 1284 1780 commisit
1294 1719 1359 1780 tine
1373 1718 1484 1780 debito
1496 1716 1751 1793 terminandam.

957 1816 1081 1876 verum
1101 1831 1175 1876 cum
1192 1817 1324 1894 judices
1348 1816 1521 1887 nominati,
1535 1817 1605 1877 tum
1620 1814 1756 1892 propter

958 1912 1064 1988 ipsius
1098 1911 1223 1974 obitum
1256 1913 1472 1986 mandatoris,
1508 1914 1579 1973 tum
1618 1911 1753 1989 propter

958 2009 1042 2070 alias
1060 2025 1179 2071 causas
1195 2010 1406 2088 multiplices,
1418 2011 1453 2072 in
1468 2009 1603 2086 negotio
1617 2007 1754 2068 minime

958 2108 1174 2182 procederent
1200 2111 1393 2180 memorato,
1414 2124 1475 2169 nos
1497 2107 1537 2168 ad
1557 2105 1755 2168 instantiam

957 2203 1086 2266 abbatis
1105 2205 1271 2282 praelati...
1296 2205 1475 2282 praeposito
1498 2206 1566 2265 et...
1590 2205 1649 2264 Sa.
1668 2205 1755 2264 ves-

957 2301 1129 2377 primiensi
1141 2303 1211 2364 et...
1226 2302 1372 2374 Albensi,
1389 2301 1647 2379 vesprimiensis
1671 2299 1756 2359 dioe-

958 2399 1042 2459 cesis
1057 2399 1314 2473 archidiaconis,
1327 2400 1449 2462 nostris
1464 2399 1615 2461 dedimus
1627 2396 1748 2458 litteris

956 2497 991 2557 in
1010 2497 1185 2568 mandatis,
1205 2498 1241 2559 ut
1262 2513 1362 2574 super
1380 2497 1444 2558 hoc
1461 2499 1494 2558 et
1512 2496 1588 2557 aliis
1610 2494 1753 2571 negotiis

957 2595 1062 2655 suisa
1081 2594 1170 2656 dicto
1190 2595 1435 2671 predecessore
1457 2595 1570 2656 nostro
1584 2592 1753 2671 judicibus

958 2691 1099 2752 diversis
1120 2693 1317 2764 commissis,
1334 2694 1432 2770 juxta
1446 2698 1595 2753 tenorem
1614 2689 1753 2750 manda·

957 2789 1065 2850 torum
1096 2789 1201 2866 ipsius
1229 2790 1409 2867 procedere
1437 2789 1666 2867 procurarent,
1697 2787 1755 2864 qui

958 2886 1043 2947 sicut
1056 2902 1099 2947 ex
1117 2887 1280 2949 relatione
1299 2887 1525 2949 intelleximus
1547 2885 1751 2956 eorumdem,

957 2984 993 3044 in
1008 2985 1080 3060 ipso
1092 2985 1226 3060 negotio
1236 2986 1341 3046 variis
1351 2985 1391 3046 de
1402 2985 1512 3045 causis
1526 2984 1662 3044 minime
1673 2999 1753 3059 pro-

958 3082 1122 3153 cedentes,
1138 3083 1247 3158 ipsum
1266 3082 1374 3142 adhuc
1393 3083 1559 3157 integrum
1576 3081 1617 3142 ad
1634 3080 1752 3141 Sedem

957 3178 1179 3255 apostolicam
1193 3180 1404 3241 remiserunt.
1419 3179 1640 3240 Procuratore
1650 3177 1754 3253 igitur

957 3276 1085 3338 abbatis
1100 3279 1171 3353 jam
1192 3277 1283 3345 dicti,
1304 3292 1343 3337 ac
1360 3276 1480 3338 dilecto
1501 3275 1569 3336 tilio
1590 3275 1750 3350 magistro

958 3374 1141 3444 Ambrosio,
1149 3374 1385 3435 archidiacono
1398 3373 1649 3450 vesprimiensi,
1666 3387 1755 3432 nun-

957 3472 1003 3534 tio
1028 3472 1132 3548 partis
1158 3471 1319 3543 aduersae,
1343 3472 1477 3547 propter
1498 3471 1561 3532 hoc
1582 3470 1618 3531 in
1640 3471 1756 3532 nostra
1801 3458 1804 3465 ’

959 3569 1135 3646 praesentia
1157 3570 1356 3641 constitutis,
1371 3569 1527 3630 dilectum
1547 3568 1652 3629 fllium
1674 3583 1755 3628 nos-

958 3669 1045 3727 trum
1059 3669 1107 3739 ii,
1121 3668 1318 3728 Sanctorum
1331 3669 1458 3728 Cosmae
1470 3667 1504 3728 et
1515 3665 1667 3726 Damiani
1680 3665 1755 3726 dia-

958 3778 1079 3825 conum
1100 3763 1317 3836 cardinalem,
1337 3764 1385 3825 eis
1412 3764 1637 3825 concessimus
1659 3762 1756 3824 audi·

958 3861 1075 3932 torem,
1092 3861 1235 3921 cuicum
1253 3861 1293 3921 de
1313 3877 1423 3922 causae
1443 3861 1570 3922 meritis
1585 3875 1646 3937 per
1663 3860 1754 3937 ipsos

959 3972 1026 4018 non
1041 3958 1185 4034 potuerit
1203 3957 1275 4019 deri
1296 3957 1394 4034 plena
1414 3957 1508 4029 tides,
1533 3973 1595 4018 nos
1618 3972 1754 4018 causam
1857 4007 1863 4017 .

958 4055 1064 4131 ipsam
1083 4054 1177 4114 vobis
1199 4055 1356 4115 duximus
1380 4055 1658 4122 committendam,
1681 4053 1755 4115 dis-

958 4152 1098 4213 cretioni
1113 4153 1232 4213 uestrae
1246 4169 1307 4229 per
1320 4152 1511 4228 apostolica
1526 4152 1648 4230 scripta
1664 4167 1754 4212 man·

957 4250 1084 4320 dantes,
1104 4250 1269 4326 quatenus
1292 4249 1326 4309 in
1349 4250 1482 4325 negotio
1503 4250 1587 4327 ipso,
1602 4265 1668 4310 non
1689 4248 1753 4310 ob·

957 4347 1121 4409 stantibus
1134 4346 1301 4423 aliquibus
1314 4347 1434 4409 litteris
1450 4347 1626 4424 superduc
1638 4363 1658 4408 e
1670 4345 1755 4408 Sede

956 4445 1147 4521 apostolica
1169 4444 1366 4521 impetratis,
1387 4461 1493 4523 usque
1513 4445 1556 4506 ad
1574 4444 1754 4508 definitivae
1828 4514 1831 4518 ,

956 4542 1129 4604 sententiae
1160 4542 1336 4615 calculum,
1365 4543 1496 4606 sublato
1520 4543 1754 4620 appellationis

956 4639 1140 4711 obstaculo
1152 4640 1380 4718 procedentes,
1392 4656 1527 4702 causam
1540 4641 1658 4719 ipsam,
1673 4641 1701 4700 si
1713 4640 1754 4700 de

957 4738 1099 4814 partium
1120 4737 1292 4799 voluntate
1314 4738 1534 4814 processerit,
1554 4737 1619 4798 tine
1643 4736 1753 4798 debito

955 4834 1152 4904 terminetis,
1169 4833 1328 4896 iacientes
1343 4835 1429 4912 quod
1445 4833 1659 4896 decreveritis
1672 4850 1754 4896 auc·

955 4932 1088 4993 toritate
1106 4933 1219 4993 nostra
1238 4931 1378 4993 tirmiter
1398 4931 1581 4993 observari.
1597 4932 1753 5011 Alioquin

955 5044 1028 5090 eam
1037 5029 1243 5090 sufficienler
1254 5028 1449 5091 instructam
1460 5029 1501 5090 ad
1513 5031 1661 5092 nostram
1671 5045 1753 5107 prac-

955 5126 1096 5190 sentiam
1129 5126 1318 5197 remittatis,
1357 5126 1566 5203 praefigentes
1603 5126 1752 5204 partibus

954 5225 1132 5285 terminum
1143 5223 1393 5300 competentem,
1406 5240 1471 5302 quo
1484 5225 1597 5285 nostro
1611 5239 1648 5284 se
1660 5239 1753 5286 cons·

955 5322 1065 5400 pectui
1076 5323 1324 5399 repraesentent,
1336 5323 1472 5399 justam,
1488 5322 1586 5385 dante
1599 5322 1750 5393 Domino,

955 5420 1153 5481 sententiam
1188 5420 1382 5495 recepturae.
1413 5421 1526 5480 Testes
1559 5422 1671 5480 autem
1696 5420 1752 5497 qui

955 5518 1079 5579 fuerint
1101 5516 1273 5587 nominati,
1291 5516 1318 5577 si
1343 5532 1378 5578 se
1394 5516 1517 5593 gratia,
1533 5515 1610 5577 odio
1634 5518 1687 5577 vel
1708 5517 1753 5578 ti-

955 5631 1046 5677 more
1060 5613 1297 5685 subtraxerint,
1315 5629 1560 5691 percensuram
1576 5614 1754 5676 ecclesias·
