3774 6186
120 331 180 393 533

122 506 161 553 ac
171 490 433 554 contradictione
443 490 599 570 qualibet,
610 490 730 553 dictam
742 490 917 553 ecclesiam

121 589 326 661 reconciliet,
350 589 384 651 et
405 588 552 666 praetatis
576 588 752 650 abbatissae
778 604 818 650 ac
845 603 918 649 mo-

121 684 266 746 nialibus
279 686 312 748 et
327 686 475 762 ipsarum
486 686 617 748 clericis
633 687 797 748 ministret
808 686 918 748 eccle·

119 782 257 843 siastioa
284 785 505 844 sacramenta.
536 782 678 860 Ideoque
713 781 916 844 fraternitati

121 880 186 940 tuse
202 894 262 956 per
272 881 462 956 apostolica
476 880 600 957 scripta
618 880 814 941 mandamus
833 895 917 957 qna-

119 978 217 1037 tenus
231 977 260 1036 si
275 979 476 1039 memoratus
489 977 663 1055 episcopus
675 976 762 1055 quod
777 977 917 1039 manda·

121 1075 230 1136 vimus
255 1090 321 1136 non
346 1075 515 1137 curaverit
535 1075 727 1151 adimplere,
752 1076 788 1136 tu
812 1075 848 1135 in
863 1075 915 1135 bis

121 1170 305 1247 quaestione
317 1171 479 1248 pendente
490 1171 690 1248 pontificalis
703 1170 804 1234 cilicii
816 1171 916 1232 mini-

121 1269 271 1340 sterium,
285 1269 690 1345 auctoritateApostolica,
707 1269 913 1346 exsequaris.

121 1366 241 1427 Datum
256 1367 342 1442 apud
363 1364 484 1428 Urbem
506 1367 669 1439 Veterem,
692 1366 820 1427 decimo
835 1381 914 1444 sep-

120 1463 202 1524 timo
215 1462 376 1525 kalendas
389 1463 545 1538 octobris,
562 1479 651 1526 anno
665 1463 790 1541 quinte.

474 1660 561 1748 LVI

121 1794 378 1868 coepiscopum
397 1796 632 1855 parisiensem
643 1794 676 1855 et
697 1795 912 1856 arcbttltcco-

346 1905 431 1952 num
442 1893 684 1953 senonensem.

375 2012 409 2069 lb
422 2011 561 2085 septemb.
579 2011 658 2070 ¹220.

150 2126 273 2191 [aegest.
283 2124 328 2176 tib.
337 2127 368 2185 V,
378 2125 452 2193 epist.
465 2126 518 2176 tlt.
530 2127 586 2177 bias.
604 2128 640 2178 La
653 2128 725 2179 Porta
741 2127 775 2178 du
788 2127 881 2191 thail]

121 2233 251 2304 Pracipit
269 2240 301 2291 nt
311 2232 347 2291 de
355 2232 491 2291 abusibus
505 2232 615 2292 abbatis
626 2234 722 2292 Sancti
734 2235 868 2294 Germani
877 2233 913 2291 de

157 2321 250 2378 Pratis
278 2320 428 2379 veritatem
447 2321 602 2394 inquirant,
630 2329 715 2394 atque
742 2321 778 2380 ad
810 2321 912 2382 sedem

156 2409 351 2483 apostolicam
362 2408 495 2467 reserant.

159 2526 337 2600 Honorius,
350 2528 426 2600 etc,
442 2528 626 2591 venerabili
646 2529 741 2592 tratri
757 2530 912 2610 episcopo

122 2625 299 2696 Parisien.,
312 2626 381 2686 et...
399 2626 636 2689 archidiacono
653 2630 817 2690 senonen.

160 2722 211 2783 Ne
222 2722 365 2784 aliorum
375 2723 489 2800 culpas
504 2727 636 2786 nostras
651 2725 783 2787 eldcere
798 2725 914 2787 videa-

121 2834 206 2891 mur,
222 2819 251 2880 si
266 2835 335 2893 eas,
351 2837 425 2882 cum
441 2821 617 2899 possimus,
629 2823 830 2899 negligimus
843 2839 913 2885 cas·

121 2915 237 2993 tigare,
253 2917 375 2996 datque
400 2919 513 2981 anima
527 2922 641 2981 nostra
662 2936 722 2997 pro
737 2921 912 2982 animabus

120 3013 264 3089 illorum,
279 3016 374 3093 quasi
389 3017 559 3093 preprium
570 3018 800 3094 prosequimur
820 3019 911 3079 inte-

120 3126 223 3184 resse,
251 3129 352 3189 quum
374 3113 487 3176 aridita
515 3115 740 3177 insinuatione
766 3115 912 3176 clamosa

119 3207 325 3270 subditorum
338 3213 526 3274 nostrorum
541 3228 701 3274 excessus
716 3212 911 3273 mandamus

118 3303 255 3382 inquiri,
293 3308 329 3368 ut
361 3308 502 3370 veritate
543 3308 694 3370 discussa
728 3306 911 3385 culpabiles

119 3403 340 3478 corrigantur,
357 3407 391 3466 et
412 3405 560 3468 insontes
574 3421 611 3467 se
625 3406 792 3482 gaudeant
803 3422 911 3467 exou-

118 3499 219 3560 satos.
228 3501 315 3561 Sane
323 3500 364 3562 ad
375 3501 578 3564 audientiam
588 3504 736 3565 nostram
748 3503 911 3565 relatione

119 3595 297 3660 multorum
323 3599 483 3661 noveritis
506 3602 709 3676 pervenisse,
729 3600 814 3677 qued
839 3616 912 3662 mo-

118 3696 301 3757 nasterium
318 3697 430 3759 Sancti
446 3698 602 3758 Germani
623 3697 663 3759 de
683 3698 803 3769 Pratis,
826 3697 910 3774 quod

116 3792 158 3854 ad
176 3795 358 3854 Romanam
375 3795 557 3856 Ecclesiam
570 3795 662 3856 nullo
677 3794 785 3856 medio
800 3794 913 3856 nosci-

118 3891 173 3952 tur
182 3891 361 3967 pertinere,
374 3906 432 3970 per
442 3892 679 3968 negligentiam
689 3891 741 3952 vel
750 3891 910 3953 malitiam

117 3988 264 4064 potius...
279 3987 417 4061 abbatis,
433 3989 489 4067 qui
506 3990 626 4066 praeest
641 3990 673 4051 et
687 3988 780 4051 obest
791 3989 909 4060 eidem,

117 4087 231 4161 utpote
251 4085 440 4159 illiteratus,
468 4088 502 4149 et
524 4086 609 4148 alias
626 4087 736 4147 minus
758 4087 908 4160 idoneus,

115 4197 254 4244 necnon
267 4182 408 4244 aliorum
432 4182 553 4246 ibidem
572 4182 791 4245 habitantium
808 4199 911 4261 usque

116 4280 200 4341 adeo
220 4279 255 4341 in
273 4278 502 4358 spiritualibus
523 4281 574 4343 est
596 4281 791 4358 collapsum,
819 4283 853 4343 et
876 4282 911 4342 in

115 4377 354 4454 temporalibus
369 4378 577 4450 diminutum,
597 4379 762 4456 quodnisi
777 4379 808 4440 ei
823 4379 912 4441 cele-

116 4475 200 4536 riter
241 4480 467 4549 succurratur,
506 4475 656 4538 incurret
693 4477 910 4552 irreparabile

114 4571 358 4634 detrimentum.
387 4575 468 4634 Cum
491 4573 594 4650 igitur
613 4574 773 4636 instantia
796 4577 910 4635 nostra

115 4669 309 4747 quotidiana
331 4671 375 4732 sit
388 4671 604 4733 ecclesiarum
621 4671 767 4732 omnium
784 4671 911 4732 sollici-

115 4767 194 4828 tudo
234 4769 413 4839 continua,
458 4768 652 4831 discretioni
691 4769 812 4831 vestrae
851 4785 911 4846 per

114 4863 304 4942 apostolica
320 4867 442 4943 scripta
458 4865 665 4937 mandamus,
682 4867 846 4943 qnatenus
868 4867 909 4928 ad

115 4961 224 5023 locum
240 4964 460 5039 personaliter
483 4963 910 5032 accedentes,etl1abentes

116 5074 185 5136 prae
194 5059 300 5120 oculis
314 5060 421 5121 solum
431 5063 545 5133 Deum,
558 5061 746 5139 inquiratis,
760 5060 911 5138 appella·

115 5158 206 5219 tione
237 5160 374 5226 remota,
409 5175 510 5236 super
540 5159 721 5238 praemissis
753 5158 908 5220 omnibus

114 5254 307 5333 dilIgentius
337 5256 521 5330 veritatem,
540 5257 573 5319 et
598 5271 672 5334 quae
699 5255 906 5328 loseneritis,

114 5351 209 5413 nobis
219 5367 279 5431 per
288 5354 417 5415 vestras
429 5354 557 5416 litteras
578 5352 722 5416 fideliter
734 5354 906 5425 intimetis,

114 5456 150 5511 nt
162 5467 204 5512 cx
218 5454 329 5513 vestra
346 5451 509 5515 relatione
524 5451 728 5514 sufficienter
740 5452 905 5525 instructi,

751 331 979 393 EPISTOLAE.
1003 330 1080 391 ΜΒ.
1103 330 1142 391 V.

1706 334 1765 395 cst

970 484 1045 549 bem
1064 490 1233 561 Veterem,
1269 488 1395 551 decimo
1429 491 1568 568 septimo
1603 490 1766 553 kalendas

971 585 1127 659 octobris,
1140 586 1350 662 pontificatus
1361 589 1468 650 nostri
1490 604 1580 650 anno
1591 588 1720 667 quinto.

1314 737 1423 826 LVII

1075 872 1128 931 Ad
1148 873 1368 932 Frtrtericum
1386 887 1506 949 repcm
1528 875 1663 945 amem,
1769 830 1772 834 Ι

1009 968 1047 1026 m
1062 968 1308 1040 imperatorem
1322 971 1558 1031 limianorum
1570 973 1723 1033 eiectam.

1218 1079 1254 1137 20
1272 1081 1412 1153 septemb.
1430 1082 1509 1140 tito.

1017 1182 1223 1248 [thalamum.
1241 1184 1304 1249 dipl.
1322 1185 1430 1237 dominii
1455 1192 1545 1251 temp„
1562 1187 1603 1245 stt,
1623 1202 1648 1237 n.
1664 1187 1718 1252 st]

970 1281 1102 1337 llortatur
1116 1295 1215 1354 regem
1228 1289 1261 1339 ut
1282 1282 1356 1340 sicut
1371 1285 1549 1355 promiserat,
1565 1290 1670 1342 terram
1679 1283 1766 1342 comt·

1005 1368 1082 1425 tissa
1096 1368 1241 1426 llatbildis
1256 1371 1356 1428 nuntio
1375 1372 1540 1444 apostolico
1555 1372 1695 1446 resignari
1715 1371 1762 1445 jn·

1004 1454 1079 1525 beat,
1096 1464 1125 1514 et
1138 1456 1288 1516 haereticos
1302 1459 1331 1516 in
1344 1459 1513 1517 lombardia
1529 1461 1674 1533 reprimat.

1009 1565 1176 1626 Honorius
1216 1565 1402 1643 episcopus,
1442 1581 1558 1631 servus
1591 1583 1763 1632 servorum

969 1661 1221 1733 Dei,carissimo
1234 1664 1269 1723 in
1282 1662 1412 1725 Christo
1425 1664 1494 1726 illio
1507 1665 1764 1727 nostre...illus·

968 1757 1011 1818 tri
1021 1759 1093 1833 regi
1108 1759 1243 1831 Siciliae,
1252 1759 1526 1838 inimperatorem
1535 1765 1761 1825 Romanorum

969 1854 1084 1926 electo,
1110 1855 1263 1930 salutem,
1287 1858 1321 1920 et
1347 1858 1571 1934 apostoticam
1598 1859 1759 1923 benedic-

969 1949 1104 2011 tlonem.

1009 2049 1083 2110 Non
1107 2050 1237 2127 oportet
1249 2066 1309 2113 nos
1324 2050 1435 2113 verbis
1449 2054 1649 2131 exprimere,
1661 2067 1760 2131 qnam

968 2162 1066 2223 pnre,
1089 2162 1187 2223 qnam
1207 2147 1349 2210 sollicite
1372 2149 1413 2210 ad
1437 2150 1672 2212 exaltationem
1693 2153 1760 2212 tusa

968 2244 1176 2306 celsitudinis
1200 2245 1440 2307 intenderimus
1455 2248 1488 2309 et
1501 2247 1667 2310 constanti
1682 2263 1762 2324 pro·

968 2341 1075 2418 posito
1089 2341 1311 2415 Intendamus,
1332 2342 1418 2420 quod
1443 2344 1515 2421 ipsa
1540 2343 1762 2422 operisexbi·

967 2438 1059 2512 bitio,
1085 2438 1118 2499 id
1147 2438 1356 2502 abundanter
1374 2441 1532 2519 exprimit
1550 2443 1583 2502 et
1604 2441 1762 2502 demons-

967 2537 1053 2596 trat:
1070 2535 1157 2596 unde
1171 2551 1238 2597 non
1250 2537 1416 2599 immerito
1442 2537 1658 2606 admiramur,
1672 2536 1758 2616 quod

966 2648 1017 2702 ea,
1034 2649 1107 2709 quaa
1123 2648 1143 2693 a
1161 2634 1194 2694 te
1214 2635 1304 2709 Juste
1327 2634 1540 2711 requirimus,
1561 2651 1635 2696 cum
1659 2635 1760 2696 tantae

967 2729 1170 2791 difficultatis
1179 2731 1333 2806 angustia
1346 2731 1543 2793 obtinemus.
1554 2735 1659 2805 Quum
1671 2732 1760 2793 enim

966 2825 1149 2888 venerabili
1165 2825 1259 2890 fratri
1274 2829 1424 2890 nostro...
1442 2829 1584 2891 Metensi
1602 2828 1758 2907 episcopo

967 2923 1150 2999 imperialis
1164 2924 1251 2984 aulae
1279 2925 1480 2988 cancellario
1509 2925 1697 2987 dederimus
1724 2926 1758 2986 in
1809 2959 1811 2963 ν

967 3019 1142 3091 mandatis,
1158 3019 1330 3081 ulterram
1346 3021 1445 3082 clarae
1461 3023 1629 3083 memoriae
1651 3022 1759 3083 comi·

966 3117 1056 3177 tissae
1073 3116 1288 3177 Matbildisad
1296 3121 1477 3180 Romanam
1495 3118 1676 3179 Ecclesiam
1687 3135 1761 3196 per·

966 3213 1125 3275 tinentem
1139 3213 1259 3275 dilecto
1273 3214 1341 3274 tilio
1361 3213 1522 3288 Alatrin0,
1552 3214 1756 3277 subdiacono

966 3312 998 3372 et
1010 3310 1182 3387 capellano
1199 3314 1323 3382 nostro,
1346 3311 1469 3373 iaceret
1489 3312 1602 3374 nostro
1626 3310 1761 3375 nomine

965 3408 1146 3483 resignari3
1159 3423 1285 3485 nosque
1301 3408 1482 3480 intellecto,
1498 3409 1584 3486 quod
1600 3408 1707 3471 dictus
1718 3412 1756 3480 Α,
1834 3390 1842 3408 ‘

966 3520 1039 3565 cum
1067 3504 1270 3566 cancellario
1293 3507 1351 3567 tno
1377 3504 1542 3578 veniebat,
1568 3505 1684 3567 eodem
1708 3506 1763 3567 di-

966 3601 1086 3663 lectum
1106 3600 1210 3663 tilium
1231 3602 1439 3680 Raynaldum
1466 3603 1704 3666 subdiaconum
1728 3602 1762 3664 et
1863 3613 1868 3622 ··

966 3698 1173 3775 capellanum
1187 3701 1336 3761 nostrum
1357 3702 1491 3777 propter
1508 3700 1573 3762 boc
1594 3699 1634 3762 ad
1651 3700 1759 3776 ipsum

966 3794 1204 3856 cancellarium
1225 3798 1454 3858 curaverimus
1481 3797 1671 3872 destinare,
1687 3798 1759 3875 ipse

965 3892 1121 3952 illumdiu
1131 3893 1226 3953 vanis
1237 3892 1515 3969 promissionibus
1525 3894 1688 3967 detinens,
1697 3895 1762 3956 ter·

966 4004 1037 4050 ram
1053 3990 1158 4066 ipsam
1170 3989 1233 4050 sibi
1250 4005 1315 4050 non
1330 3990 1420 4061 iecit,
1431 4006 1646 4068 quaecumque
1658 4005 1760 4052 cansa

966 4085 1145 4156 suffecerit,
1173 4086 1351 4162 resignari.
1379 4085 1520 4165 ideoque
1545 4087 1760 4149 serenitatem

964 4183 1055 4242 tuam
1071 4182 1253 4258 rogandam
1268 4182 1425 4244 duximus
1439 4185 1473 4246 et
1487 4183 1683 4246 hortandam
1703 4184 1758 4246 at·

965 4279 1089 4341 tentins
1102 4280 1319 4357 requirentes,
1335 4282 1497 4358 quatenus
1521 4281 1554 4343 id
1568 4281 1653 4359 quod
1666 4282 1760 4358 regio

966 4376 1142 4454 privilegio
1171 4376 1327 4440 roborato
1358 4378 1635 4456 suscriptionibus
1666 4379 1761 4457 prin·

966 4473 1086 4552 cipum,
1108 4477 1141 4536 et
1159 4475 1244 4536 alias
1259 4476 1325 4537 tuis
1339 4475 1459 4538 litterls
1481 4477 1673 4555 promisisti,
1697 4494 1760 4539 cu·

966 4588 1044 4632 rans
1059 4573 1190 4635 effectui
1206 4575 1409 4652 mancipare,
1426 4575 1619 4652 predictam
1634 4577 1758 4637 terram

965 4670 1146 4747 capellanis
1171 4671 1339 4747 praedictis
1363 4672 1416 4732 vel
1444 4687 1559 4733 eorum
1588 4672 1696 4744 alteri,
1730 4672 1759 4733 si

966 4767 1049 4829 torte
1076 4783 1141 4829 non
1158 4766 1256 4830 ambo
1277 4770 1457 4845 praesentes
1476 4783 1551 4830 esse
1578 4769 1757 4846 potuerint,

966 4864 1069 4927 facias
1079 4865 1213 4928 nomine
1224 4868 1338 4928 nostro
1349 4865 1452 4927 libere
1465 4866 1641 4943 resignari,
1655 4868 1760 4931 atten-

965 4963 1057 5034 dens,
1087 4963 1173 5040 quod
1206 4963 1234 5023 si
1259 4961 1514 5041 promissionem
1537 4965 1628 5027 tuam
1656 4966 1691 5028 in
1720 4981 1757 5027 re
1843 5036 1846 5042 ,

964 5062 1030 5122 tam
1046 5061 1175 5121 modica
1190 5059 1347 5132 violares,
1364 5060 1539 5124 dedeceret
1553 5063 1679 5138 regiam
1694 5064 1759 5126 cel·-

964 5158 1153 5229 situdinem,
1180 5160 1212 5220 et
1231 5158 1331 5219 etiam
1352 5159 1506 5236 praesumi
1529 5160 1649 5238 posset,
1671 5161 1756 5238 quod

963 5257 1140 5333 promissio
1152 5257 1209 5317 tua
1220 5256 1344 5319 violata
1360 5255 1394 5317 in
1405 5257 1563 5330 minimis,
1580 5274 1646 5319 non
1666 5271 1757 5320 esses

964 5354 998 5415 in
1021 5353 1175 5414 maximis
1197 5353 1347 5416 ecclesiae
1376 5355 1569 5416 servaturus
1590 5376 1597 5415 ε
1622 5357 1757 5433 propter

963 5451 1047 5528 qnod
1062 5451 1181 5512 iterata
1206 5466 1304 5526 prece
1317 5452 1536 5529 deposcimus,
1559 5455 1594 5514 ut
1612 5452 1657 5514 ita
1671 5469 1754 5530 pro-

114 5549 332 5626 procedarnus
347 5550 478 5621 exinde,
495 5550 593 5628 prout
611 5549 792 5611 secundum
804 5553 906 5613 Deum
962 5549 1087 5619 videas,
1100 5549 1184 5626 quod
1198 5549 1239 5609 ad
1257 5548 1524 5609 sublimationem
1537 5549 1639 5623 tuam,
1657 5568 1754 5629 quam

113 5644 295 5708 viderimus
314 5646 568 5725 procedendum.
590 5649 706 5710 Datum
730 5648 815 5726 apud
843 5650 907 5741 ilr-
963 5664 1027 5708 non
1043 5646 1149 5707 solum
1165 5647 1328 5719 volumus,
1350 5645 1521 5708 sedetiam
1545 5647 1751 5719 affectamus,
