3774 6186
164 936 167 941 -
257 880 322 965 DE
358 877 537 965 lentio
576 869 797 965 HONORII
835 871 895 966 ΙΙΙ
934 877 1303 966 PONTIFIGATUS
1339 876 1496 965 ANNO.

92 1589 248 1660 Postquam
270 1602 286 1643 a
308 1583 459 1645 Theodoro
482 1587 628 1645 comneno
651 1585 771 1644 loannis
797 1585 850 1644 Co·
940 1587 975 1643 in
990 1585 1093 1645 eodem
1111 1594 1224 1660 quoque
1245 1599 1322 1643 anno
1342 1581 1503 1658 prodigium
1524 1589 1633 1641 naturae
1647 1576 1700 1640 luit

53 1678 163 1746 lumua,
185 1675 265 1735 cord.
284 1675 457 1747 apostolice
476 1674 557 1733 Sedis
579 1676 701 1748 legatus,
717 1674 853 1732 liberatus
907 1674 982 1747 quod
1001 1675 1169 1748 regionibus
1191 1675 1289 1732 Frisiae
1312 1673 1449 1731 damnum
1472 1672 1566 1730 attulit
1584 1669 1696 1729 inaudi-

52 1763 167 1832 iuisset,
181 1777 250 1820 eum
265 1763 407 1820 lionorius
419 1764 460 1819 lli
474 1763 748 1834 Constantinopolim
764 1762 852 1831 misit,
907 1769 977 1818 tum.
999 1765 1073 1818 Nam
1088 1763 1237 1832 plusquam
1251 1768 1366 1818 centum
1382 1761 1468 1818 millia
1483 1759 1632 1817 hominum
1646 1775 1697 1833 pe·

54 1860 170 1910 mortuo
184 1849 300 1923 quidem
318 1851 490 1923 imperatore
506 1853 590 1908 Petro
606 1848 654 1922 (de
668 1849 852 1922 courtenay).
908 1848 1024 1916 rieruut,
1045 1864 1154 1907 oceano
1179 1851 1396 1918 intumescente,
1412 1856 1441 1907 et
1461 1856 1551 1906 terras
1569 1856 1597 1906 et
1614 1848 1700 1906 urbes

53 1941 125 1997 Viro
140 1937 270 2012 provido,
286 1939 409 2011 sapienti
425 1945 453 1996 et
473 1939 631 2006 constanti,
653 1952 726 2010 opus
745 1945 806 1995 erat
824 1938 853 1995 in
908 1936 1070 1995 invadente.
1088 1938 1179 2011 liujus
1197 1938 1288 1995 cladis
1308 1953 1425 1995 causam
1445 1937 1541 1995 tribuit
1559 1938 1698 1995 annalista

54 2024 104 2081 his
114 2023 292 2098 regionibus,
308 2024 356 2096 qui
371 2021 488 2080 dissidia
498 2031 683 2094 componeret
696 2023 770 2080 iuter
782 2023 854 2079 Lati·
908 2027 1060 2098 sacrilegio
1074 2027 1222 2099 cujusdam
1238 2027 1291 2084 viri
1306 2026 1377 2084 ebrii
1398 2026 1457 2099 qui,
1472 2026 1539 2083 dum
1554 2026 1700 2099 presbyter

53 2128 113 2171 nos
127 2121 159 2169 et
173 2112 298 2180 Grecos,
308 2113 383 2168 iuter
392 2111 500 2168 clerum
511 2119 539 2168 et
549 2110 666 2168 clerum.
679 2110 714 2168 iil
730 2123 854 2182 namque
907 2113 1031 2172 deferret
1048 2123 1261 2172 sacramentum
1279 2115 1400 2172 muliere
1414 2114 1577 2187 egrotanti,
1591 2112 1700 2171 hostias

58 2207 195 2258 recenter
207 2214 224 2257 a
238 2198 387 2257 schismate
404 2197 441 2256 ad
455 2198 647 2256 obedientiam
663 2198 785 2256 liliorum
800 2197 851 2255 ad·
907 2213 993 2272 super
1013 2201 1207 2273 pavimentum
1229 2200 1376 2274 dispersit,
1391 2198 1459 2257 dum
1481 2199 1615 2274 pyxidem
1633 2213 1699 2258 eum

59 2289 149 2358 ducti,
165 2301 225 2345 nou
240 2295 405 2360 spontanee,
423 2286 566 2344 interdum
585 2285 750 2345 sanctiones
764 2300 851 2344 cauo·
907 2302 959 2344 suo
973 2287 1082 2361 scypho
1096 2289 1243 2346 cerevisia
1256 2289 1342 2361 pleno
1356 2289 1504 2361 percussit.

57 2378 142 2435 nicus
159 2375 334 2449 rejiciebant,
355 2383 385 2433 et
405 2383 503 2433 coutra
522 2376 669 2432 stimulum
688 2374 851 2433 recalcitra·
943 2375 999 2434 Sed
1012 2376 1106 2433 obitus
1124 2377 1211 2433 etiam
1226 2375 1369 2435 notandus
1387 2376 1507 2434 Othonis
1521 2377 1561 2433 IV
1577 2376 1699 2448 impera·

56 2465 137 2524 baut
159 2464 214 2534 llli,
233 2464 317 2537 quasi
330 2464 419 2521 armis
433 2470 573 2536 potentes,
588 2463 751 2536 superbiam
765 2463 852 2521 allec·
907 2463 987 2532 toris,
1005 2465 1034 2520 iu
1051 2478 1127 2520 auno
1142 2465 1285 2536 vigesimo
1308 2465 1391 2538 regni
1410 2464 1466 2532 sui,
1486 2464 1514 2519 in
1537 2470 1631 2521 castro
1648 2467 1701 2522 lla·

56 2552 169 2611 tabent
185 2551 266 2613 liudo
279 2551 397 2625 pacilice
409 2550 446 2609 ad
460 2551 595 2621 invicem,
614 2566 671 2608 uon
686 2553 764 2608 omui
779 2559 851 2609 tem·
908 2553 1039 2626 tersburg
1057 2551 1232 2610 decedentis.
1255 2555 1298 2621 ls,
1323 2553 1446 2626 primum
1467 2552 1499 2609 iu
1521 2553 1641 2624 imperio
1665 2551 1701 2609 ab

61 2655 132 2714 pore
156 2654 188 2699 se
211 2639 360 2715 gerebant.
391 2640 568 2713 Quapropter
600 2640 710 2698 litteras
743 2641 855 2713 accepit
908 2643 1064 2699 innocente
1086 2643 1126 2700 lll
1149 2641 1343 2712 confirmatus,
1369 2649 1467 2715 postea
1496 2641 1629 2699 inimicus
1650 2639 1703 2697 luit

59 2730 174 2802 legatus
195 2729 276 2786 omni
296 2729 437 2802 sapientia
461 2727 634 2798 redolentes,
654 2729 683 2786 in
706 2729 809 2802 quibus
826 2729 854 2787 ei
908 2729 1048 2799 Pontifici,
1065 2736 1094 2786 et
1112 2736 1201 2787 totam
1221 2730 1332 2787 ltaliam
1352 2727 1495 2786 debellare
1509 2737 1629 2786 coortus
1647 2736 1699 2787 est.

59 2818 150 2875 multo
166 2816 363 2875 moderamine
376 2816 525 2884 utendum,
542 2833 593 2889 pro
614 2824 743 2890 tempore
757 2825 786 2875 et
797 2819 851 2875 cir·
907 2818 977 2886 Quae
990 2832 1077 2877 causa
1092 2816 1145 2877 luit
1157 2818 1462 2876 excommnuicationis
1474 2818 1503 2875 lu
1519 2818 1612 2891 ipsum
1626 2818 1701 2886 latro,

59 2906 242 2964 cumstautiis
256 2904 387 2964 Pontifex
402 2904 484 2963 dixit.
503 2906 663 2963 Plenariam
683 2913 853 2978 potestatem
908 2914 937 2964 et
946 2906 1126 2964 exaltationis
1138 2906 1281 2964 Frederici
1294 2909 1320 2965 ll
1337 2923 1344 2964 ε
1362 2907 1412 2964 lile
1426 2905 1508 2975 Otho,
1523 2905 1599 2979 apud
1616 2906 1699 2964 Bovi-
1761 2923 1766 2931 ·

61 2996 179 3067 iusrrper
195 2994 228 3052 ei
249 2993 349 3051 tribuit
373 2995 524 3062 Honorius,
552 2995 600 3066 qui
625 2994 740 3052 aliunde
761 3009 854 3052 rorem
909 3009 971 3063 uas,
991 3010 1057 3052 enm
1071 2996 1182 3053 Joauue
1201 3009 1272 3068 rege
1288 2994 1412 3068 hughe,
1428 3003 1527 3052 contra
1542 2994 1704 3067 Philippum

64 3083 166 3154 gratie
179 3081 207 3138 in
220 3080 362 3154 quosdam
383 3080 492 3151 elladii,
510 3089 538 3138 et
557 3082 634 3154 pallii
652 3097 737 3139 usum
756 3083 852 3141 Coriu-
909 3085 1083 3141 Francorum
1098 3098 1197 3156 regem
1212 3084 1363 3156 pugnavit,
1380 3090 1408 3140 et
1423 3083 1508 3140 ambo
1520 3081 1611 3155 fugati
1625 3090 1702 3141 sunt.

63 3170 168 3228 thiemi
196 3169 414 3243 archiepiscopo
444 3171 598 3228 concessit
628 3171 753 3229 Noverat
778 3171 855 3228 euim
910 3170 1018 3228 Deinde
1034 3173 1122 3228 vitam
1142 3173 1212 3229 satis
1229 3171 1381 3228 obscuram
1398 3177 1427 3227 et
1445 3172 1630 3243 ingloriosam
1651 3170 1703 3228 de·

61 3260 162 3330 quanti
185 3260 269 3332 pretii
290 3266 366 3316 esset
386 3258 423 3316 ad
446 3259 605 3317 subsidium
626 3261 721 3316 Terre
744 3259 856 3317 sancte
910 3259 1008 3332 gebat,
1025 3257 1093 3315 dum
1114 3257 1215 3315 morbo
1236 3257 1367 3316 alhoitur.
1386 3260 1465 3325 ileo,
1480 3257 1511 3314 iu
1533 3258 1599 3317 Vita
1616 3259 1703 3316 inno-

62 3361 165 3420 paeem
179 3347 305 3405 stabilire
316 3347 391 3419 apud
399 3349 524 3407 Grecos.
536 3349 636 3419 Neque
650 3347 779 3407 Pontifici
794 3347 857 3405 dee·
910 3349 994 3406 centii
1007 3349 1064 3414 ill,
1078 3350 1181 3406 llurter
1194 3356 1301 3416 narrat,
1316 3355 1335 3405 t.
1353 3350 1403 3417 lll,
1418 3363 1446 3420 p.
1463 3347 1526 3415 282,
1541 3345 1587 3404 ed.
1602 3348 1704 3418 Paris,

61 3444 108 3493 rat
123 3435 203 3494 mlus
226 3434 329 3494 domus
348 3437 410 3504 liei,
431 3451 489 3508 quo
506 3435 693 3493 vehementer
711 3437 856 3505 incensus,
913 3437 981 3494 1867
997 3453 1004 3492 :
1020 3458 1031 3486 ι
1047 3436 1140 3504 Stans,
1157 3443 1223 3492 ante
1243 3435 1388 3504 lectulum,
1404 3436 1501 3493 omnia
1521 3450 1574 3494 sua
1588 3444 1705 3509 peccata

63 3531 180 3598 propter
198 3523 306 3581 bonum
327 3525 486 3582 animarum
509 3524 579 3581 nihil
598 3539 655 3582 nou
677 3524 856 3594 moliebatur,
912 3523 1123 3582 consessusest.
1136 3525 1189 3593 Qui
1200 3524 1270 3582 dixit
1283 3531 1381 3597 postea
1399 3541 1405 3582 :
1421 3525 1556 3598 Quisquis
1570 3524 1705 3583 sacerdo-

61 3621 123 3670 tam
144 3613 173 3669 in
190 3612 299 3670 oriente
321 3627 408 3685 quam
428 3614 457 3670 iu
479 3612 640 3682 occidente,
659 3613 704 3671 vel
724 3614 753 3671 in
776 3613 859 3671 terris
912 3621 971 3671 tum
990 3614 1111 3685 accipiat
1125 3628 1242 3686 scopam
1266 3612 1364 3686 (quam
1385 3611 1420 3670 de
1437 3614 1525 3670 salice
1539 3612 1633 3671 aiierri
1649 3614 1708 3686 J'us·

60 3700 349 3773 septentrionalibus.
913 3701 1012 3776 serat).
1039 3704 1074 3759 Et
1094 3702 1180 3771 intus,
1200 3701 1371 3770 denudatus,
1391 3702 1543 3774 prostravit
1563 3717 1605 3772 se,
1620 3709 1649 3759 et
1668 3702 1708 3760 in·

99 3787 143 3846 Ci.
155 3796 226 3845 tom.
240 3790 279 3855 ii,
290 3789 346 3845 col.
360 3789 423 3857 til,
433 3786 527 3845 ubide
537 3785 685 3845 Theodoro
700 3789 857 3848 comneno.
913 3797 1028 3862 empto:
1043 3790 1177 3848 Miserere
1191 3791 1255 3858 otei,
1273 3790 1402 3857 Domine,
1423 3788 1548 3861 quandiu
1563 3790 1705 3861 cantabat,

104 3876 170 3933 hiis
189 3877 332 3947 nonnulla,
352 3877 393 3934 ait
411 3874 555 3950 ilaynald,
573 3883 656 3935 eruut
676 3878 762 3935 etiam
787 3877 857 3935 alle·

63 3962 177 4032 rende,
186 3978 249 4036 quo
257 3967 381 4022 maxime
388 3965 528 4024 Pontiiicii
540 3966 667 4022 muneris
676 3966 860 4023 suut.0ceur·

63 4059 133 4110 runt
153 4052 236 4110 nobis
249 4053 389 4125 imprimis
407 4068 471 4126 quar
486 4053 515 4109 in
531 4055 657 4126 liegesto
669 4054 809 4111 Vaticano
823 4052 859 4110 de

65 4141 212 4212 episcopis
223 4140 259 4198 ab
274 4141 400 4198 lionorio
411 4142 502 4199 sacris
518 4140 730 4200 Pontiilcalibus
743 4141 861 4200 initiatis

65 4228 227 4299 traduntur,
251 4227 297 4286 his
314 4229 438 4286 verbis:
464 4231 537 4287 lstos
560 4228 693 4288 domiuus
719 4231 861 4288 Honorius

10 4368 13 4383 ‚
65 4316 143 4389 Papa
165 4318 206 4374 lli
220 4318 399 4375 consecravit
413 4332 489 4375 anno
505 4317 690 4376 Pontillcatus
704 4318 748 4376 sui
766 4318 860 4388 tertio,

63 4405 241 4477 h'epesiuum
261 4406 438 4478 episcopum,
461 4406 649 4479 sypontinum
667 4406 858 4479 archiepisco·

64 4508 145 4566 pum,
165 4493 352 4552 Tudertinum
373 4495 550 4566 episcopum,
574 4496 761 4553 Portuensem
783 4496 860 4568 epis·

63 4595 181 4653 oopum,
197 4579 388 4640 Tusculanum
407 4581 585 4653 episcopum,
605 4582 790 4640 colocensem
814 4597 859 4639 ar·

64 4669 297 4741 chiepiscopum,
320 4671 524 4728 carnotensem
550 4670 733 4744 episcopum,
759 4673 863 4729 Pensa·

64 4758 237 4815 carieasem.

101 4846 213 4904 Fodem
233 4861 320 4917 auno,
344 4855 409 4920 post
435 4848 533 4905 initam
560 4862 674 4920 pacem,
694 4849 722 4905 iu
745 4847 861 4922 Anglia,

64 4935 140 4992 iuter
151 4935 307 4992 ilenricum
321 4951 421 5009 rogem
437 4944 465 4992 et
479 4935 665 5007 Ludovicum,
682 4938 761 5010 regis
773 4939 860 4994 Fran·

913 3893 1014 3935 omnes
1028 3879 1113 3935 simul
1129 3878 1223 3951 ipsum
1242 3876 1442 3945 verberabant,
1458 3884 1486 3934 et
1501 3877 1574 3934 iuter
1588 3878 1706 3936 verbera

913 3965 1077 4023 clamabat:
1095 3966 1160 4023 liial
1178 3967 1316 4038 percutite
1332 3963 1431 4023 durius
1451 3979 1497 4022 me
1513 3974 1705 4037 peccatorem.

914 4057 949 4112 Et
960 4053 1106 4111 absolutus
1118 4054 1267 4126 expiravit.
1285 4056 1338 4112 Per
1356 4054 1515 4112 Ecclesiam
1530 4061 1558 4112 et
1573 4069 1638 4112 eum
1651 4057 1705 4113 Ec·

914 4142 1012 4211 clesia,
1035 4142 1076 4199 ait
1098 4140 1225 4214 quidam,
1246 4157 1371 4216 magnus
1385 4143 1427 4211 iit,
1448 4157 1533 4214 quem
1554 4158 1604 4200 sua
1626 4142 1707 4202 stella

916 4231 1066 4303 dereliquit
1079 4245 1167 4303 quum
1183 4231 1320 4288 adversus
1332 4245 1396 4289 eam
1411 4238 1440 4289 et
1453 4246 1539 4303 supra
1552 4232 1628 4290 illam
1643 4247 1708 4290 sese

914 4321 1050 4379 extollere
1061 4326 1162 4378 tentat.

950 4411 982 4466 ln
995 4408 1085 4467 Gallia
1098 4415 1210 4466 mortuo
1226 4416 1305 4481 patre
1320 4407 1492 4479 iloutiortio,
1506 4410 1666 4468 amalricus
1680 4412 1708 4468 ci

915 4503 1102 4555 successerat.
1118 4496 1169 4555 Cui
1185 4496 1365 4554 conilrmavit
1380 4497 1523 4555 Honorius
1534 4512 1650 4556 omnem
1662 4499 1705 4556 di·

915 4587 1022 4643 tionem
1038 4586 1129 4658 jama
1149 4586 1252 4643 Sancta
1270 4582 1344 4643 Sede
1361 4586 1468 4644 Simoni
1489 4585 1663 4655 attributam,
1680 4585 1707 4643 id

915 4681 959 4732 est
973 4673 1123 4743 Biterren.‚
1137 4674 1355 4744 carcassonen..
1371 4681 1401 4732 ot
1413 4674 1549 4748 albigen.
1567 4675 1707 4744 civitates,

917 4777 951 4819 ac
968 4761 1040 4820 alias
1058 4761 1256 4820 hereticorum
1272 4769 1362 4820 terras
1376 4777 1448 4835 quas
1468 4762 1606 4819 Dominus
1621 4761 1706 4820 tradi·

916 4849 998 4907 derat
1011 4851 1040 4908 in
1055 4851 1187 4909 manibus
1200 4851 1305 4910 inclite
1322 4849 1526 4909 reeordationis
1542 4851 1707 4911 iloutiortii.

917 4939 968 4996 list
991 4938 1152 4996 hmalricus
1169 4945 1249 4997 tanto
1268 4946 1371 4995 ettam
1391 4935 1481 4995 arduo
1500 4937 1590 4996 labori
1617 4949 1708 4999 semet

10 5022 12 5037 '
64 5037 166 5079 corum
186 5022 449 5097 Philippi-Augusti
472 5031 582 5094 natum,
609 5024 729 5084 Gualoni
755 5025 861 5099 legato,
918 5029 1056 5099 imparem
1071 5026 1226 5099 judicabat,
1242 5033 1272 5083 et
1286 5026 1359 5084 alius
1373 5028 1505 5094 surrexit,
1518 5042 1554 5084 eo
1568 5036 1707 5101 temporo.

64 5110 101 5167 de
124 5112 189 5184 ipso
210 5112 346 5170 Pontillcc
374 5112 448 5169 bene
469 5113 582 5182 merito,
604 5121 773 5185 potestatem
798 5113 864 5173 lecit
918 5115 1053 5173 Ecclesiae
1067 5112 1209 5183 defensor,
1222 5115 1267 5172 cui
1283 5122 1414 5188 potentes
1432 5131 1489 5173 nou
1502 5115 1621 5174 deerant
1631 5133 1709 5174 croc

22 5228 29 5249 .
64 5197 222 5270 redeundi,
248 5200 417 5274 Pandulpho
434 5201 614 5260 liorwieensi
636 5204 665 5260 in
686 5203 748 5275 eius
769 5204 862 5261 locum
916 5204 999 5260 citus.
1015 5202 1088 5261 Nam
1107 5204 1204 5261 statuit
1220 5218 1270 5260 rex
1285 5203 1432 5277 Philippus
1445 5202 1594 5261 catholicis
1610 5205 1709 5262 subve

65 5287 198 5345 sullecto.
215 5290 329 5348 Certum
341 5296 385 5347 est
397 5289 473 5347 hunc
491 5291 648 5348 Gualonem
664 5292 786 5349 ilenrico
802 5292 863 5364 rogi
917 5292 979 5349 nire
994 5299 1022 5348 et
1037 5292 1147 5364 regiam
1160 5299 1327 5364 potestatem
1342 5293 1370 5348 in
1386 5293 1441 5349 illis
1455 5292 1608 5365 provinciis
1620 5299 1711 5350 osten·

66 5375 222 5434 admodum
232 5379 343 5450 juveni,
361 5384 557 5450 postmortem
573 5379 661 5451 patris
675 5380 718 5436 sui
733 5380 861 5449 loannis,
918 5380 986 5437 dere
1000 5379 1047 5436 ubi
1060 5379 1187 5437 haerotiei
1200 5396 1256 5438 non
1269 5388 1379 5438 tantum
1395 5381 1560 5438 Pontilleem
1575 5389 1603 5438 ct
1616 5383 1710 5440 Eccle-

31 5516 42 5573 ἱ
66 5468 226 5524 marimum
242 5464 328 5523 robur
340 5466 478 5536 attulisse,
492 5473 520 5524 et
534 5468 616 5538 quasi
632 5468 726 5540 ipsum
741 5483 862 5541 rognum
918 5469 1001 5537 siam,
1017 5467 1110 5526 sedet
1127 5484 1227 5541 regem
1250 5470 1342 5542 ipsum
1363 5469 1509 5541 aspernari
1529 5468 1706 5528 videbantur.

41 5578 47 5605 ·.
67 5553 204 5614 detulisse
217 5556 276 5627 y'am
289 5554 439 5627 porditum.
919 5556 998 5614 llndc
1023 5558 1164 5615 lionorius
1186 5559 1342 5629 gratiarum
1363 5559 1490 5614 actiones
1514 5560 1573 5631 egit
1590 5561 1658 5629 lico,
1680 5561 1707 5616 in
