3824 6180
124 263 183 325 415
267 322 283 359 ,x
745 254 926 358 11οΝ01111Ι
941 251 987 314 111
1007 252 1155 318 OPERA.
1711 260 1768 319 tio

121 404 256 496 'vavae
267 406 308 484 'in
324 422 441 494 Hertb,
456 421 492 483 in
508 421 716 498 mampung,
741 423 776 483 in
799 425 916 495 Raeut,
974 415 1122 479 Obeunte
1136 430 1216 480 vero
1231 419 1263 480 te
1284 430 1374 479 nunc
1397 417 1545 495 ejusdem
1560 417 1627 479 loci
1640 433 1769 495 praepo-

124 520 161 582 in
176 506 485 591 Cbalda‘ndenbacb
501 520 536 580 in
547 519 733 595 Walgsing,
747 520 783 582 in
796 523 919 581 Buzen·
974 513 1048 584 site,
1059 515 1111 574 vel
1124 516 1257 577 tuorum
1272 514 1420 592 quolibet
1429 531 1673 583 successorum,
1690 514 1768 600 nul-

125 617 217 693 berg,
241 619 273 678 et
288 600 329 678 =ib
347 614 619 692 'Reginnaiming,
643 632 776 678 mansos
790 619 917 692 septem
974 614 1026 674 lus
1049 615 1096 675 ibi
1121 614 1268 690 qualibet
1295 613 1517 690 subreptionis
1548 613 1685 685 astutia,
1712 628 1770 673 seu

125 715 161 775 in
176 715 294 793 Reutb,
308 715 376 775 tres
391 729 526 774 mansos
538 714 572 773 iu
588 713 790 785 Gercbweis,
805 714 839 775 et
852 716 920 775 tres
974 711 1132 773 violentia
1142 696 1364 788 praeponatur,
1374 710 1440 770 nisi
1448 725 1545 787 quem
1554 710 1677 772 iratres
1687 725 1771 771 com·

122 811 462 879 cbaratascerevisie,
476 812 544 873 tres
560 811 742 872 mansosin
758 811 918 883 Gbuiarn,
975 809 1067 869 muni
1089 824 1267 878 consensu,
1294 808 1347 869 vel
1372 807 1511 869 fratrum
1536 823 1615 885 pars
1638 807 1771 869 consilii

124 908 160 969 in
173 908 359 979 Bercbaim,
375 907 411 968 in
424 908 624 979 Leuncbart,
642 908 723 969 etin
738 907 920 969 Reicbers-
975 906 1132 977 sanioris,
1150 906 1329 966 secundum
1345 906 1404 966 Dei
1419 905 1452 967 et
1472 905 1579 966 sancti
1595 906 1771 981 Augustini

125 1006 257 1068 toriVll
281 1020 426 1066 mansos.
439 1005 587 1076 Quatuor
600 1020 734 1066 mansos
747 1005 781 1064 in
795 1006 918 1072 Strazz,
976 1003 1136 1078 regulam,
1153 1003 1360 1079 providerint
1377 1003 1578 1078 eligendum.
1592 1003 1673 1063 Paci
1686 1019 1771 1080 quo-

130 1102 315 1163 diimidium
337 1117 490 1162 mansum
506 1087 546 1162 in
562 1101 772 1173 Eichendori,
783 1102 817 1162 in
839 1104 923 1163 Dor·
976 1102 1083 1176 quaet
1096 1099 1330 1176 tranquillitati
1345 1102 1466 1162 vestrae
1486 1102 1624 1176 paterna
1640 1100 1676 1159 in
1691 1116 1771 1177 pos-

125 1201 225 1268 nacb,
238 1201 273 1260 in
287 1198 523 1270 Ainbartstori,
533 1199 568 1260 in
582 1200 773 1271 Vilzboven,
783 1194 923 1261 inWin-
976 1197 1083 1256 terum
1098 1196 1322 1257 sollicitudine
1333 1197 1506 1273 providere
1519 1197 1680 1269 volentes,
1693 1213 1773 1257 auc-

128 1297 256 1369 cblarn,
271 1298 306 1357 in
325 1296 437 1367 Stude,
455 1296 488 1356 in
506 1296 661 1372 Eunling,
688 1297 723 1357 in
744 1296 919 1369 burheim,
975 1294 1112 1356 toritatc
1145 1293 1335 1370 apostolica
1368 1292 1592 1370 probibemus,
1620 1295 1658 1356 ut
1684 1294 1772 1355 inira

126 1394 162 1456 in
182 1393 366 1465 iiartheim,
382 1393 418 1453 in
432 1392 568 1469 Busiag,
585 1393 622 1454 in
638 1393 870 1471 bumptingen,
887 1395 922 1455 in
977 1392 1150 1451 clausuras
1164 1391 1311 1452 locorum
1326 1407 1384 1452 seu
1404 1391 1621 1453 ecclesiarum
1642 1394 1772 1453 vestra-

127 1490 425 1566 BrublinBering.
450 1490 656 1566 inBocbing,
672 1492 707 1551 in
722 1491 923 1553 Wincbelet
976 1503 1050 1548 rum
1077 1488 1188 1550 nullus
1214 1489 1378 1564 rapinam,
1407 1504 1467 1550 seu
1497 1488 1620 1550 turtum
1650 1488 1771 1561 iacere,

127 1587 315 1660 inabstori,
333 1587 446 1648 dimid.
460 1603 604 1658 mansos,
618 1589 778 1649 villamin
793 1576 924 1651 Enzen-
975 1586 1087 1660 ignem
1110 1600 1288 1662 apponere,
1312 1586 1508 1662 sanguinem
1532 1584 1683 1658 tundere,
1711 1586 1773 1647 bo-

126 1685 221 1756 veis,
246 1685 282 1744 in
307 1684 558 1755 Wacbenweis,
596 1685 633 1745 in
662 1677 852 1757 Sunnbacb,
886 1687 921 1747 in
978 1683 1099 1743 minem
1120 1685 1245 1744 temere
1261 1692 1391 1760 capere,
1422 1683 1473 1744 vel
1493 1682 1694 1755 interlicere,
1711 1700 1771 1744 seu

128 1782 360 1857 Burcbarting,
377 1781 604 1856 inNeunling,
624 1782 657 1844 et
671 1781 706 1842 in
724 1783 923 1845 Muncbreut
977 1779 1171 1841 violentiam
1196 1795 1364 1852 exercere,
1390 1781 1522 1843 audeat.
1555 1781 1772 1842 Decernimus

23 1935 28 1945 .
127 1880 220 1942 villa.
238 1879 361 1941 Pradia
380 1878 421 1939 de
443 1879 548 1949 Vilsa,
565 1878 600 1938 in
620 1878 739 1951 Rotba,
753 1879 789 1939 in
804 1879 924 1941 Prien·
977 1877 1090 1953 igitur,
1105 1878 1141 1938 ut
1155 1877 1240 1938 nulii
1251 1878 1385 1939 omnino
1398 1877 1569 1939 bominum
1580 1878 1691 1948 liceat,
1707 1881 1770 1939 ete.

66 2032 69 2037 ,
127 1976 224 2049 bach,
239 1977 274 2037 in
289 1974 535 2047 Sebalcbbeim,
549 1975 584 2035 in
602 1975 870 2048 Griescbircben,
885 1977 921 2037 in
1017 1976 1136 2035 Datum
1160 1974 1301 2037 viterbii
1324 1990 1385 2052 per
1406 1988 1540 2036 manum
1561 1974 1665 2036 Wilb.
1679 1977 1719 2036 V.
1737 1978 1770 2036 S.

128 2074 380 2144 menetunowe
402 2072 438 2132 in
461 2071 665 2144 Alncboven,
682 2067 945 2147 inoriendort,
978 2074 1135 2133 Romanae
1159 2072 1314 2133 Ecclesiae
1338 2072 1617 2145 vicecancellarii,
1640 2074 1670 2133 V
1695 2071 1772 2133 idus

126 2172 164 2235 in
179 2168 364 2242 Freindori,
374 2169 409 2230 iu
425 2171 518 2241 11091,
531 2170 564 2230 91
578 2169 612 2229 10
629 2170 781 2246 Eucbing
795 2172 922 2248 praedia
977 2169 1103 2245 aprilis,
1114 2169 1295 2231 indictione
1308 2171 1393 2236 vili,
1408 2171 1574 2231 incarnat.
1589 2168 1771 2230 Dominicae

127 2267 352 2330 molendinum
363 2267 397 2326 in
414 2267 618 2338 liuzenweis,
628 2266 661 2326 in
676 2267 919 2341 Ainbartsdori‚
977 2280 1065 2329 anno
1100 2268 1262 2338 ΜΟΟΧΧ,
1293 2267 1503 2344 pontificatus
1538 2282 1618 2329 vero
1643 2265 1771 2328 domini

125 2367 163 2428 in
186 2365 346 2440 Bocbing,
370 2364 405 2424 in
430 2363 581 2436 Absdori,
607 2364 642 2424 in
662 2365 859 2440 Prienpacm
887 2366 922 2427 in
977 2365 1116 2425 lionorii
1130 2366 1194 2425 PP.
1211 2364 1300 2426 tertii
1314 2380 1402 2425 anuo
1418 2364 1546 2443 quarto.

127 2461 371 2532 Cbaldenbacb,
384 2463 417 2522 et
430 2461 617 2522 Pataviens.
635 2461 834 2523 molendina.
857 2465 924 2525 Re·

127 2561 216 2622 ditus
231 2558 311 2620 salis
325 2559 361 2618 iu
373 2559 467 2631 Hele,
477 2559 593 2618 vineas
608 2559 642 2619 in
654 2558 920 2631 Griescbircben,
1314 2543 1435 2629 CXIV

128 2656 341 2726 anisolam,
360 2656 395 2715 5¹¹
415 2655 611 2736 Hsslshffl'chs
628 2655 662 2715 5¹¹
675 2655 869 2729 wachawe»
887 2659 921 2719 1¹¹
976 2666 1769 2752 Aturricumpraeposttems.Neoutrataevae.

129 2752 324 2824 Hunzbeim,
361 2752 397 2812 in
421 2750 607 2823 Freindori‚
640 2751 674 2811 in
708 2752 864 2821 Chreme,
890 2755 923 2816 et
1273 2790 1280 2835 5
1363 2801 1368 2812 .

127 2853 164 2913 in
192 2851 360 2938 Mauttarn
387 2848 503 2910 vineas
528 2864 601 2909 cum
627 2849 727 2921 areis,
756 2849 918 2922 domibus,
1163 2916 1212 2980 [ἢ
1233 2799 1492 2967 οξῗθῗρὲῗξῖᾒ
1514 2916 1583 2982 m]

128 2950 244 3028 pratis,
267 2946 410 3024 pascuis,
439 2945 688 3022 piscationibus,
719 2949 919 3020 nemoribus

39 3078 51 3101 .
130 3042 322 3107 etomnibus
333 3039 615 3102 aliisutilitatibus
626 3043 707 3102 suis.
722 3043 835 3104 Liceat
844 3058 922 3120 quo·
1011 3021 1166 3090 Confirmat
1178 3031 1274 3089 (1311111
1291 3032 1385 3090 11811)
1403 3033 1556 3091 A¹1ffl⁸¹¹¹¹⁰
1571 3027 1737 3092 Pitiiiesssst

50 3206 53 3210 ,
129 3156 192 3220 que
202 3139 309 3209 vobis,
324 3138 474 3209 clericos,
487 3139 539 3199 vel
555 3137 670 3207 laicos,
683 3139 805 3201 liberos
818 3145 851 3202 et
862 3141 923 3202 ab-
1176 3123 1570 3192 ⁰li⁸⁰⁰l⁰v⁰⁰⁰⁸¹i¹¹¹²¹⁰¹¹0ffl·

128 3239 254 3301 solutos
267 3253 287 3298 a
298 3237 420 3298 saeculo
434 3234 597 3311 fugientes
610 3235 651 3296 ad
670 3238 920 3300 conversionem
1016 3238 1195 3309 Honorius,
1212 3240 1287 3309 910.,
1304 3238 1434 3300 dilectis
1446 3239 1524 3301 tiliis·
1547 3241 1662 3302 Uirico
1685 3258 1773 3318 prar-

127 3338 288 3412 recipere,
311 3336 345 3395 et
363 3350 420 3396 eos
440 3333 564 3409 absque
579 3333 840 3396 contradictione
853 3336 920 3396 ali·
977 3335 1084 3411 posito
1110 3336 1144 3396 et
1170 3336 1314 3412 capitulo
1330 3336 1481 3398 ecclesiae
1506 3339 1620 3400 Sancti
1640 3340 1772 3400 Nicolai

129 3450 194 3512 qua
208 3433 363 3493 retinere.
382 3430 601 3492 Prohibemus
614 3431 763 3506 insuper,
791 3432 826 3492 ut
837 3433 921 3493 nulli
977 3432 1135 3502 pataviae,
1154 3433 1281 3493 ordinis
1297 3427 1409 3495 Sancti
1425 3426 1614 3510 Augustini,
1630 3437 1773 3498 salutem

94 3572 97 3577 -
128 3531 269 3592 fratrum
284 3530 481 3600 vestrorum,
498 3531 573 3604 post
590 3527 710 3588 iactam
728 3528 764 3588 in
780 3528 921 3590 ecclesia
976 3531 1009 3589 et
1023 3529 1238 3604 apostolicam
1253 3529 1528 3592 benedictionem.

128 3632 238 3689 vestra
248 3624 555 3703 professionemtas
564 3625 608 3686 sit
617 3623 741 3700 absque
752 3626 921 3703 praepositi
1017 3626 1217 3702 Significasti
1231 3626 1338 3697 nobis,
1348 3629 1394 3688 tili
1409 3630 1596 3705 praeposite,
1611 3629 1646 3691 in
1656 3633 1771 3692 nostra

129 3726 183 3788 sui
210 3724 356 3794 licentia,
382 3723 448 3783 nist
472 3723 626 3783 arctioris
657 3722 830 3797 religionis
862 3722 922 3785 ob-
977 3725 1153 3800 praesentia
1166 3726 1364 3786 constitutus
1379 3727 1464 3803 quod
1481 3723 1576 3788 bonae
1599 3729 1771 3791 memoriae

128 3823 232 3894 tantu,
256 3821 296 3882 de
315 3820 430 3882 eodem
450 3819 922 3893 100011190911909;1119091190ὴ
976 3822 1171 3883 Altmannus
1184 3824 1393 3885 Pataviensis
1407 3825 1594 3900 episcopus,
1614 3826 1770 3887 ecclesiae

126 3922 193 3983 tem
216 3934 296 3981 vero
327 3918 450 3995 absque
482 3917 706 3977 communium
734 3917 920 3979 litterarum
975 3922 1095 3979 vestrae
1120 3919 1285 3991 lundator,
1309 3920 1411 3981 clarae
1433 3921 1602 3982 memoriae
1618 3924 1654 3983 L.
1674 3938 1769 3983 mar-

127 4020 314 4078 vestrarum
328 4015 482 4076 cautione
498 4014 610 4075 nuilus
624 4014 745 4076 audeat
762 4015 918 4078 retinere.
976 4015 1088 4076 ebioni
1107 4015 1148 4077 de
1162 4017 1298 4078 austria
1310 4020 1342 4079 et
1356 4020 1396 4078 il.
1413 4017 1524 4079 comiti
1538 4017 1579 4079 de
1591 4019 1771 4080 Vornbacb

129 4115 214 4177 iliud
229 4113 412 4175 districtius
432 4111 632 4183 inhibentes,
655 4128 696 4172 ne
715 4113 834 4181 terras.
862 4129 921 4175 seu
976 4112 1773 4192 advocatiamconcessitejusdemecclesiaecertis

127 4212 294 4291 quodlibet
306 4209 504 4271 beneficium
517 4209 668 4271 ecclesiae
683 4211 803 4272 vestrae
817 4210 922 4272 colla·
975 4210 1024 4271 eis
1039 4210 1404 4288 redditibusdeputatis,
1415 4214 1575 4284 statuens,
1585 4215 1623 4275 ut
1632 4229 1693 4276 nec
1703 4215 1771 4291 ipsi

31 4332 36 4341 ·
126 4312 207 4381 tum,
233 4309 333 4369 liceat
362 4306 464 4367 alicui
493 4306 716 4382 personaliter
739 4305 824 4377 dari,
850 4309 921 4369 sive
975 4322 1036 4368 nec
1051 4307 1201 4369 haeredes
1226 4324 1340 4370 eorum
1365 4309 1441 4370 aliis
1463 4312 1598 4386 possent
1621 4309 1771 4373 osticium

127 4407 194 4468 alio
209 4404 305 4466 modo
325 4402 478 4475 alienari,
503 4401 628 4478 absque
641 4418 805 4464 consensu
819 4405 920 4466 totius
975 4394 1268 4466 subadvocationis
1293 4406 1484 4478 concedere,
1521 4408 1699 4485 praeposito
1735 4411 1773 4471 et

53 4534 75 4561 ,-
126 4501 277 4580 capituli,
294 4499 346 4562 vel
362 4500 509 4575 majoris,
523 4501 580 4560 aut
593 4500 736 4561 sanioris
751 4502 920 4578 partisip-
975 4502 1119 4578 capitulo
1141 4502 1246 4578 ipsius
1268 4504 1418 4566 ecclesiae
1441 4504 1648 4567 inconsultis.
1671 4505 1769 4567 Unde

128 4601 210 4663 sius.
232 4599 268 4660 Si
288 4613 362 4675 quaa
378 4596 586 4667 donationes,
608 4598 666 4658 aut
686 4597 917 4671 alienationes,
975 4583 1248 4661 nobisbumiliter
1257 4601 1462 4676 supplicasti,
1472 4603 1508 4662 ut
1525 4602 1682 4664 statutum
1698 4602 1769 4663 bu-

127 4699 226 4761 aliter
247 4711 345 4773 quam
370 4693 492 4754 dictum
508 4695 568 4764 est,
593 4692 689 4755 tacte
711 4694 846 4767 tuerint,
862 4712 919 4757 eas
971 4696 1117 4773 jusmodi
1127 4697 1318 4772 apostolico
1337 4698 1553 4774 dignaremur
1572 4701 1770 4763 munimime

127 4795 240 4856 irritas
267 4807 451 4854 censemus
482 4789 693 4866 sepulturam
714 4807 844 4868 quoque
867 4793 921 4869 ip-
973 4794 1142 4855 roborare.
1151 4796 1430 4871 Nosergovestris
1439 4796 1591 4872 precibus
1600 4797 1767 4870 inclinati,

127 4894 196 4956 sius
208 4891 274 4953 loci
289 4887 741 4961 liberamessedecernimus,
757 4890 918 4951 uteorum
974 4891 1059 4968 quod
1076 4907 1176 4968 super
1194 4892 1256 4953 boc
1272 4893 1408 4969 provide
1423 4895 1457 4955 et
1469 4894 1595 4956 utiliter
1607 4896 1769 4958 statutum

126 4988 292 5053 devotioni
308 4988 340 5048 et
354 4986 510 5046 extremae
527 4985 700 5055 voluntati,
720 4986 777 5061 qui
795 5003 831 5047 se
847 4986 919 5048 illie
973 4989 1033 5059 991,
1050 4989 1249 5052 auctoritate
1262 4989 1452 5066 apostolica
1475 4991 1711 5053 confirmamus
1734 4996 1769 5055 et

126 5085 262 5165 sepeliri
276 5082 535 5144 deliberaverint
546 5081 613 5142 nisi
628 5082 712 5142 iorte
726 5098 919 5145 excommu-
973 5085 1149 5161 praesentis
1170 5087 1284 5162 scripti
1309 5086 1495 5163 patrocinio
1509 5089 1765 5151 communimus.

125 5185 239 5254 nicati,
260 5182 313 5243 vel
338 5178 506 5240 interdicti
529 5179 607 5250 sint,
634 5179 745 5239 nullus
767 5180 915 5253 obsistat,
973 5182 1064 5242 Nulli
1088 5198 1179 5258 ergo,
1197 5186 1259 5244 etc.
1277 5184 1313 5245 Si
1337 5185 1410 5260 quis
1423 5186 1545 5257 autem,
1566 5189 1630 5247 etc.
1647 5187 1768 5248 Datum

125 5283 218 5362 salva
233 5282 343 5343 tamen
354 5277 485 5355 Justitia
504 5276 638 5336 illarum
652 5276 880 5349 ecclesiarum,
898 5295 930 5343 a.
972 5278 1123 5350 viterbii,
1133 5282 1224 5341 XVll
1239 5280 1306 5341 kal.
1324 5281 1414 5352 maii,
1434 5281 1645 5358 pontificatus
1660 5285 1768 5346 nostri

125 5378 245 5457 quibus
279 5379 484 5437 mortuorum
517 5388 655 5447 corpora
692 5377 915 5438 assumuntur.
972 5391 1060 5436 anno
1075 5379 1204 5452 quarto.
