3774 6186
1687 294 1748 360 502

101 304 158 367 ser
614 272 618 284 '
731 295 958 368 nrrsronm.
982 305 1060 365 nm.
1085 288 1122 364 ν’.

97 461 257 524 duxerint
274 462 506 535 nominandos,
528 464 560 525 et
575 464 708 537 auditis
724 481 796 543 quae
814 464 893 526 binc
948 463 1151 539 qnatenus...'
1178 462 1357 523 Metensem
1381 460 1572 537 episcopum
1587 470 1631 518 ex
1652 456 1749 533 parte

97 559 177 622 inde
212 559 370 625 duxerint
394 562 620 639 proponenda,
655 563 741 640 qued
767 563 892 640 juslnm
948 560 1061 621 nostra
1077 559 1404 635 convenias,ponens
1415 572 1526 620 ceram
1540 554 1646 617 oculte
1657 567 1747 615 men·

97 656 211 728 inerit,
242 658 463 735 appellatione
491 662 636 731 remota,
667 660 837 730 decernas,
861 661 894 721 et
946 655 990 718 tis
1006 671 1075 717 suae
1090 653 1748 727 excommunicationissententiamque

97 752 214 826 facias,
225 755 312 832 quod
325 756 524 828 decreveris,
538 772 597 834 per
608 773 782 818 censuram
792 756 894 818 eccle-
947 752 1011 814 fuit
1029 753 1064 813 in
1091 768 1206 814 omnes
1223 752 1469 828 crucesignatos
1483 749 1666 812 Alamaniae
1677 748 1746 809 tam

97 851 270 914 siasticam
287 852 426 914 tirmiter
440 852 622 915 observari.
636 857 740 915 Porro
751 853 778 913 si
794 853 895 914 alicu·
952 850 1092 911 clericos
1115 866 1213 926 quam
1243 850 1358 922 laicos,
1386 851 1531 927 quinon
1559 844 1747 922 arriperent

97 953 152 1028 jus
166 949 400 1027 praedictarum
414 951 682 1012 commissionum
697 951 832 1012 obtentu
852 951 893 1011 ad
948 946 1229 1024 peregrinationis
1253 962 1323 1008 suaa
1345 947 1409 1008 iter
1429 947 1464 1007 in
1490 943 1641 1006 kalendis
1666 941 1748 1003 maii

97 1047 324 1125 recepb'enem
339 1047 472 1109 testium
488 1049 537 1111 est
551 1064 755 1126 processum,
778 1063 893 1110 eorum
950 1044 1103 1123 proximo
1118 1043 1290 1122 praeteriti,
1303 1043 1564 1121 promulgatam:
1577 1041 1746 1102 undecum

97 1143 325 1220 depositiones
339 1143 401 1206 tibi
415 1144 519 1229 facias
541 1144 704 1217 exbiberi,
735 1146 893 1224 quantum
948 1142 1019 1218 ipse
1033 1157 1099 1202 non
1119 1141 1300 1218 arripuerit
1322 1142 1387 1203 iter
1406 1141 1440 1202 in
1455 1140 1597 1203 termino
1615 1137 1746 1200 consti-

97 1239 227 1318 dejure
242 1240 418 1304 debuerint
439 1242 613 1303 valituras.
637 1242 730 1314 Quod
754 1242 783 1302 si
810 1241 894 1304 terte
948 1239 1030 1306 tuto,
1046 1238 1139 1300 dicas
1158 1238 1277 1310 eidem,
1294 1255 1354 1299 nes
1371 1238 1447 1299 ideo
1460 1236 1523 1298 sibi
1539 1237 1670 1298 nostras
1685 1234 1746 1295 lit-

97 1337 297 1399 aucteritate
316 1339 587 1400 commissionum
603 1339 750 1417 ipsarum
772 1339 893 1416 aliquae
948 1338 1037 1397 teras
1061 1351 1128 1396 uon
1155 1336 1298 1407 misisse,
1329 1351 1372 1396 ne
1393 1334 1647 1411 cogeremurin
1678 1331 1748 1392 illls

97 1435 274 1497 sententiae
289 1437 368 1497 sunt
383 1437 533 1513 prolatae,
547 1437 638 1514 ipsas
648 1436 825 1498 confirmes
840 1435 894 1497 vel
949 1432 1162 1494 salutationis
1185 1432 1354 1510 eloquium
1383 1431 1566 1493 subtacere.
1595 1429 1644 1491 Ad
1673 1428 1748 1489 baee

97 1531 260 1604 infirmes,
277 1532 501 1610 appellatione
513 1534 652 1606 remota,
666 1533 752 1596 sicut
767 1533 807 1594 de
817 1535 895 1610 jnre
949 1544 1108 1605 suggeras
1122 1529 1184 1602 illi,
1199 1530 1369 1604 strideat,
1387 1528 1574 1591 consideret
1587 1528 1620 1589 et
1633 1528 1746 1588 atten-
1838 1608 1841 1627 Ι

98 1626 201 1690 luerit
219 1627 418 1690 faciendum.
435 1632 549 1691 Testes
578 1631 700 1698 autem,
730 1630 792 1692 etc.
818 1630 893 1691 Non
949 1626 1015 1695 dal,
1033 1627 1061 1687 si
1083 1643 1158 1688 eum
1179 1643 1279 1705 super
1297 1628 1360 1689 boc
1385 1643 1444 1688 sua
1469 1625 1674 1695 conscientia
1690 1639 1748 1685 re-

100 1724 309 1788 obstantibus
325 1726 445 1788 litteris
461 1727 646 1804 impetratis
659 1728 830 1800 hactenus,
841 1727 893 1788 vel
950 1723 1098 1785 mordeat
1113 1724 1146 1784 et
1159 1723 1303 1796 accuset,
1320 1725 1357 1785 nt
1377 1724 1411 1784 in
1426 1723 1490 1784 boc
1504 1737 1585 1784 casu
1600 1737 1619 1784 a
1633 1724 1666 1783 le
1681 1720 1746 1782 sibi

99 1821 139 1884 de
154 1824 275 1885 caetero
290 1823 391 1885 tacite
401 1825 517 1886 tenere
531 1825 746 1901 praesentium
770 1841 790 1886 a
810 1823 895 1886 Sede
950 1821 1102 1896 postulet,
1120 1820 1302 1882 secundum
1317 1820 1456 1883 termam
1471 1818 1747 1892 ecclesiae,bene-

100 1919 291 1997 AposloIIca
306 1921 534 1997 impetrandis

137 2018 258 2078 Datum
282 2017 369 2095 apud
395 2017 517 2079 Urbem
543 2018 708 2090 Veterem,
736 2018 792 2080 Vll
821 2017 895 2079 idus

104 2112 247 2189 augusti,
264 2114 476 2192 pontificatus
493 2115 597 2178 nestri
613 2131 701 2177 anne
716 2115 842 2193 quinte.

450 2256 542 2343 XVI

138 2381 193 2442 Ad
213 2379 422 2455 magistram
444 2383 609 2441 Iacobum
631 2384 854 2455 capellanum.

374 2483 392 2540 8
407 2484 521 2557 augusti
535 2484 616 2542 12²0.

180 2579 308 2639 [Thalnae
325 2579 550 2630 bionumllibern.
565 2585 590 2629 et
606 2579 714 2638 Seeter„
726 2594 752 2644 p.
767 2580 817 2645 le]

97 2674 205 2734 Eidem
220 2677 326 2749 legate,
341 2683 373 2734 ut
388 2691 490 2749 pravas
503 2676 641 2750 quasdam
657 2678 816 2750 anglorum
831 2692 898 2735 eon·

137 2771 182 2821 tra
204 2763 345 2821 llibemoa
362 2765 585 2823 consuetudines
605 2767 724 2823 omuino
741 2765 897 2823 abolendas

136 2860 229 2918 curet,
252 2852 420 2926 anglosque
441 2854 570 2911 censuris
590 2853 793 2911 ecclesiasticis
815 2869 894 2911 eom·

135 2942 233 3013 pellet,
252 2949 284 2998 nt
305 2941 447 3001 llibernes
466 2942 567 2999 iisdem
580 2942 700 3012 juribus,
722 2942 826 3014 quibus
845 2944 897 3016 ipsi

135 3027 277 3096 fruuntur,
294 3030 421 3103 gaudere
435 3032 540 3088 sinant.

141 3129 310 3191 Honorius
319 3130 504 3206 episcopus,
520 3131 895 3202 serrasserverumllei,

100 3225 223 3287 dilecte
242 3226 311 3287 illio
325 3228 484 3302 magistre
504 3227 640 3297 Jacobo,
663 3228 836 3303 capellano
864 3231 899 3290 et

98 3322 348 3399 poenitentiario
371 3326 497 3393 uestro,
518 3324 716 3402 apostolice
732 3325 828 3386 Sedis
844 3325 897 3386 le-

98 3422 194 3497 gato,
209 3420 360 3491 salutem,
376 3421 438 3482 etc.

139 3517 349 3578 Venerabilis
378 3516 481 3579 trater
501 3519 652 3579 noster...
665 3518 751 3581 Vide
773 3521 899 3587 earnm

99 3615 312 3688 Cempllalle,
330 3614 386 3674 lib.
403 3617 428 3687 l,
450 3615 472 3676 t.
489 3617 546 3687 ΙΙΙ,
569 3619 610 3677 de
635 3619 892 3688 sermocinatae,

98 3725 173 3788 cap.
188 3713 220 3783 3,
241 3714 464 3785 Veneram&
479 3713 504 3774 t.
514 3715 540 3786 1,
556 3713 620 3775 cel.
639 3714 696 3773 130
712 3728 819 3787 usqae
837 3729 898 3775 ac-

101 3810 210 3886 ceptio
226 3824 455 3885 personarum.

140 3906 233 3978 Quod
257 3907 287 3967 si
311 3908 425 3968 centra
450 3905 709 3985 prohibitionem
729 3906 819 3967 tuam
841 3922 900 3984 per

102 4002 297 4065 abusionem
321 4002 510 4080 hujusmodi
541 4003 671 4081 aliquos
684 4019 901 4080 praesumpse-

100 4100 169 4162 rint
184 4100 379 4168 molestare,
396 4102 431 4162 tu
442 4101 731 4178 praesumptionem
751 4102 899 4178 ipserum

100 4197 299 4259 anctoritate
313 4200 427 4259 nostra
446 4214 648 4275 compescas.

140 4296 259 4355 Datum
284 4295 371 4372 apud
402 4295 522 4356 Urbem
551 4299 721 4367 Veterem,
750 4294 791 4356 vl
822 4294 898 4357 idus

102 4391 251 4468 augusti,
268 4393 478 4469 pontificatus
492 4393 598 4454 nestri
611 4408 699 4454 anno
712 4393 838 4469 quinte.

443 4532 554 4620 XVII

102 4658 151 4716 Ad
178 4658 393 4731 Rapaaelum
419 4658 622 4719 llaaaleam
642 4659 897 4719 subdiaconem.

375 4759 393 4816 9
407 4761 523 4833 augusti
540 4761 618 4818 libb.

101 4855 232 4919 [Tbeinen
243 4856 327 4908 Codex
338 4855 446 4920 diplom.
460 4856 568 4906 domimi
585 4865 703 4922 temper„
717 4872 743 4922 p.
754 4857 795 4918 te,
808 4871 834 4906 n.
845 4857 899 4922 db]

101 4952 232 5012 Pontifex
246 4954 403 5029 llaynaldo,
414 4969 467 5012 suo
483 4956 593 5023 nuntie,
608 4962 640 5013 ut
654 4957 820 5028 episcopum
840 4956 898 5014 lle-

134 5041 372 5100 lensemadebite
386 5043 479 5100 crucis
494 5042 642 5100 absolvere
655 5045 754 5115 pessit,
767 5051 896 5101 mereat·

133 5145 202 5204 qne,
214 5138 244 5189 nt
259 5139 364 5189 terram
383 5131 537 5190 comitissa
551 5130 696 5190 diethildis
715 5131 769 5190 sibi
782 5133 899 5190 nemine

138 5220 278 5292 assigmt.

141 5318 309 5380 Honorius
319 5318 632 5396 episcopusservus
645 5335 818 5383 servorem
826 5321 896 5393 Uei,

99 5414 223 5475 dilecte
238 5414 307 5475 lilio
320 5417 358 5476 R.
373 5415 576 5477 subdiacono
589 5418 622 5478 et
635 5417 808 5494 capellano
819 5432 900 5479 nes-

98 5515 164 5582 tre,
181 5511 323 5573 salutem
338 5516 371 5574 et
386 5514 602 5589 apostolicam
617 5513 894 5576 benedictionem.

141 5610 356 5672 presentium
379 5609 437 5672 tibi
464 5611 661 5673 auctoritate
690 5612 896 5684 mandamus,

951 1918 1061 1977 licium
1074 1917 1293 1980 absolutionis
1305 1919 1658 1996 impendi,propenens
1669 1931 1742 1986 nos,

951 2015 1006 2090 qni
1035 2031 1110 2075 eum
1134 2015 1305 2091 diligimus
1331 2016 1507 2077 affectione
1530 2015 1685 2092 patema,
1714 2012 1747 2073 id

952 2111 1015 2171 sibi
1031 2111 1205 2173 consulere
1221 2111 1307 2174 bona
1326 2103 1400 2185 ilde,
1418 2129 1492 2174 curn
1507 2113 1541 2172 in
1557 2126 1674 2172 manus
1685 2108 1745 2171 Dei

952 2209 1094 2270 viventis
1123 2210 1271 2272 incidere
1296 2211 1339 2272 sil
1363 2210 1575 2271 horrendum.
1601 2206 1748 2280 Quodsi

951 2302 1085 2366 duxerit
1107 2321 1207 2382 super
1230 2305 1293 2367 boc
1312 2322 1349 2367 se
1367 2306 1481 2367 laesam
1506 2303 1742 2367 censcientiam

952 2417 1017 2462 non
1046 2401 1180 2474 babere,
1209 2402 1268 2464 sed
1299 2405 1434 2480 prepter
1460 2403 1572 2480 aliqua
1600 2399 1744 2478 impedi-

951 2499 1062 2561 menta
1074 2515 1141 2561 nen
1157 2500 1305 2577 potuisse
1318 2501 1382 2561 iter
1394 2500 1542 2577 arripere
1555 2500 1590 2561 in
1605 2498 1747 2560 termino

951 2596 1159 2672 supradicte,
1186 2613 1287 2675 seque
1311 2597 1438 2660 absolvi
1467 2597 1622 2668 noluerit,
1652 2595 1744 2656 dicas

953 2693 995 2765 ei,
1013 2696 1049 2755 ut
1061 2697 1206 2771 exponat
1220 2694 1314 2756 nobis
1330 2695 1563 2772 impedimenta
1578 2708 1638 2770 per
1651 2692 1745 2753 litte-

951 2806 1007 2851 ras
1022 2807 1110 2863 suas,
1128 2807 1211 2869 quas
1227 2807 1286 2868 per
1296 2793 1381 2854 tales
1395 2792 1438 2854 ad
1453 2807 1514 2854 nos
1526 2792 1657 2855 studeat
1672 2790 1751 2851 des·

951 2889 1060 2950 linare
1075 2904 1245 2966 personas,
1270 2906 1329 2967 per
1343 2906 1425 2968 quas
1441 2905 1541 2967 super
1555 2889 1608 2952 bis
1623 2889 1749 2951 certifi-

952 2986 1022 3046 cari
1048 2987 1223 3063 pessimus,
1254 2988 1287 3048 et
1308 3002 1439 3049 omnem
1462 3002 1482 3048 a
1509 2987 1607 3049 eorde
1636 2988 1749 3048 nestro

952 3082 1167 3144 dubitationis
1196 3084 1389 3160 scrupulum
1412 3099 1601 3145 removere:
1630 3085 1668 3145 tu
1694 3085 1749 3145 ta·
1799 3118 1802 3124 ·

952 3195 1039 3248 men,
1054 3180 1131 3241 licet
1144 3179 1208 3242 boc
1224 3180 1323 3242 ducat
1335 3180 1473 3242 forsitan
1488 3179 1689 3257 eligendum,
1707 3196 1750 3241 ex

953 3279 1046 3353 parte
1059 3279 1172 3339 nostra
1186 3293 1252 3338 nen
1268 3294 1377 3339 cesses
1392 3277 1443 3338 illi
1458 3278 1643 3348 consulere,
1663 3277 1749 3354 quod

953 3372 1196 3436 absolutionem
1226 3375 1378 3452 accipere
1405 3390 1470 3436 nen
1501 3374 1641 3446 emittat,
1667 3374 1751 3436 etsi

952 3472 1019 3533 tuis
1031 3487 1131 3548 super
1143 3472 1206 3534 boc
1219 3473 1427 3550 acquieverit
1442 3473 1603 3544 consiliis,
1617 3472 1649 3533 ei
1663 3487 1749 3533 auc·

954 3569 1086 3631 toritate
1102 3570 1215 3632 nestra
1224 3573 1322 3647 juxta
1335 3570 1475 3633 formam
1487 3568 1752 3633 ecclesiaebene-

954 3666 1066 3726 ficium
1086 3666 1307 3729 absolutionis
1327 3669 1511 3746 impendas.
1535 3668 1626 3730 Licet
1640 3668 1751 3729 autem

955 3760 1023 3827 ille,
1038 3760 1256 3823 absolutionis
1268 3762 1431 3825 beneflcio
1444 3779 1511 3824 non
1526 3764 1671 3832 obtento,
1684 3763 1750 3823 im-

954 3857 1141 3932 pedimenta
1158 3858 1252 3920 nobis
1273 3859 1359 3921 forte
1375 3861 1498 3922 dixerit
1523 3859 1750 3932 rescribenda,

955 3969 1020 4014 non
1044 3955 1156 4016 tamen
1180 3955 1338 4027 dimittas,
1369 3957 1448 4033 quin
1473 3957 1637 4018 instanter
1656 3958 1750 4033 petas

954 4055 1077 4112 terram
1108 4053 1285 4114 comitissae
1316 4053 1486 4115 Matbildis
1519 4054 1580 4116 tibi
1616 4053 1750 4114 nomine

955 4150 1068 4209 nostre
1079 4151 1112 4211 et
1127 4149 1283 4211 Ecclesiae
1297 4151 1645 4212 Romanaesecundum
1660 4166 1752 4210 man·

954 4245 1066 4306 datum
1079 4247 1208 4322 regium
1219 4247 1352 4308 interim
1365 4248 1542 4324 assignari.
1556 4251 1643 4310 Sane
1653 4247 1752 4325 qnid-

955 4343 1032 4421 quid
1054 4360 1154 4421 super
1176 4344 1239 4406 bec
1263 4345 1443 4419 inveneris,
1469 4347 1527 4409 ant
1550 4346 1657 4408 dictus
1679 4349 1751 4408 Me·

955 4442 1057 4503 tensis
1069 4441 1195 4513 lecerit,
1212 4443 1421 4520 responderit
1430 4445 1487 4507 aut
1501 4444 1633 4518 dixerit,
1647 4445 1750 4507 totum
1824 4512 1839 4538 l

956 4538 1051 4600 nobis
1066 4555 1305 4616 percursorem
1321 4544 1471 4605 nestrum
1487 4543 1560 4603 sine
1570 4558 1662 4604 mera
1678 4560 1752 4605 res-

955 4636 1074 4698 cribas.
1090 4638 1208 4698 Datum
1223 4638 1308 4714 apud
1321 4638 1442 4700 Urbem
1454 4640 1618 4710 Veterem,
1635 4639 1664 4699 V
1676 4639 1750 4698 idus

955 4735 1099 4811 augusti,
1115 4750 1204 4797 anne
1218 4737 1347 4812 quarte.

1289 4886 1422 4974 XVIII

954 5012 1281 5072 devanteldcasem
1294 5011 1533 5084 episcopamel
1541 5013 1750 5090 moptslrum

1151 5109 1312 5169 tacebam
1327 5114 1553 5182 capellanum.

1228 5220 1245 5278 ll
1264 5221 1378 5294 augusti
1393 5223 1471 5280 1220.

1032 5315 1279 5377 slbainerdionnrr.
1296 5318 1400 5368 idibem.
1412 5323 1437 5368 et
1450 5319 1568 5376 Sectam„
1580 5332 1607 5382 p.
1622 5316 1673 5383 ll]

952 5413 1108 5482 iudicibus,
1125 5423 1155 5470 ul
1169 5429 1285 5471 caesam
1308 5417 1409 5488 prieris
1426 5423 1455 5472 et
1472 5423 1632 5474 cenventus
1654 5418 1750 5475 Sancti

1108 5501 1230 5559 Andreae
1244 5505 1410 5573 examinent
1422 5510 1451 5560 ct
1465 5502 1607 5561 decidant.

994 5611 1160 5672 Honorius
1175 5611 1361 5686 episcopus,
1371 5627 1486 5672 servus
1495 5627 1665 5676 servorum
1678 5616 1746 5686 Dei,
