3774 6186
64 304 126 367 445

682 305 913 369 Erisrohm.
936 307 1015 369 LIB.
1039 308 1093 369 lv.

1652 314 1713 374 tte

65 466 102 526 13
114 465 178 526 hoc
194 462 291 536 13313,
308 464 395 542 quod
406 465 466 528 1111
480 465 512 529 31
524 481 628 544 regno
642 468 700 531 133
713 468 809 531 cedat
820 467 863 529 ad
914 470 991 546 jure
1027 467 1192 540 virorum,
1223 469 1399 531 mulierum
1428 470 1461 531 et
1495 469 1712 534 ecclesiarum

67 562 212 639 gloriam
226 564 261 623 et
279 562 452 637 honorem,
469 565 657 638 attendens,
673 566 760 643 quod
772 565 861 627 3111

66 659 169 721 31133
182 660 312 737 dejure
326 663 467 731 teneris,
483 677 557 725 cum
575 666 729 740 princeps
747 665 864 725 13333-

917 566 1029 627 333111
1065 568 1264 638 memorato,
1291 567 1328 628 ut
1355 566 1397 628 ab
1424 568 1493 629 illis
1519 570 1662 642 teneret,
1692 585 1714 632 a
1804 592 1807 601 ¹

917 662 1038 740 quibus
1072 642 1135 725 est'
1156 662 1196 724 de
1229 666 1306 740 jure
1338 666 1491 727 1333313.
1532 668 1612 739 Ν33,
1644 667 1713 730 1313

66 761 123 821 tur
135 773 280 836 purgare
296 758 393 820 33113
412 760 603 822 hominibus
617 763 741 823 terram
755 777 861 832 suam,
913 762 1015 838 Justis
1042 760 1195 837 precibus
1219 761 1382 834 inclinati,
1406 763 1512 824 terras
1538 780 1621 840 quas
1646 765 1713 843 ipsi

68 855 254 917 secundum
273 858 452 919 canonicas
477 860 509 919 31
530 859 697 935 133111333
715 859 863 920 3333113-

67 967 140 1014 333.
157 955 275 1015 Datum
287 956 456 1027 Laterani,
472 957 517 1017 IV
536 972 642 1018 33333
662 957 762 1034 junii,
779 973 864 1034 pon·

62 1051 215 1113 -titloatus
230 1053 440 1115 3331313333
455 1056 584 1130 quarte.

372 1259 566 1345 CXLVIII

87 1401 144 1460 Ad
156 1402 370 1462 amalricum
384 1403 426 1462 de
444 1400 657 1476 monteforti,
672 1401 833 1464 comitem

362 1501 576 1562 Tolosanum.

373 1620 473 1694 313311
490 1621 568 1679 lieo.

166 1734 304 1800 [1333331
315 1735 373 1787 1133.
384 1735 429 1785 133
441 1735 545 1794 litator..
558 1741 577 1788 t.
589 1737 691 1801 111133.
704 1736 773 1801 611]

69 1842 197 1907 11313313
217 1841 362 1900 Amalrico
378 1841 414 1900 do
438 1842 609 1912 llonteiorti,
627 1844 770 1901 Honorius
795 1857 865 1901 eon·

106 1929 410 1988 1333131133133333
423 1945 525 1989 33333
546 1930 582 1990 13
607 1931 749 1990 hereticis
770 1932 867 2004 acqui·

105 2021 223 2078 3113331
244 2019 443 2092 acquirendas,
473 2036 545 2092 quas
571 2022 643 2094 patri
669 2020 732 2094 ejus
758 2022 867 2079 Simoni

108 2117 293 2167 concesserat
321 2110 507 2167 Innocentius
535 2109 704 2183 ingenerati
743 2109 868 2168 Concilio

109 2198 307 2256 Laterancusi.

112 2326 280 2387 Honorius
295 2325 507 2403 episcopus...
522 2326 643 2387 dilecto
670 2324 740 2388 11113
764 2325 868 2387 331111

66 2424 146 2485 ‘viro
180 2422 368 2494 amalrico,
405 2424 519 2485 comiti
557 2423 737 2496 Tolosano,
776 2423 869 2485 salu-

68 2521 237 2592 temeto.

111 2618 219 2682 Justis
236 2617 432 2695 petitionum
458 2617 634 2680 desideriis
662 2618 797 2695 dignum
818 2621 891 2705 est

75 2732 139 2776 nos
166 2714 296 2777 facilem
320 2714 470 2792 praebere
494 2733 704 2790 consensum,
728 2719 865 2789 313313,

65 2829 150 2892 uuae
185 2828 206 2874 a
236 2813 379 2876 rationis
400 2814 535 2876 tramite
565 2830 631 2876 333
666 2814 866 2883 discordant,

65 2911 195 2973 effectu
218 2914 437 2989 prosequente
450 2913 626 2990 comploro.
649 2915 736 2974 Sane
756 2913 790 2974 in
809 2928 867 2974 re-

66 3010 177 3086 333113
206 3007 300 3070 bonae
340 3010 509 3072 memoriae
542 3010 727 3071 innocentii
762 3026 866 3088 papae,

71 3106 330 3184 praedecessoris
351 3108 470 3179 nostri,
495 3107 725 3185 perspeximus
757 3108 868 3170 conti-

65 3204 159 3276 neri,
174 3203 260 3281 quod
276 3203 347 3281 ipse
366 3205 602 3277 Biterrensem,
619 3207 868 3267 carcassonen-

62 3317 143 3360 sem
159 3302 193 3361 et
202 3299 392 3362 albiensem
415 3301 579 3375 civitates,
598 3318 638 3364 ac
658 3302 742 3364 31133
762 3302 871 3364 haere-

65 3399 216 3460 1133333
231 3398 349 3471 terras,
375 3414 458 3477 quas
487 3400 647 3461 Dominus
676 3399 814 3462 tradidit
835 3400 869 3460 in

67 3494 229 3556 manibus
244 3494 377 3573 inclytae
392 3497 634 3558 recordationis
650 3497 754 3574 patris
767 3497 815 3558 tui
831 3512 870 3558 ac

66 3592 245 3654 exercitus
271 3592 462 3665 (1131311331,
480 3594 587 3655 31133
609 3595 790 3671 patrituo,
817 3595 871 3657 331

69 3691 245 3768 ,331331333
264 3690 411 3768 ejusdem
439 3692 606 3752 exercitus
631 3709 705 3753 cum
731 3692 870 3755 consilio

74 3788 261 3865 legatorum
275 3788 475 3866 apostolicae
489 3787 586 3849 Sedis
607 3788 684 3849 11133
707 3789 870 3865 33333133

74 3886 322 3958 commiserant,
348 3885 487 3947 necdum
511 3886 701 3947 haeredibus
734 3890 806 3964 ejus
835 3888 870 3947 in

76 3982 141 4045 tide
165 3982 330 4046 catholica
352 3984 386 4045 31
407 3983 582 4045 133311333
613 3983 708 4045 Sedis
731 3986 873 4061 Aposto-

75 4081 150 4143 1133
163 4079 434 4157 permanentibus
454 4080 673 4154 confirmavit,
698 4082 871 4161 principa·

75 4179 157 4239 lium
171 4176 379 4239 dominorum
395 4182 428 4240 31
441 4179 594 4252 3113333,
611 4179 771 4257 siquibus
789 4179 873 4243 13313

76 4275 241 4353 competit,
267 4278 344 4353 jure
372 4275 477 4349 33133,
508 4277 656 4356 exceptis
688 4277 871 4353 haereticis,

72 4377 108 4437 et
119 4372 319 4443 fautoribus,
336 4373 559 4447 credentibus,
586 4374 817 4438 defensoribus
838 4378 873 4439 et

72 4469 339 4548 receptatoribus
352 4471 554 4545 eorumdem,
566 4473 683 4535 eodem
697 4476 792 4551 33133
816 4477 873 4536 133

75 4569 146 4632 1333
158 4567 316 4630 denarios
329 4584 389 4646 per
403 4569 556 4646 31333133
584 4570 699 4633 13333
726 4572 873 4648 ejusdem

75 4668 176 4730 terrae
188 4666 379 4728 annualiter
389 4669 548 4729 Romanae
563 4668 720 4730 Ecclesia
735 4670 876 4747 promit·

78 4766 181 4834 tenta,
213 4764 254 4826 ad
284 4763 444 4825 indicium
472 4764 557 4842 quod
586 4766 694 4827 terras
721 4767 810 4843 ipsas
838 4766 874 4830 13

75 4860 254 4923 devotione
266 4860 465 4939 Apostolicae
484 4861 580 4923 Sedis
601 4862 768 4925 31333313
794 4863 876 4927 reli-

78 4958 177 5035 31333
200 4973 401 5020 conservare
430 4958 469 5020 13
493 4960 614 5022 caetero
643 4960 839 5038 disponebat
865 4985 873 5024 :

80 5056 167 5117 idem
184 5055 411 5132 predecessor
422 5058 535 5119 noster
548 5058 665 5119 statuit
679 5058 714 5119 13
728 5060 875 5122 concilio

78 5152 243 5229 33333311,
259 5155 399 5215 3113333
417 5168 515 5232 quam
539 5157 763 5232 crucesignati
789 5156 876 5219 obti-

80 5251 225 5313 3333331
262 5249 422 5312 31333333
459 5253 649 5325 haereticos,
689 5254 873 5328 credentes,

80 5348 228 5410 fautores
243 5349 276 5409 31
290 5349 512 5425 receptatores
532 5365 658 5423 eorum,
676 5368 750 5414 oum
774 5355 874 5415 Mon-

82 5444 237 5506 tealbano
262 5447 361 5522 atque
386 5446 516 5517 Tolosa,
531 5445 753 5511 dimitteretur
776 5453 876 5529 atque

81 5544 330 5614 concederetur,
341 5542 434 5606 salvo
447 5544 687 5607 catholicorum
697 5549 875 5624 peremnia

917 859 1005 934 patri
1032 860 1089 920 tuo
1115 861 1149 921 et
1173 859 1362 921 haeredibus
1391 863 1462 937 ejus
1489 861 1596 923 dictus
1620 878 1733 939 prae-.

918 956 1074 1017 decessor
1099 958 1222 1019 ,noster
1254 959 1403 1020 noscitur
1431 957 1646 1021 confirmasse
1670 960 1712 1022 ad

918 1056 991 1130 eJus
1006 1055 1178 1132 exemplar
1195 1055 1256 1117 tibi
1281 1070 1320 1116 ac
1341 1055 1530 1117 haeredibus
1545 1057 1611 1118 1313
1633 1072 1716 1119 auo·

918 1152 1052 1214 toritate
1081 1153 1272 1230 Apostolica
1301 1153 1536 1216 confirmamus
1562 1155 1594 1216 31
1622 1171 1714 1231 prae-

919 1251 1023 1311 sentis
1034 1251 1147 1327 scripti
1160 1252 1344 1328 patrocinio
1359 1253 1612 1314 communimus.
1621 1251 1714 1324 Quod

920 1347 1066 1409 333313
1094 1348 1170 1408 31113
1198 1349 1420 1411 concedendis
1451 1351 1486 1411 31
1512 1348 1716 1411 dimittendis

920 1443 1134 1522 3113333131
1157 1448 1215 1509 tuo
1243 1447 1465 1509 33113331113
1487 1446 1636 1510 Conciho
1661 1462 1716 1523 33-

921 1542 1038 1613 333311,
1053 1543 1188 1605 3133313
1204 1559 1243 1605 33
1258 1543 1408 1605 haeredes
1427 1545 1503 1605 tuos
1523 1543 1647 1605 babere
1661 1544 1716 1605 de·

921 1641 1088 1702 cernimus
1111 1641 1404 1719 33133333331333
1427 1642 1605 1704 firmitatis
1622 1641 1716 1704 Nulli

921 1740 1155 1814 3333333133
1178 1741 1349 1802 hominum
1383 1740 1483 1801 liceat
1506 1739 1716 1817 13333331-

922 1851 1010 1908 333,
1027 1839 1089 1899 313.
1107 1839 1224 1899 Datum
1238 1837 1405 1908 Laterani,
1418 1840 1463 1898 111
1484 1852 1591 1900 33333
1610 1837 1712 1914 junii,

922 1935 1134 2011 pontificatus
1147 1936 1251 1998 nostri
1267 1950 1356 1997 anno
1370 1934 1500 2013 quarto.

1241 2120 1394 2207 CXLIX

922 2253 974 2313 Ad
984 2253 1180 2314 Adstrictum
1189 2255 1435 2315 scrbdiocomcm
1448 2256 1483 2316 et
1500 2256 1714 2329 3333113333

1267 2367 1381 2413 acuum.

1205 2455 1425 2545 ’33333333

985 2588 1089 2652 [bullar.
1103 2590 1221 2644 Roman..
1232 2587 1291 2638 3111.
1310 2589 1398 2648 1333,
1407 2588 1449 2647 111,
1458 2602 1484 2652 p.
1497 2587 1553 2648 171,
1567 2603 1593 2640 3.
1604 2588 1657 2655 tl]

923 2704 1087 2762 1113333131
1100 2714 1130 2763 ut
1151 2704 1187 2762 de
1205 2704 1339 2762 manibus
1362 2704 1497 2763 Friderici
1525 2707 1717 2764 Romanorum

985 2794 1063 2868 33313
1082 2802 1186 2851 terram
1202 2792 1655 2867 333111333113111111333313131.

963 2912 1130 2973 Honorius
1167 2913 1355 2989 episcopus,
1386 2927 1502 2973 servus
1545 2926 1717 2973 33333333

923 3009 1137 3081 1311113313
1166 3010 1236 3070 silio
1263 3009 1415 3071 Alatrino
1444 3008 1659 3080 subdiacono,
1683 3009 1718 3071 et

924 3106 1098 3183 capellano
1125 3108 1251 3178 nostro,
1277 3105 1476 3167 salutemet
1502 3106 1719 3183 apostolicam

924 3203 1200 3266 benedictionem.

964 3305 1029 3363 Per
1043 3302 1117 3363 tuas
1131 3300 1227 3363 nobis
1242 3301 1371 3362 litteras
1392 3300 1553 3362 intimasti
1582 3300 1721 3361 carissi-

925 3415 1013 3459 mum
1026 3401 1062 3460 13
1075 3399 1207 3461 Christo
1222 3398 1326 3459 illium
1350 3399 1498 3460 nostrum
1515 3397 1720 3459 Fridericum

928 3498 1092 3558 illustrem
1119 3512 1231 3572 regem
1268 3496 1404 3567 Siciliae,
1430 3496 1465 3556 in
1495 3497 1719 3557 Romanorum

925 3597 1160 3672 imperatorem
1173 3595 1327 3665 electum,
1336 3593 1520 3656 3333331111
1529 3594 1627 3655 133131
1642 3609 1723 3655 nos·

925 3695 978 3754 tro
986 3695 1106 3754 Meten.
1119 3693 1285 3770 episcopo,
1295 3692 1479 3769 imperialis
1492 3690 1578 3752 aulae
1589 3689 1723 3752 cancel-

926 3790 1021 3861 lario,
1040 3790 1240 3867 injunxisse,
1259 3791 1295 3852 ut
1309 3788 1369 3851 tibi
1388 3791 1513 3851 terram
1530 3789 1630 3849 clarae
1655 3802 1725 3851 me·

927 3887 1040 3948 moriae
1053 3888 1231 3949 comitissae
1243 3886 1414 3948 Mathildis
1428 3885 1530 3946 133131
1542 3885 1719 3962 resignari.

927 3987 1031 4055 Quum
1058 3984 1160 4059 131133
1184 4000 1258 4045 333
1278 3983 1351 4060 1333
1370 3982 1572 4044 cancellario
1591 3983 1719 4054 333133,

927 4080 1152 4142 31331313133
1178 4081 1273 4142 33113
1297 4078 1417 4141 litteris
1443 4077 1617 4153 intimasti,
1633 4094 1722 4157 prae·

927 4179 1069 4240 sentium
1084 4177 1144 4240 tibi
1159 4177 1356 4240 auctoritate
1376 4177 1581 4248 33313333,
1599 4176 1720 4254 quate-

927 4292 990 4337 333
1002 4276 1137 4337 333133
1152 4277 1266 4338 333133
1285 4274 1427 4351 33313133
1448 4275 1572 4336 terram
1602 4273 1720 4350 ipsam,

928 4388 1068 4451 eamque
1093 4373 1246 4451 personis
1272 4371 1509 4434 ecclesiasticis
1534 4372 1722 4434 committas

927 4472 1084 4534 Ecclesiae
1126 4472 1284 4533 11333333
1324 4467 1477 4532 lldelibus
1515 4471 1549 4533 et
1579 4468 1720 4542 devotis,

929 4571 1086 4633 Romanae
1101 4568 1258 4630 Ecclesiae
1283 4567 1419 4630 nomine
1444 4565 1719 4637 conservandam,

928 4667 1032 4729 13333
1047 4683 1147 4746 33333
1161 4666 1380 4743 dispositione
1396 4665 1503 4742 ipsius
1529 4662 1721 4725 mandatum

929 4767 1078 4827 3331333
1093 4763 1281 4841 3333333131
1299 4761 1457 4839 33331313,
1473 4776 1513 4822 33
1534 4759 1652 4821 131313
1680 4758 1723 4821 31

929 4862 1142 4941 praesentiam
1170 4862 1330 4932 nostram,
1346 4859 1507 4921 dilatione
1528 4856 1722 4935 postposita,

929 4959 1119 5023 3333313313.
1150 4959 1242 5033 Quod
1276 4958 1305 5019 si
1337 4956 1422 5018 13313
1455 4956 1663 5033 33311333331
1691 4955 1724 5019 13

929 5057 1118 5136 hujusmodi
1131 5056 1306 5118 occasione
1319 5071 1445 5116 moram
1456 5055 1589 5118 trahere
1598 5052 1726 5130 133313·

930 5172 1011 5228 333,
1028 5171 1068 5216 33
1083 5171 1157 5232 quae
1172 5156 1250 5215 ante
1264 5155 1354 5229 33313
1370 5152 1548 5215 31333133
1570 5151 1611 5213 ad
1631 5151 1723 5212 3311-

930 5254 1010 5314 1133
1054 5256 1202 5314 3331333
1234 5251 1369 5329 3333111
1399 5251 1592 5330 333333133,
1628 5247 1725 5309 33113

930 5352 1058 5412 3333313
1080 5348 1247 5425 3133111333
1269 5365 1327 5426 333
1344 5348 1559 5426 praesentium
1584 5345 1726 5423 portito-

930 5465 1011 5510 rem.
1027 5448 1145 5509 Datum
1160 5446 1247 5524 apud
1264 5446 1385 5508 Urbem
1398 5448 1563 5514 Veterem,
1579 5440 1724 5505 3333313

932 5547 1005 5607 1133
1017 5545 1116 5622 junii,
1133 5544 1346 5622 pontificatus
1362 5543 1465 5604 nostri
1491 5558 1579 5603 3333
1595 5543 1724 5617 quarto.
