3774 6186
216 244 273 320 331
411 226 414 231 ’
784 292 790 307 »
827 244 1239 324 1101001111100303.
1802 269 1854 328 331

218 421 399 498 praemissis
421 421 561 484 amilite
584 422 754 483 nominato
769 435 882 483 coram
894 420 1010 484 eodem
1065 420 1195 495 fixisse,
1228 440 1304 485 cum
1340 417 1381 485 ad
1415 423 1681 503 prosequendum
1710 425 1848 488 eamdem

218 518 380 581 cardinali
394 521 576 582 conventus
588 518 700 593 tuerit,
716 519 802 598 quod
812 535 878 581 non
893 518 958 579 nisi
969 518 1010 579 ad
1065 517 1282 583 sufficientem
1314 523 1561 598 procuratorem
1590 537 1658 582 non
1689 521 1845 597 miserint,

217 616 458 693 impetrandum
469 618 803 683 etcontradiceudum
816 616 1012 694 procurator
1065 621 1247 681 memorato
1262 620 1367 681 milite
1380 620 1487 695 ipsam
1509 619 1733 696 personaliter
1747 634 1845 695 prose·

218 712 326 776 fuerat
346 716 528 788 institutus,
540 716 626 777 sicut
647 732 689 777 311
708 715 827 777 11110113
847 714 1009 775 dictorum
1065 716 1197 792 quante,
1227 717 1316 792 ipsos
1336 718 1377 777 ad
1402 717 1626 779 restituendas
1651 732 1841 792 expensare

218 812 346 875 abbatis
377 817 409 875 et
434 815 615 875 conventus
647 813 794 875 constitit
826 812 1008 883 evidenter,
1064 815 1212 890 tempore
1234 815 1467 891 appellationis
1496 815 1601 876 iactas
1628 815 1739 875 eidem
1762 816 1839 878 militi

218 911 417 987 supplicavit
435 911 607 973 humiliter
622 911 707 972 idem
729 911 836 982 miles,
849 910 1010 971 utcontra
1065 911 1333 979 condemnantes,
1351 913 1544 989 eodemque,
1556 909 1776 989 sicutjustum
1788 914 1840 975 ine·

216 1008 307 1085 ipsos
322 1011 478 1086 tanquam
493 1011 704 1072 contumaces
719 1009 897 1086 procedere
911 1006 1011 1067 dehe-
1064 1008 1119 1079 rit,
1136 1009 1289 1084 primitus
1311 1010 1476 1082 restituto,
1498 1010 1644 1071 audiatis
1664 1024 1804 1081 0003310,
1815 1007 1840 1073 11

218 1122 340 1178 remus,
365 1123 404 1168 ao
426 1109 508 1169 dure
531 1108 696 1185 aliquibus
710 1109 745 1167 in
761 1106 937 1176 mandatis
954 1103 1010 1180 qui
1064 1106 1287 1182 appellatione
1301 1111 1441 1178 remota,
1460 1107 1526 1168 tine
1538 1106 1649 1168 debito
1661 1107 1837 1180 terminetis,

218 1204 351 1264 eosdem
366 1221 425 1281 pro
447 1221 486 1266 eo
500 1204 598 1282 quod,
615 1204 655 1266 ad
669 1203 931 1281 prosequendam
945 1218 1010 1279 ap·
1065 1202 1235 1275 iacientes,
1260 1206 1346 1281 quod
1368 1205 1596 1276 decreveritis,
1619 1205 1841 1266 inviolabilltet

219 1302 432 1378 pollutionem
450 1303 617 1372 emissam,
637 1304 885 1379 procuratorem
901 1300 1010 1359 minus
1065 1299 1248 1362 observari.
1264 1303 1379 1363 Testes
1390 1304 1515 1374 autem,
1534 1303 1596 1364 etc.
1613 1302 1726 1364 Nullis
1738 1302 1842 1363 litteris

219 1397 374 1459 idoneum
385 1399 602 1471 destinarunt,
612 1401 684 1476 ipso
694 1399 844 1460 eamdem
856 1412 1012 1474 persona·
1065 1397 1274 1460 obstantibus
1284 1399 1841 1478 praeterassensumpartiumasedo

219 1496 295 1557 liter
309 1499 539 1573 prosequente,
552 1497 586 1557 in
600 1496 822 1558 resarciendis
836 1494 900 1556 sibi
912 1494 1009 1555 dam·
1065 1496 1254 1573 apostolica
1285 1497 1483 1574 impetratis.
1518 1498 1609 1571 Quod
1643 1499 1672 1559 si
1700 1512 1764 1558 non
1783 1500 1842 1558 em·

218 1593 270 1653 nis
288 1597 321 1655 et
333 1594 489 1671 expensis
509 1595 666 1670 legitimis
682 1594 952 1663 condemnantes,
971 1605 1010 1652 eo
1064 1609 1137 1665 nes,
1153 1596 1216 1656 etc.
1238 1596 1356 1655 Datum
1368 1596 1519 1668 viterbii,
1536 1599 1612 1658 Vlll
1632 1597 1709 1657 Kal.
1731 1595 1840 1662 1101111,

218 1691 321 1767 prius,
337 1692 422 1753 sicut
432 1695 559 1769 justum
571 1691 681 1764 luerit,
694 1691 857 1761 restituto,
875 1705 1010 1751 causam
1066 1692 1277 1770 pontificatus
1292 1695 1396 1756 nostri
1411 1710 1501 1756 0000
1515 1696 1645 1771 quarto.

217 1788 355 1849 audiant
377 1805 478 1866 super
506 1788 571 1856 1113,
594 1805 668 1866 quae
684 1789 799 1850 contra
815 1787 1010 1864 saepedictos

218 1886 369 1947 abbatem
392 1888 425 1948 et
445 1890 644 1948 conventum
666 1885 822 1963 praetatus
844 1885 939 1945 miles
954 1900 1011 1945 ra·
1365 1873 1559 1959 LXXXVI

216 1983 808 2061 tionabiliterduxeritproponenda.
1123 2018 1175 2077 Ad
1200 2016 1456 2092 σηκώματος
1475 2016 1638 2077 Damwta
1658 2016 1792 2090 pomos·

256 2080 304 2141 Ad
325 2081 398 2141 baec
419 2082 620 2142 memoratus
634 2080 816 2141 monachus
836 2077 1011 2155 proposuit

218 2195 260 2239 ex
274 2179 425 2250 adverso,
443 2178 527 2256 quod
547 2194 621 2239 cum
637 2192 725 2254 saepe
747 2177 937 2238 nominatus
952 2175 1011 2235 mi·
1238 2254 1244 2266 ,
1355 2140 1390 2198 ²4
1410 2137 1465 2197 seb·
1488 2139 1567 2197 Μ’

216 2277 265 2336 133
280 2292 392 2337 coram
407 2275 575 2352 praedictis
586 2273 756 2352 judicibus
769 2273 901 2334 eosdem
914 2273 1011 2334 abba·
1108 2254 1256 2320 [naysum.
1276 2255 1368 2306 11111·
1386 2255 1501 2313 1111111
1522 2268 1583 2304 ²⁰¹¹·
1600 2253 1671 2313 ¹²¹⁹,
1687 2253 1701 2318 ⁵
1716 2253 1810 2314 Μ]

215 2377 282 2443 tem
309 2377 342 2436 111
367 2375 565 2435 conventum
590 2387 690 2448 super
713 2371 855 2449 quadam
884 2386 1011 2448 posses.
1082 2359 1825 2435 110οο111003[1001101313101010110001030131113

217 2473 321 2543 sione,
343 2487 382 2532 ac
398 2471 495 2539 rebus
520 2471 597 2530 aliis
619 2470 779 2531 traxisset
802 2469 836 2528 in
861 2483 1007 2539 causam,
1301 2451 1448 2523 pollicetur
1464 2451 1616 2508 H⁰ss⁰li¹¹⁸·

218 2571 315 2647 prout
329 2568 484 2645 superius
502 2569 553 2629 est
573 2582 779 2644 expressum,
796 2566 897 2627 iidem
914 2565 1009 2626 31101-
1104 2568 1476 2630 Bacchantum—Etsi
1487 2568 1644 2628 humanae
1657 2567 1836 2628 conditionis

219 2667 339 2745 piendo
359 2682 472 2728 coram
493 2665 617 2726 eisdem
633 2664 802 2740 judicibus
824 2678 1010 2741 proponere
1064 2666 1241 2727 infirmitas
1251 2682 1318 2727 non
1329 2665 1473 2727 sutdciat
1485 2665 1603 2742 dignas
1614 2669 1728 2740 grates
1740 2663 1835 2726 exsol-

220 2767 433 2833 curaverunt,
449 2763 505 2823 sed
519 2763 560 2822 ad
574 2761 839 2838 respondendum
850 2761 937 2822 dicto
954 2760 1012 2820 mi·
1063 2780 1142 2825 vere
1152 2760 1292 2824 Domino
1307 2766 1375 2825 Deo
1389 2765 1513 2832 nostro,
1527 2778 1630 2840 super
1640 2759 1835 2823 inenarrabili

219 2862 269 2923 liti
283 2862 317 2921 in
331 2877 445 2921 eorum
460 2860 634 2936 praesentia
651 2875 715 2919 uon
728 2858 922 2924 teneri,tum
932 2857 1011 2934 quia
1065 2863 1151 2923 dono
1161 2865 1234 2938 ejus
1250 2864 1283 2923 et
1297 2861 1509 2922 multitudine
1523 2860 1762 2921 misericordiae
1774 2873 1834 2928 sna,

219 2960 306 3022 ultra
328 2959 411 3019 duas
430 2958 546 3019 diaetas
559 2956 775 3034 adjudicium
794 2955 1012 3017 trahebantur
1065 2976 1164 3037 quam
1177 2961 1212 3020 in
1227 2960 1380 3036 captione
1400 2958 1559 3019 Damiatae
1581 2956 1662 3019 iecit
1675 2957 1834 3026 nobiscum,

219 3060 334 3121 contra
350 3056 500 3118 instituta
516 3054 655 3116 Concilii
667 3054 922 3130 generalis,tum
933 3053 1012 3129 quia
1066 3060 1187 3120 etcum
1204 3059 1280 3118 aliis
1295 3055 1530 3119 invocantibus
1545 3070 1667 3118 nomen
1683 3059 1836 3131 3103110-

219 3156 350 3228 11113133,
360 3171 419 3231 per
434 3170 516 3232 quas
528 3152 821 3223 conveniebantur,
831 3151 872 3212 ab
882 3167 1013 3212 excom·
1066 3172 1123 3217 ves
1145 3155 1275 3216 labores
1297 3157 1437 3226 vestros,
1459 3168 1498 3214 ac
1517 3153 1634 3228 longas
1647 3152 1834 3220 afflictiones,

219 3253 386 3315 municato
408 3253 541 3313 fuerant
562 3252 759 3327 impetratae,
774 3250 831 3311 sed
851 3265 925 3310 cum
947 3265 1013 3309 sae·
1066 3248 1839 3328 0100011003113110010013310103,1303111311·

219 3352 341 3428 pedicti
363 3351 493 3427 jndices
516 3350 579 3410 has
605 3348 770 3424 legitimas
799 3347 1012 3422 exceptiones
1066 3367 1141 3411 mon
1163 3349 1220 3410 diu
1243 3348 1440 3410 desideratis
1459 3348 1558 3425 hujus
1578 3347 1706 3409 laetitiae
1722 3346 1837 3415 nuntiis

219 3465 335 3511 eorum
357 3448 531 3508 admittere
551 3446 744 3516 noluissent,
767 3445 847 3506 dicti
862 3443 965 3505 abbas
980 3444 1012 3505 et
1065 3449 1134 3510 toto
1157 3447 1277 3508 mentis
1301 3447 1423 3508 annisu
1438 3446 1641 3523 dignationis
1662 3444 1782 3506 divina
1795 3441 1840 3503 be·

220 3548 420 3616 conventus,
453 3544 633 3605 sentientes
663 3543 697 3603 in
727 3542 780 3603 his
803 3540 948 3602 indebite
976 3557 1014 3602 se
1067 3544 1624 3612 03101003301131111003,01101010
1640 3541 1840 3604 cordenostro

219 3643 367 3720 gravari,
389 3642 536 3703 nostram
561 3640 765 3702 audientiam
789 3639 1009 3717 appellarunt,
1067 3643 1262 3705 confitentes
1289 3642 1415 3713 eidem,
1445 3642 1478 3702 et
1505 3639 1675 3700 mirabilia
1703 3643 1775 3717 ejus
1797 3651 1842 3715 pro

220 3741 387 3817 iidemque
416 3737 605 3816 hujusmodi
637 3737 828 3798 eorumdem
861 3736 1013 3813 appella·
1067 3741 1189 3801 nostrae
1206 3736 1435 3816 possibilitatis
1457 3736 1589 3798 modulo
1605 3737 1807 3806 enarrantes,
1819 3733 1845 3794 et

220 3840 311 3901 tione
320 3838 508 3913 contempta
523 3836 757 3912 processerunt
770 3835 805 3894 in
816 3834 902 3896 dicta
911 3848 1013 3894 causa
1068 3835 1360 3914 processionaliter
1371 3835 1498 3911 gratias
1519 3837 1552 3896 et
1570 3833 1689 3895 landes
1710 3831 1845 3896 exsolvi·

221 3951 395 4014 perperam
412 3934 526 3996 contra
542 3949 610 3994 eos.
630 3932 835 4008 Quapropter
849 3946 1015 3992 memora-
1068 3950 1152 4005 mus,
1165 3936 1198 3996 et
1210 3933 1337 3995 exsolvi
1349 3931 1579 3994 mandavimus
1591 3946 1653 4009 per
1666 3947 1781 3994 omnes
1790 3929 1847 3991 1313

222 4037 274 4096 103
301 4033 486 4095 monachus
515 4030 707 4108 postulavit,
737 4031 773 4091 ut
800 4031 955 4090 revocato
978 4028 1013 4088 in
1075 4032 1264 4110 provincias
1295 4030 1513 4100 christianas,
1548 4029 1763 4091 insinuantes
1789 4027 1850 4089 eis-

221 4133 353 4194 irritum
376 4130 546 4208 quidquid,
564 4130 639 4205 post
652 4127 908 4204 appellationem
927 4141 1016 4203 pree-
1069 4131 1144 4192 dem
1160 4129 1318 4206 quantum
1333 4143 1423 4190 nunc
1434 4127 1561 4202 egeatis
1572 4124 1786 4188 multitudine
1805 4139 1855 4185 so-

220 4232 367 4300 missam,
398 4228 595 4290 attentatum
624 4225 732 4287 iuerat
761 4227 876 4286 contra
911 4223 1016 4285 abba·
1069 4228 1207 4289 ciorum.

221 4330 334 4390 131031
348 4323 745 4400 00013010011331110103,
769 4338 904 4383 causam
918 4337 1014 4382 eam·
1108 4328 1189 4386 Cum
1203 4338 1263 4386 vos
1276 4322 1427 4400 oporteat
1439 4322 1472 4384 et
1485 4321 1654 4383 civitatem
1671 4320 1855 4398 praedictam

222 4426 296 4486 dem
318 4423 547 4498 delegeremus
569 4420 735 4497 aliquibus
760 4419 1013 4490 terminandam,
1070 4419 1231 4490 incolere,
1256 4418 1289 4478 et
1321 4417 1532 4487 convicinae,
1560 4415 1634 4477 sine
1659 4415 1782 4492 quibus
1805 4414 1858 4474 illa

223 4522 280 4599 qui
294 4521 419 4581 eisdem
435 4535 453 4580 a
470 4518 557 4578 dicto
578 4518 682 4579 milite
701 4517 821 4577 damna
845 4516 1013 4588 resarciri,
1070 4515 1207 4579 retineri
1231 4515 1289 4576 vix
1316 4515 1437 4591 posset,
1459 4513 1650 4575 Christiano
1673 4513 1813 4583 nomini,
1833 4511 1857 4571 si

223 4615 881 4696 31311303031100310030333οἀ310
910 4614 1016 4675 coacti
1070 4613 1211 4689 desuper
1238 4611 1351 4672 datum
1378 4610 1491 4677 1113111,
1522 4609 1721 4686 3011101013,
1753 4610 1860 4670 ddeles

224 4717 435 4787 3001100013,
458 4715 592 4792 propter
608 4712 716 4789 ipsam
734 4712 865 4773 restitui
885 4710 1015 4772 facien·
1071 4711 1112 4772 ad
1140 4724 1333 4771 succursum
1364 4708 1512 4768 vestrum
1539 4721 1599 4783 per
1623 4707 1756 4768 litteras
1786 4722 1861 4768 nos-

223 4817 286 4888 133,
300 4811 674 4876 excommunicationem
687 4809 849 4886 prolatam
861 4808 1015 4884 idipsum
1070 4810 1139 4870 tras
1159 4807 1309 4868 animare
1331 4805 1528 4875 studuimus,
1554 4806 1587 4865 et
1602 4819 1663 4880 per
1682 4803 1776 4866 viros
1795 4803 1862 4865 ido·

226 4927 329 4989 usque
353 4910 393 4971 ad
414 4909 675 4971 satisfactionem
699 4907 900 4982 condignam
921 4904 1015 4966 1003-
1070 4922 1152 4967 0003
1174 4902 1404 4965 mandavimus
1432 4901 1593 4972 animari,
1623 4899 1735 4962 iactas
1762 4917 1862 4979 prop·

225 5011 299 5070 1301
313 5005 551 5068 inviolabiliter
563 5005 745 5068 observari.
762 5004 846 5076 Quia
860 5018 939 5064 vero
952 5018 1016 5063 no-
1070 5006 1123 5065 ter
1139 5004 1204 5064 boc
1222 5017 1242 5063 0
1261 4999 1423 5077 principio
1448 4998 1673 5074 indulgentias
1698 4998 1864 5073 innovan-

225 5107 277 5167 bis
296 5119 397 5179 super
413 5103 594 5180 praemissis
615 5119 683 5164 non
704 5101 810 5179 potuit
830 5100 904 5162 deri
919 5100 1017 5176 plena
1071 5103 1131 5169 tes,
1161 5116 1200 5162 ac
1224 5098 1430 5168 mandantes,
1456 5096 1492 5157 ut
1521 5094 1583 5166 illi,
1613 5095 1673 5172 qui
1691 5097 1767 5172 jam
1795 5096 1867 5157 sunt

226 5204 318 5274 tides,
341 5202 382 5262 de
403 5216 542 5260 assensu
564 5200 680 5261 militis
701 5200 734 5261 et
752 5197 907 5260 monachi
930 5213 1019 5274 prae-
1072 5198 1181 5259 crucis
1220 5196 1390 5258 caractere
1425 5192 1595 5269 insigniti,
1630 5197 1800 5269 cogantur
1828 5192 1866 5254 sd

225 5303 391 5363 dictorum
402 5298 595 5359 discretioni
612 5300 731 5360 vestrae
750 5311 810 5373 per
826 5295 1017 5372 Apostolica
1072 5291 1285 5369 exsequenda
1306 5290 1460 5351 celeriter
1472 5290 1552 5350 vota
1573 5302 1672 5348 300...
1687 5287 1742 5351 Ν3
1759 5289 1869 5350 autem

226 5398 350 5475 scripta
367 5395 573 5465 mandamus,
589 5395 761 5471 qnatenus,
775 5394 805 5454 si
818 5392 911 5455 vobis
925 5408 1019 5454 cons·
1072 5389 1248 5453 occasione
1264 5389 1365 5449 131103
1386 5386 1481 5448 vobis
1496 5389 1563 5461 jam
1579 5385 1700 5448 dataea
1716 5388 1867 5457 11001100,

224 5495 328 5556 1110111
343 5492 447 5553 dictos
462 5490 615 5553 abbatem
635 5493 668 5552 et
686 5490 883 5552 conventum
903 5488 1019 5566 appel·
1072 5489 1125 5550 vel
1140 5487 1227 5549 sicut
1241 5500 1426 5563 speramus,
1440 5484 1476 5544 in
1490 5482 1658 5559 posterum
1670 5482 1793 5545 dandae
1805 5484 1868 5545 ali·

224 5591 342 5652 lationi
368 5605 437 5649 suae
467 5587 693 5664 supradictum
727 5587 904 5649 terminum
931 5601 1020 5661 prae-
1073 5601 1148 5662 qua,
1169 5583 1254 5661 quod
1272 5582 1368 5653 absit,
1391 5581 1479 5642 inter
1498 5594 1557 5641 103
1579 5580 1686 5655 possit
1704 5581 1870 5642 dissensio
