3774 6186
102 308 159 369 261

105 467 261 542 quantur.
276 468 395 528 Datum
415 468 517 530 Reate
533 470 606 530 VIII
623 469 696 531 idus
706 471 793 547 Julii,
812 487 898 548 pon-

105 562 251 627 tificatus
266 566 370 627 nostri
385 581 474 631 anno
488 567 599 629 tertio.

425 732 577 821 CGLIII

138 869 192 928 Ad
206 868 325 928 Sortctt
348 870 492 943 Galeam·
505 868 539 929 et
553 870 671 929 salicti
690 872 867 932 Mtcnaetts

275 961 559 1023 discalceatornm
575 964 723 1025 odontes.

396 1064 596 1137 injunium.

288 1162 405 1226 itendit,
416 1161 489 1212 Italia
501 1175 581 1219 sacra,
593 1162 637 1220 Ill,
648 1163 716 1229 m]

97 1256 149 1318 tre
159 1258 280 1317 mandat
290 1268 322 1317 nt
335 1260 487 1321 informent
495 1261 530 1321 de
542 1266 667 1322 moribus
678 1263 805 1336 episcopi
814 1265 899 1320 Fesu·

385 1352 458 1410 lane
476 1355 614 1411 ecclesie.

137 1449 311 1510 Honorius
345 1452 536 1528 episcopus,
574 1467 690 1513 servus
725 1466 896 1513 servorum

97 1545 173 1613 Det,
187 1545 319 1608 dilectIs
335 1547 414 1609 liliis
434 1550 547 1612 Sancti
563 1549 714 1625 Galgani,
732 1549 765 1610 et
778 1551 811 1609 S.
828 1549 896 1608 Mi-

97 1641 229 1703 canens
255 1642 529 1706 discalceatorum
552 1645 735 1714 abbatibus,
756 1645 896 1706 salutem

97 1740 361 1821 etapostollcam
376 1741 649 1805 benedictionem.

135 1837 300 1899 Ascendit
311 1838 352 1898 ad
361 1838 714 1901 nosclamnrecolesise
723 1840 895 1901 Fesulanae

97 1931 197 1995 Iessea
207 1937 276 2011 jam
292 1951 313 1996 a
327 1937 490 1998 malornm
506 1937 814 2013 multitudineque
830 1953 894 1998 non

97 2029 138 2091 nb
169 2031 277 2104 hoste,
302 2033 360 2094 sed
388 2033 431 2095 ab
456 2034 574 2107 amino,
592 2051 653 2096 neo
673 2034 715 2095 ab
735 2036 895 2097 extraneo

97 2127 236 2204 patitur,
249 2129 306 2191 sed
321 2146 342 2191 a
357 2147 489 2208 sponse,
505 2131 536 2192 si
549 2133 671 2204 tamen,
688 2133 743 2209 qni
759 2147 820 2192 sua
838 2147 896 2192 ra-

97 2224 157 2304 pit,
183 2225 229 2288 stt
253 2231 326 2305 ejus
352 2227 662 2302 dIcendnsamicus,
678 2229 731 2290 rel
753 2244 894 2305 sponsus

97 2324 249 2399 reputari
262 2323 390 2388 debeat.
399 2328 434 2388 et
448 2341 513 2386 non
527 2325 750 2402 moecbusqni
763 2340 893 2402 sponsae

97 2418 307 2483 honestatem
332 2425 449 2498 sponte
465 2425 689 2495 contemnens,
708 2423 745 2484 nt
758 2423 894 2485 illicitos

97 2520 266 2579 mercetur
286 2520 476 2596 amplexus,
506 2521 651 2596 prodigit
674 2520 782 2581 dotem
807 2523 891 2596 ejus.

97 2614 182 2675 liam
196 2616 282 2692 quod
302 2617 376 2678 sine
396 2617 511 2679 dolore
532 2617 674 2694 plurimo
687 2617 812 2679 referre
827 2634 893 2678 non

97 2727 287 2789 possumus,
311 2715 344 2777 et
357 2714 489 2786 rubore,
511 2715 704 2774 Fesnlamus
719 2715 892 2791 episcopus

97 2810 263 2873 rationem
294 2812 524 2882 sensualitati,
555 2814 588 2873 et
622 2812 774 2888 spiritum
798 2812 892 2873 carni

97 2906 220 2970 dicitur
248 2908 459 2985 usqueadeo
485 2908 678 2986 subjecisse,
701 2910 788 2985 quod
805 2925 891 2971 con-

722 313 949 375 EPISTOLAE.
973 314 1051 373 LIB.
1075 315 1130 374 111.
1685 320 1749 377 '262'

953 473 1149 543 evocandos,
1179 477 1213 535 et
1239 474 1397 537 hahentes
1423 490 1492 551 prae
1514 474 1621 535 oculis
1641 475 1746 536 solum

953 568 1066 640 Deum,
1084 569 1260 646 inquiratis
1274 586 1374 647 super
1390 570 1571 647 praemissis
1593 572 1747 633 omuibus

919 714 922 719 .
953 665 1144 742 diligentins
1175 666 1363 738 veritatem,
1387 660 1420 728 et
1441 669 1526 745 quod
1552 668 1747 731 Inveneritis
1799 680 1813 694 ·

951 760 1744 839 pervestrasvobislitterasfidelitertermlnetis,

954 860 1161 936 praefigentes
1175 861 1281 921 eidem
1295 861 1451 938 episcopo
1471 865 1650 925 terminum
1661 880 1748 926 oom-

953 958 1126 1032 petentem,
1144 973 1207 1034 quo
1228 960 1341 1020 nostro
1360 962 1549 1036 conspectui
1566 978 1601 1022 se
1623 977 1747 1038 reprae-

953 1054 1077 1125 sentet,
1104 1057 1299 1131 recepturus
1325 1071 1384 1132 pro
1418 1070 1554 1117 snorum
1578 1059 1745 1136 exigentIa

952 1152 1155 1215 meritorum.
1180 1153 1272 1214 Nulli
1304 1169 1383 1228 ergo
1411 1155 1545 1216 omnino
1576 1156 1744 1218 bominum

953 1248 1051 1309 liceat
1079 1249 1165 1309 lianc
1193 1252 1348 1326 paginam
1383 1253 1505 1313 nostrae
1532 1255 1746 1330 protectIonis
1848 1272 1852 1281 ·

951 1343 1145 1422 intringere,
1159 1348 1212 1408 vel
1228 1347 1258 1409 ei
1274 1363 1358 1422 ausu
1372 1349 1551 1415 temerario
1566 1352 1743 1412 contraire.

952 1443 987 1504 Si
1003 1444 1077 1520 quis
1092 1446 1202 1505 autem
1225 1445 1286 1506 hoc
1305 1447 1468 1507 attentare
1484 1450 1743 1527 praesumpserit,

951 1540 1211 1617 indignationem
1227 1543 1460 1618 omnipotentIs
1481 1545 1550 1615 Dei,
1574 1561 1613 1606 ac
1632 1545 1747 1609 beato·

950 1654 1024 1698 rum
1035 1639 1125 1699 Petri
1136 1641 1168 1699 et
1186 1640 1281 1700 Panli
1292 1641 1517 1716 apostolorum
1532 1645 1616 1718 ejus,
1634 1658 1670 1703 se
1685 1661 1746 1705 no-

950 1736 1036 1797 verit
1063 1736 1285 1797 incursurum.
1318 1740 1436 1799 Datum
1461 1741 1573 1809 Reate,
1602 1742 1646 1801 VI
1672 1742 1745 1801 idus

945 1832 1035 1909 julii,
1053 1834 1263 1909 pontificatus
1275 1835 1379 1896 nostri
1395 1851 1482 1897 anno
1495 1838 1604 1898 tertio.

1274 2002 1423 2091 tdtlv

1008 2139 1060 2196 An
1074 2139 1257 2210 Radutsttnt
1267 2139 1302 2198 S.
1317 2139 1487 2199 tormonte
1499 2140 1536 2198 in
1558 2142 1682 2201 Vincis.
1802 2131 1806 2135 ’

1242 2251 1273 2306 ιι
1287 2250 1350 2322 jorn
1367 2251 1446 2307 ιιιι.

963 2352 1101 2418 [bouquet.
1114 2354 1217 2406 Recneil
1230 2355 1430 2416 desitist.,xlx,
1439 2355 1500 2416 689;
1513 2358 1612 2421 lingent.
1626 2359 1671 2410 lib.
1686 2359 1728 2419 lII,

1269 2434 1343 2499 epist.
1353 2434 1422 2499 tin]

946 2529 1055 2588 Itrardn
1066 2530 1102 2588 de
1112 2533 1204 2589 Brenn
1219 2531 1325 2591 bellum
1339 2547 1441 2606 gerere
1457 2549 1512 2592 non
1529 2534 1679 2594 desinente
1690 2537 1739 2595 ad·

982 2634 1082 2678 versus
1097 2620 1301 2690 theobaldum,
1315 2623 1478 2696 Campaniae
1497 2625 1642 2690 comitem,
1660 2643 1740 2684 man·

981 2706 1030 2766 dat
1057 2710 1209 2778 Honorius,
1242 2718 1274 2766 ut
1297 2709 1429 2769 homines
1455 2713 1551 2770 comiti
1582 2714 1744 2786 juramento

981 2797 1108 2854 adstricti
1127 2796 1219 2854 eidem
1232 2799 1367 2856 assistere
1376 2808 1517 2874 cogantur
1528 2801 1656 2870 viriliter,
1671 2819 1740 2876 pen·

981 2884 1065 2943 dente
1077 2900 1164 2943 causa
1180 2889 1316 2946 natalium
1332 2888 1480 2961 Philippa,
1491 2891 1588 2948 uxoris
1597 2891 1706 2948 Erardi.

97 3005 222 3081 tempta
246 3006 411 3082 pontilicis
431 3006 606 3082 gravitate,
627 3005 817 3067 carnalibus
834 3006 893 3066 de·
985 3004 1152 3064 Honorius
1162 3005 1401 3081 episcopus.....
1414 3005 1543 3069 dilectis
1554 3007 1631 3069 tiliis
1644 3010 1743 3071 Sanc·

97 3102 244 3172 sideriis,
258 3118 333 3179 qum
355 3103 501 3165 militant
521 3102 680 3164 adversus
698 3103 844 3164 animam
855 3120 892 3164 se
944 3099 1141 3161 titobannis
1152 3100 1187 3161 in
1200 3101 1739 3178 VineisSuessionensisecclesiae,

97 3197 286 3269 involvens,
316 3215 435 3275 prava,
461 3216 534 3277 quae
558 3200 737 3268 nonlicet,
763 3201 889 3276 turpia,
946 3196 1050 3257 Vallis
1065 3199 1220 3269 Secralae,
1242 3197 1426 3270 abbatibus,
1448 3201 1481 3260 et
1498 3199 1625 3262 decano
1640 3205 1741 3265 Sues-

97 3311 169 3372 guae
188 3311 254 3357 non
273 3297 377 3367 decet,
402 3299 550 3368 strena,
572 3313 646 3374 quae
661 3311 727 3358 non
746 3297 890 3374 expedit,
944 3293 1112 3355 sionensis
1124 3295 1285 3366 ecclesiae,
1303 3295 1455 3368 salntem,
1472 3296 1534 3359 etc.

97 3391 130 3453 in
144 3394 244 3454 aetate
257 3393 354 3455 senili
367 3393 562 3470 juveniliter
583 3395 748 3470 operetur,
764 3396 799 3456 et
814 3396 892 3471 quia
985 3392 1065 3451 Cum
1097 3389 1218 3451 nobilis
1241 3391 1295 3453 ιιι
1321 3392 1466 3455 Erardns
1494 3394 1535 3454 de
1567 3396 1675 3461 Brena
1709 3400 1741 3460 et

97 3505 161 3553 nnn
187 3492 295 3566 potest
319 3491 392 3551 sine
419 3491 576 3567 gravibus
612 3491 796 3568 sumptibus
822 3494 891 3553 suis
945 3486 1099 3564 Philippa
1120 3503 1205 3549 uxor
1225 3489 1310 3565 ejus,
1326 3490 1360 3550 et
1383 3490 1592 3568 coadjutores
1613 3507 1739 3567 eorum,

97 3586 320 3663 uoluptatibus
358 3587 560 3659 mesfacere,
590 3589 703 3664 utpote
730 3589 787 3665 qui
825 3605 891 3650 non
946 3585 1295 3648 excommunicationis
1319 3589 1352 3648 et
1373 3587 1540 3650 interdicti
1559 3591 1740 3653 sententias

97 3681 203 3747 solum
240 3687 442 3746 secretorum
471 3700 606 3745 snorum
639 3686 802 3757 consciis,
832 3702 892 3747 ve-
944 3681 1196 3743 ineosetterras
1207 3698 1285 3743 suas
1296 3699 1355 3759 pro
1364 3683 1677 3762 damnisetinjuriis
1686 3705 1742 3751 no

97 3794 172 3843 rum
185 3781 286 3842 etlam
301 3781 388 3850 aliis,
403 3798 445 3842 ne
458 3782 673 3857 ignominiam
684 3783 834 3844 revelent
845 3784 892 3859 ip·
944 3776 1003 3837 bili
1018 3778 1149 3839 mulieri
1170 3778 1523 3851 Blanchm,comitissae
1538 3783 1737 3860 Campaniae,

97 3877 177 3949 sius,
200 3877 305 3938 multa
332 3879 460 3953 cogitur
483 3878 717 3940 damnabiliter
740 3880 888 3955 elargiri,
943 3888 983 3934 ac
1001 3873 1201 3946 Theobaldo,
1220 3875 1290 3936 illio
1305 3878 1389 3952 ejus,
1412 3877 1526 3949 illatis,
1543 3881 1739 3945 auctoritate

97 3974 181 4035 bona
197 3974 346 4036 eccleslae
363 3976 535 4036 itesnlanae
551 3990 634 4052 pene
649 3977 780 4050 penitus
794 3976 890 4038 dissi·
943 3968 1379 4047 Apostolicapromulgatas
1395 3975 1465 4048 jam
1490 3989 1550 4048 per
1568 3973 1737 4039 biennitrm

97 4072 198 4148 pavit,
215 4086 277 4132 nec
287 4072 461 4132 contentus
475 4089 529 4133 res
544 4071 694 4143 mobiles,
709 4070 827 4148 quibus
841 4073 890 4135 in·
943 4067 1211 4143 contempserint,
1226 4070 1259 4128 et
1271 4066 1517 4146 adhucquoque
1527 4072 1739 4135 contemnant

97 4167 236 4229 cubabat
260 4184 470 4238 consumere,
495 4184 549 4229 res
577 4169 678 4230 etiam
705 4169 889 4230 immobiles
943 4162 1096 4225 cordibus
1116 4163 1291 4236 induratis,
1321 4164 1514 4226 discretioni
1536 4170 1656 4230 vestrae
1680 4187 1738 4246 per

97 4264 342 4342 prodigamann
354 4266 517 4337 distraxit,
533 4270 565 4328 et
580 4266 741 4343 quasdam
753 4268 889 4329 donavit
941 4259 1131 4338 Apostoli&
1148 4261 1271 4337 scripta
1285 4261 1493 4334 mandamus,
1508 4267 1670 4339 (illatenus
1683 4267 1736 4345 in·

97 4360 155 4421 sub
168 4361 371 4423 venditionis
386 4364 496 4441 specie
511 4363 675 4425 simulatae
695 4363 771 4425 aliis
787 4364 889 4424 nihil·
942 4357 1013 4419 sius
1027 4357 1206 4447 comitissae
1218 4373 1258 4419 ac
1270 4357 1331 4419 lilii
1351 4362 1423 4436 ejus
1449 4359 1602 4422 homines
1614 4364 1648 4425 et
1661 4358 1739 4433 illos

97 4458 225 4519 eminus
246 4456 424 4519 intendatis
440 4459 474 4520 in
489 4458 708 4537 irreparabile
724 4461 889 4538 ipslnsec-
942 4454 999 4532 qui
1020 4453 1144 4515 eisdem
1157 4454 1198 4517 ad
1213 4455 1276 4516 boc
1297 4457 1480 4531 iuramenti
1502 4458 1636 4530 uinculo
1660 4465 1737 4531 sunt

97 4556 205 4616 zlesiae
240 4555 484 4627 detrimentum,
521 4558 637 4618 contra
663 4560 888 4634 juramentum
942 4551 1103 4623 adstricti,
1116 4554 1152 4613 ut
1162 4551 1226 4628 ipsi
1242 4552 1421 4646 comitissae
1434 4570 1473 4615 ao
1485 4554 1552 4616 tilio
1565 4560 1637 4633 ejus
1652 4574 1736 4621 onn-

97 4652 263 4729 prnprium
293 4655 418 4713 temere
442 4653 615 4724 veniendo,
636 4654 683 4714 ita
699 4655 784 4731 quod
804 4657 889 4716 sicut
941 4649 993 4710 tra
1026 4648 1198 4726 prelatum
1225 4648 1386 4709 Erardnm
1421 4653 1455 4711 et
1488 4655 1560 4727 ejus
1590 4653 1736 4717 lautores

97 4749 240 4812 creditur
261 4750 329 4820 vix,
353 4751 407 4811 vel
428 4766 596 4826 nunqnam
622 4754 696 4827 post
718 4751 888 4814 decessum
941 4744 1101 4807 assistant
1125 4744 1268 4806 viriliter
1295 4747 1328 4805 et
1351 4747 1513 4822 potenter,
1543 4747 1572 4808 si
1599 4751 1735 4824 terram,

97 4847 199 4925 ipsius
213 4847 359 4923 episcopi
375 4847 516 4923 oritoni
529 4848 685 4910 velitsibi
698 4850 886 4921 succedere,
942 4858 1039 4920 quam
1052 4841 1232 4919 possident,
1245 4841 1441 4918 perturbare
1450 4848 1734 4922 presumpserint,

97 4944 126 5006 ln
149 4947 278 5006 tantum
302 4945 366 5006 erit
389 4944 495 5020 ipsius
520 4945 671 5006 ecclesiae
695 4961 761 5007 non
781 4947 887 5009 solum
942 4940 1104 5016 pendente
1115 4955 1226 5001 ooram
1237 4938 1442 5000 nobiscansa
1452 4941 1612 5005 natalium
1623 4960 1737 5022 supra-

97 5040 208 5113 mma,
226 5041 295 5107 ¹sed
323 5040 511 5103 substantia
535 5043 705 5105 annulata.
731 5044 888 5106 volentes
942 5038 1037 5099 dictae
1068 5037 1242 5114 Philippae,
1284 5037 1446 5098 moneatis
1479 5040 1668 5115 prudenter,
1704 5049 1738 5108 et

97 5139 193 5215 igitur
218 5138 434 5210 descendere,
458 5154 497 5199 ac
512 5139 626 5200 videre
638 5144 747 5202 utrum
762 5141 889 5204 clamor
941 5134 1121 5197 efficaciter
1146 5133 1310 5195 inducatis
1336 5148 1393 5194 00⁸
1415 5134 1456 5194 ad
1480 5135 1525 5207 id,
1551 5137 1579 5199 si
1601 5154 1737 5203 necesse

97 5236 281 5314 nummoli
298 5236 583 5308 variationem,
601 5237 886 5300 nuomuonrves-
941 5230 1053 5304 tuerit
1083 5246 1339 5307 percensuram
1371 5232 1648 5308 molestantem,
1673 5254 1736 5315 ap-

97 5339 150 5397 pn
164 5350 226 5412 per
235 5332 429 5410 Apostolioa
443 5334 567 5411 scripta
581 5336 786 5405 mandamus,
799 5352 886 5413 qua.
941 5328 1120 5406 pellatione
1144 5329 1281 5400 remota,
1301 5332 1468 5405 cogentes.
1496 5331 1586 5402 Quod
1613 5333 1642 5393 si
1669 5351 1736 5398 non

97 5444 185 5495 unus
203 5431 246 5494 ad
268 5430 445 5493 eccleslam
471 5430 576 5506 ipsam
599 5428 889 5508 personanterac-
941 5441 1056 5488 omnes
1070 5425 1354 5502 hisexsequendIs
1369 5427 1533 5488 interesse
1548 5432 1733 5506 potueritis,

97 5530 257 5600 rodentes,
272 5528 326 5590 vel
339 5528 441 5591 sinon
462 5529 535 5589 sine
557 5529 716 5591 scandalo
731 5546 805 5592 esse
820 5547 887 5593 non
941 5525 1006 5585 duo
1019 5525 1166 5585 restrum
1179 5537 1219 5583 ea
1229 5521 1446 5584 nibilominus
1457 5529 1693 5602 exsequantur.

97 5631 205 5702 potest,
224 5628 385 5688 vocantes
400 5639 482 5701 quos
505 5629 639 5701 propter
658 5627 720 5689 noc
736 5628 886 5691 viderItts
981 5623 1099 5686 batum
1114 5621 1228 5691 Reate,
1245 5621 1272 5680 V
1289 5619 1363 5679 idns
1373 5620 1451 5694 julii
1466 5637 1554 5682 anno
1567 5624 1674 5688 tertio.
