3774 6186
117 308 174 369 119

114 483 190 530 cere
203 483 368 544 expensas
384 483 443 544 pro
456 466 554 529 tertia
570 465 675 543 parte,
686 467 719 528 et
733 465 796 526 boc
808 480 911 542 usque

114 566 157 626 ad
193 565 306 626 decem
335 581 451 636 annos,
481 565 559 641 quia
581 563 653 625 baec
679 563 790 624 omnia
812 578 912 639 supra

117 664 240 739 scripta
262 664 339 724 sunt
364 663 404 723 ob
421 662 641 724 reverentiam
662 662 785 725 sanetae
799 661 913 722 Eccle-

116 762 185 832 siae,
197 762 230 821 et
237 762 392 831 vestram,
402 763 654 837 vestrorumque
667 775 910 830 successorum,

117 860 231 920 nostra
246 874 265 918 a
279 874 381 929 mera,
398 859 495 929 bona,
512 858 657 935 propria,
678 873 717 918 ae
730 858 911 933 spontanea

115 956 285 1018 voluntate
298 956 620 1033 uobisplacuitdare,
630 956 773 1026 tradere,
782 957 913 1017 etcons·

115 1054 247 1126 tituere,
265 1071 304 1116 ac
315 1054 514 1116 ordinare.»

157 1155 328 1229 «Insuper
343 1152 575 1229 promittimus,
592 1152 624 1212 et
638 1150 822 1228 obligamus
838 1166 909 1221 nos,

117 1249 314 1326 nostrosque
334 1264 545 1311 successores
568 1249 604 1309 in
619 1248 681 1310 boc
699 1248 809 1310 officio
825 1249 913 1309 exti-

115 1349 220 1419 turos,
237 1348 270 1409 et
283 1348 440 1424 populum
460 1349 740 1409 interamnensem
764 1346 857 1407 vobis
872 1348 910 1407 D.

118 1445 286 1521 Raynerio
314 1446 467 1523 episcopo
495 1447 704 1516 Interamnae,
735 1446 768 1505 et
792 1443 912 1506 vestris

115 1539 382 1611 sirccessoribus,
414 1540 578 1615 praesente
611 1539 770 1614 magistro
799 1538 911 1599 Gratia

116 1636 289 1712 capellano
317 1639 355 1698 D.
372 1639 471 1713 Papae
495 1635 696 1712 supradicte,
715 1635 853 1697 verbum
877 1636 911 1696 in

115 1734 274 1795 concione
290 1750 391 1811 super
404 1733 584 1811 praedictis,
601 1735 634 1794 et
655 1733 731 1794 aliis
751 1733 793 1794 ad
807 1750 914 1811 popu·

115 1831 183 1891 lum
195 1835 409 1909 proponente,
424 1834 456 1892 et
472 1832 673 1892 unanimiter
688 1832 808 1908 populo
828 1848 912 1893 con-

115 1930 279 1991 sentiente
298 1929 385 1990 banc
399 1928 561 2000 chartam,
578 1931 611 1991 et
625 1929 791 1991 dationem
807 1929 910 2001 datis,

115 2028 262 2088 omnium
271 2027 504 2104 praedietarum
519 2043 642 2100 rerum,
652 2029 911 2105 possessionum,

114 2125 315 2198 reddituum,
330 2142 369 2187 ac
382 2126 580 2187 statutorum
601 2142 731 2203 semper
744 2127 780 2187 in
794 2142 914 2203 perpe-

112 2225 207 2284 tuum
222 2224 351 2285 firmam
365 2226 489 2297 tenere,
518 2227 552 2286 et
578 2227 693 2286 contra
709 2224 800 2286 nullo
816 2225 913 2285 modo

114 2321 242 2382 venire.
260 2322 351 2394 Quod
367 2324 500 2400 quidem
511 2323 540 2384 si
555 2323 641 2384 banc
657 2322 817 2394 chartam,
832 2325 913 2402 etea

105 2420 189 2496 'quae
214 2421 403 2497 supradicta
427 2423 505 2482 sunt
527 2436 681 2497 rumpere
708 2420 761 2481 vel
779 2419 912 2491 falsare,

116 2517 222 2578 autin
237 2518 349 2594 aliquo
365 2518 540 2580 immutare
563 2518 778 2589 voluerimus,
806 2520 864 2579 aut
885 2519 913 2578 si

115 2614 187 2675 baec
211 2615 369 2691 praedicta
395 2617 431 2676 in
459 2616 563 2688 curia,
582 2615 636 2677 vel
665 2616 761 2676 extra
787 2615 914 2676 curiam

116 2712 289 2788 litigando,
304 2714 362 2774 aut
373 2713 457 2774 alias
473 2713 678 2775 molestando
698 2713 814 2774 venire
839 2714 915 2774 ten-

116 2810 311 2882 taverimus
328 2810 381 2871 vel
396 2811 425 2870 si
438 2826 493 2871 res
505 2810 681 2887 praediotas
696 2810 915 2886 quandocum-

118 2923 181 2984 que
208 2910 241 2969 et
255 2907 452 2985 ubicumque
472 2923 607 2969 necesse
631 2907 730 2969 fuerit
757 2907 798 2968 ab
825 2908 915 2969 omni

116 3004 263 3075 homine,
276 3008 363 3081 iure,
381 3007 414 3067 et
427 3006 526 3067 etiam
544 3006 685 3082 pervim
708 3021 775 3066 non
796 3004 915 3066 defeu-

116 3102 281 3175 deremus,
298 3103 375 3180 quia
395 3104 611 3175 noluerimus,
640 3105 777 3165 autnon
794 3106 913 3181 potue-

115 3200 231 3272 rimus,
250 3217 485 3278 componemus
504 3202 594 3278 ipsas
609 3217 676 3274 res,
692 3218 765 3278 quaa
781 3203 915 3263 evince-

117 3300 233 3360 rentur
261 3299 295 3359 in
317 3299 453 3376 duplum
479 3300 613 3360 nomine
641 3315 745 3371 eanae,
770 3301 914 3375 etpoena

117 3395 237 3467 soluta,
265 3395 337 3457 baec
360 3397 492 3468 charta,
527 3396 561 3456 et
585 3397 696 3457 omnia
726 3397 914 3472 supradicta

118 3493 337 3554 nibilominus
363 3493 458 3553 firma
482 3508 623 3569 semper,
646 3495 679 3554 et
697 3492 825 3554 illibata
838 3511 917 3570 per-

117 3592 284 3652 maneant.
299 3592 369 3652 Nos
383 3591 501 3651 Petrus
512 3590 690 3666 capitanus
705 3591 861 3666 potestas
883 3593 916 3653 et

116 3688 261 3748 lacobus
279 3689 483 3749 camerarius
503 3688 652 3764 praedicti
667 3705 741 3750 cum
763 3690 913 3763 consilia,

118 3785 152 3846 et
174 3786 371 3848 auctoritate
397 3786 664 3848 consiliariorum
681 3788 914 3849 interamnen-

118 3883 216 3956 sium,
231 3884 317 3946 sicut
328 3901 428 3962 supra
445 3885 575 3961 legitur,
592 3883 693 3945 scribi
711 3885 913 3961 rogavimus.

119 3983 187 4056 Ego
211 3984 357 4043 ,ioannes
381 3982 546 4058 imperiali
570 3982 664 4043 curia
688 3983 849 4054 notarius,
875 3982 915 4044 de

118 4079 287 4152 mandato,
297 4082 332 4142 et
342 4080 753 4157 precibus,etauctoritate
769 4082 914 4142 omnium

118 4177 382 4252 supradictorum
399 4177 485 4239 banc
500 4178 660 4250 chartam,
679 4180 713 4239 et
732 4178 843 4238 omnia
858 4194 916 4237 su-

119 4274 270 4350 pradicta
285 4275 415 4351 scripsi,
428 4278 461 4336 et
476 4275 509 4335 iu
527 4272 692 4351 publicam
706 4275 846 4336 formam
861 4290 917 4336 re-

120 4371 236 4445 degi.»

160 4468 251 4530 Nulli
264 4484 343 4543 ergo
358 4469 492 4530 omnino
507 4468 688 4541 bominum,
705 4471 767 4530 eto.

159 4567 277 4626 Datum
302 4567 458 4628 Laterani
486 4567 631 4627 secundo
660 4567 735 4627 idus
757 4566 916 4629 februarii

119 4664 329 4740 pontificatus
345 4664 450 4726 nostri
465 4680 552 4725 anno
568 4664 678 4726 tertio.

259 5004 310 5061 Ad
327 5004 521 5075 episcopum
544 5005 775 5078 Engoltsmen.

418 5124 450 5181 12
468 5121 522 5181 seb.
541 5125 618 5182 1219.

152 5239 271 5301 [Regest.,
283 5236 327 5287 lib.
338 5238 382 5294 111,
390 5238 463 5303 epist.
477 5238 532 5287 aot.
546 5240 601 5288 blss.
613 5241 648 5290 La
657 5241 732 5291 Parte
743 5241 777 5291 du
789 5239 883 5301 Thell]

120 5347 155 5402 lit
165 5345 192 5401 iu
204 5344 555 5419 presbyterum'fbomarm
564 5347 734 5406 inonacbum
742 5349 769 5406 S.
777 5347 915 5418 amantii,

415 5444 612 5509 promoveant.

160 5544 338 5616 Honorius,
362 5544 437 5615 etc,
464 5545 648 5608 venerabili
674 5546 803 5609 fratri...
826 5546 917 5623 epis-

119 5659 202 5718 copo
215 5642 436 5717 Engolismeu.

731 304 905 366 llONORII
927 305 972 364 111
993 307 1143 367 orbita.
1706 309 1749 368 lat

1005 464 1148 528 Thomas
1180 465 1363 527 monachus
1401 465 1513 528 Sancti
1546 466 1692 527 amantii
1719 468 1749 530 de

965 563 1072 623 Buxia
1088 563 1260 640 proposuit
1272 579 1384 624 eoram
1401 563 1510 635 nobis,
1528 563 1617 641 quod
1642 579 1712 624 cum
1724 565 1749 626 in

967 660 1065 721 annis
1080 662 1168 721 esset
1184 661 1367 738 puerilibus
1387 663 1597 733 constitutus,
1616 662 1750 738 quadan

965 756 1065 818 barra
1091 758 1201 819 ferrea
1229 775 1329 835 super
1356 758 1501 820 dexterae
1516 775 1586 819 suae
1613 758 1750 836 pollicem

966 855 1101 917 fortuito
1129 872 1211 917 casu
1234 856 1368 927 cadens,
1396 857 1554 933 ungulam
1570 857 1693 918 evulsit
1715 858 1749 920 ab

966 969 1016 1014 ea.
1033 955 1113 1013 Cum
1133 957 1243 1016 autem
1268 954 1446 1026 desideret,
1467 955 1555 1016 sicut
1574 956 1704 1026 asserit,
1721 955 1751 1017 in

966 1049 1164 1111 sacerdolali
1189 1050 1299 1112 officio
1320 1051 1458 1112 Domino
1483 1050 1655 1123 famulari,
1670 1051 1750 1115 nobis

966 1148 1352 1226 liumilitersupplicavit,
1367 1150 1515 1225 ulperte.
1529 1150 1586 1226 qui
1600 1152 1675 1226 ejus
1686 1149 1750 1212 dio·

966 1262 1106 1307 cosanus
1115 1246 1243 1317 existis,
1256 1247 1445 1323 promoveri
1457 1263 1532 1307 eum
1546 1247 1580 1306 in
1593 1242 1762 1323 presbytes-⁴

965 1358 1039 1404 rum
1053 1343 1296 1405 mandaremus.
1311 1344 1472 1416 Quocirca
1485 1344 1688 1406 fraternitati
1697 1346 1748 1408 tue

966 1442 1225 1517 perbpostolica
1236 1441 1359 1518 scripta
1370 1441 1576 1512 mandamus,
1588 1443 1746 1519 quatenus,

966 1539 995 1598 si
1008 1539 1049 1599 ad
1056 1539 1273 1615 frangendum
1287 1538 1529 1599 Eucharistiam
1541 1540 1587 1600 sit
1602 1539 1748 1616 inpollice

967 1636 1747 1713 ipsopotens‚etalindcanonicumnonobsistat,
1788 1692 1790 1697 .

967 1735 1101 1810 propter
1128 1734 1368 1795 deformitatem
1396 1733 1589 1811 hujusmodi
1619 1751 1684 1796 non
1704 1735 1748 1796 di-

967 1831 1078 1893 mittas
1102 1831 1182 1908 quin
1210 1848 1284 1892 eum
1313 1832 1353 1893 ad
1383 1832 1533 1893 ordinem
1568 1848 1749 1909 promoveas

967 1929 1161 1991 sacerdotis.
1192 1931 1309 1991 batum
1335 1931 1492 1992 Laterani
1519 1929 1667 1992 seeundo
1687 1931 1750 1992 idus

967 2025 1128 2088 februarii
1143 2043 1231 2088 anno
1241 2029 1350 2089 tertio.
1783 2008 1788 2029 ⁸

1306 2178 1424 2264 CXXI

1008 2305 1060 2364 Ad
1079 2303 1234 2364 abbatem
1248 2303 1282 2363 et
1296 2303 1501 2363 collocutum
1516 2303 1717 2364 moraesterii

1075 2401 1210 2461 Sartctae
1224 2403 1350 2460 Murice
1363 2402 1404 2460 de
1424 2402 1668 2461 il'ollsolderos.

1261 2512 1293 2570 13
1308 2511 1377 2569 febr.
1395 2512 1473 2569 1119.

1058 2617 1138 2683 [frid.
1153 2617 1283 2682 [ludolphi
1296 2619 1381 2669 Gotba
1391 2618 1567 2682 diplomatica,
1581 2619 1615 2678 Il,
1624 2617 1689 2683 202]

969 2720 1049 2790 ipsos
1064 2715 1256 2790 pmtegendos
1271 2718 1389 2788 suscipit
1407 2731 1565 2788 omnesque
1580 2731 1679 2774 eorum
1692 2730 1748 2788 poe·

994 2806 1140 2863 sessiones
1153 2820 1187 2862 ae
1198 2805 1283 2871 bmm,
1296 2805 1398 2877 inruet
1410 2805 1561 2878 privilegia
1576 2805 1728 2862 coufirmat

1008 2914 1187 2985 Honorius,
1210 2915 1285 2982 eto,
1303 2913 1430 2975 dilectis
1451 2914 1530 2974 filiis
1553 2912 1662 2975 abbati
1686 2928 1746 2974 mo·

969 3012 1108 3073 nasterii
1134 3011 1174 3072 de
1198 3011 1416 3072 l'olkolderos
1441 3013 1578 3087 eJusque
1595 3009 1746 3081 fratribus,

968 3111 1035 3170 tam
1062 3108 1279 3185 praesentibus
1305 3124 1409 3185 quam
1430 3108 1550 3169 futuris
1573 3108 1745 3184 regularem

968 3208 1070 3268 vitam
1084 3206 1252 3283 professis.
1269 3208 1293 3266 l.
1309 3207 1350 3265 N.
1367 3208 1405 3265 P.
1422 3208 1458 3265 P.
1476 3207 1522 3265 M.

1010 3304 1212 3379 Religiosam
1242 3304 1343 3364 vitam
1372 3302 1572 3377 eligentibus
1604 3299 1745 3379 apostoli·

969 3418 1043 3462 cum
1068 3401 1222 3462 convenit
1244 3400 1365 3461 adesse
1382 3400 1586 3478 praesidium,
1614 3398 1745 3462 neforto

969 3498 1147 3575 quuslibet
1167 3498 1361 3559 temeritatis
1395 3498 1549 3558 incursus
1579 3502 1638 3559 aut
1662 3508 1744 3559 eosa

969 3596 1139 3674 proposito
1157 3596 1300 3666 revocet,
1327 3597 1385 3656 aut
1405 3595 1517 3666 robur,
1540 3595 1628 3672 quod
1649 3598 1740 3657 tamon

969 3693 1066 3765 absit,
1083 3707 1187 3753 sacrae
1200 3692 1372 3767 religionis
1388 3691 1559 3767 infringat.
1590 3695 1743 3768 Quaprop-

968 3792 1031 3863 ter,
1056 3790 1168 3851 dilecti
1193 3791 1226 3850 iu
1254 3789 1393 3850 Domino
1421 3789 1493 3861 filii,
1519 3791 1643 3850 vestris
1664 3786 1743 3865 justis
1786 3796 1790 3807 ·

969 3887 1245 3966 postulationibus
1258 3888 1440 3948 clementer
1454 3888 1638 3947 annuimus
1649 3887 1679 3947 et
1690 3898 1744 3945 mo·

969 3986 1152 4047 nasterium
1168 3986 1290 4045 sanctae
1307 3984 1366 4045 Dei
1381 3984 1553 4060 genitricis
1569 3988 1604 4046 et
1617 3979 1743 4058 Virginis

968 4083 1084 4144 Mariae
1108 4082 1148 4142 de
1168 4081 1387 4143 Volkolderos
1412 4081 1445 4141 in
1466 4097 1530 4157 quo
1552 4082 1666 4142 divino
1683 4075 1744 4141 estis

970 4181 1128 4258 obsequio
1143 4180 1321 4256 mancipati
1333 4179 1394 4239 sub
1406 4178 1494 4240 beati
1508 4179 1599 4240 Petri
1611 4182 1645 4241 et
1653 4178 1745 4239 nostra

969 4278 1176 4355 protectione
1191 4278 1390 4354 suscipimus
1410 4278 1443 4337 et
1459 4277 1636 4353 praesentis
1651 4266 1745 4350 scripti

969 4375 1147 4454 privilegio
1162 4375 1413 4435 communimus.

1010 4477 1047 4535 Iu
1076 4472 1192 4550 primis
1221 4472 1382 4548 siquidem
1407 4472 1593 4533 statuentes
1619 4475 1655 4534 ut
1682 4465 1746 4531 ordo

970 4571 1186 4641 monasticus,
1212 4571 1267 4646 qui
1292 4568 1472 4630 secuudum
1495 4572 1601 4630 Deum
1620 4572 1654 4632 et
1677 4558 1749 4628 beati

971 4668 1139 4729 Benedicti
1159 4667 1308 4752 regulam
1324 4668 1424 4743 atque
1436 4667 1680 4728 institutionem
1692 4664 1751 4725 cis·

970 4766 1185 4828 tereiensium
1201 4765 1236 4825 in
1247 4764 1362 4825 eodem
1375 4764 1579 4826 monasterio
1597 4763 1751 4827 institutus

971 4880 1044 4925 esse
1058 4862 1262 4938 dignoscitur
1277 4862 1445 4939 perpetuis
1460 4861 1583 4923 ibidem
1603 4857 1751 4940 tempori·

970 4961 1031 5021 bus
1048 4960 1285 5022 inviolabiliter
1299 4960 1504 5021 observetur.

1011 5060 1177 5119 Praeterea
1192 5074 1416 5136 quascumque
1429 5057 1670 5134 possessiones,
1680 5066 1754 5134 qua·

971 5172 1111 5232 cumque
1125 5155 1209 5216 bona
1221 5155 1308 5216 idem
1320 5155 1557 5217 monasterium
1568 5155 1606 5215 in
1618 5166 1755 5233 praesen·

969 5255 1092 5316 tiaram
1115 5254 1206 5329 Juste
1229 5269 1268 5314 ac
1290 5255 1448 5314 canonice
1476 5252 1638 5329 possidet,
1652 5253 1707 5313 aut
1726 5248 1766 5323 io,

970 5352 1118 5413 futurum
1134 5350 1348 5412 concessione
1367 5350 1571 5427 pontificum,
1589 5349 1754 5427 largitione

970 5465 1084 5523 regum
1100 5449 1152 5509 vel
1166 5449 1362 5525 principum,
1374 5447 1541 5509 oblatione
1551 5447 1753 5509 fideliumsev

971 5547 1048 5608 aliis
1061 5547 1161 5623 justis
1177 5547 1282 5608 modis
1298 5546 1475 5625 praestante
1491 5547 1632 5607 Domino
1647 5534 1755 5623 poterit

971 5645 1123 5722 adipisci,
1141 5645 1236 5707 firma
1249 5645 1341 5706 vobis
1358 5644 1543 5721 vestrisque
1559 5637 1751 5705 successori·
