<?xml version="1.0" encoding="UTF-8"?>
<!DOCTYPE html PUBLIC "-//W3C//DTD XHTML 1.0 Transitional//EN"
    "http://www.w3.org/TR/xhtml1/DTD/xhtml1-transitional.dtd">
<html xmlns="http://www.w3.org/1999/xhtml" xml:lang="en" lang="en">
 <head>
  <title>
</title>
<meta http-equiv="Content-Type" content="text/html;charset=utf-8" />
  <meta name='ocr-system' content='tesseract 3.04.00' />
  <meta name='ocr-capabilities' content='ocr_page ocr_carea ocr_par ocr_line ocrx_word'/>
</head>
<body>
  <div class='ocr_page' id='page_1' title='image "./mediiaevibiblio00horogoog_0246.png"; bbox 0 0 3774 6186; ppageno 0'>
   <div class='ocr_carea' id='block_1_1' title="bbox 91 306 1721 372">
    <p class='ocr_par' dir='ltr' id='par_1_1' title="bbox 91 306 1721 372">
     <span class='ocr_line' id='line_1_1' title="bbox 91 306 1721 372; baseline 0.001 -2"><span class='ocrx_word' id='word_1_1' title='bbox 91 307 132 371; x_wconf 78' lang='lat'><strong>57</strong></span> <span class='ocrx_word' id='word_1_2' title='bbox 691 306 1021 369; x_wconf 76' lang='lat' dir='ltr'><strong>ssP1sT0hAE.Llu.</strong></span> <span class='ocrx_word' id='word_1_3' title='bbox 1046 310 1099 369; x_wconf 87' lang='lat' dir='ltr'><strong>IV.</strong></span> <span class='ocrx_word' id='word_1_4' title='bbox 1661 308 1721 372; x_wconf 76' lang='lat' dir='ltr'><strong>tos</strong></span> 
     </span>
    </p>
   </div>
   <div class='ocr_carea' id='block_1_2' title="bbox 90 452 1723 1516">
    <p class='ocr_par' dir='ltr' id='par_1_2' title="bbox 90 452 1723 1516">
     <span class='ocr_line' id='line_1_2' title="bbox 91 452 1721 549; baseline 0.002 -22"><span class='ocrx_word' id='word_1_5' title='bbox 91 465 241 529; x_wconf 82' lang='lat' dir='ltr'><strong>caudatis</strong></span> <span class='ocrx_word' id='word_1_6' title='bbox 254 466 407 529; x_wconf 90' lang='lat' dir='ltr'><strong>omnibus</strong></span> <span class='ocrx_word' id='word_1_7' title='bbox 420 482 495 544; x_wconf 65' lang='lat' dir='ltr'><strong>quas</strong></span> <span class='ocrx_word' id='word_1_8' title='bbox 510 483 583 538; x_wconf 91' lang='lat' dir='ltr'><strong>nos,</strong></span> <span class='ocrx_word' id='word_1_9' title='bbox 605 466 658 527; x_wconf 90' lang='lat' dir='ltr'><strong>vel</strong></span> <span class='ocrx_word' id='word_1_10' title='bbox 679 465 753 542; x_wconf 90' lang='lat' dir='ltr'><strong>ipse</strong></span> <span class='ocrx_word' id='word_1_11' title='bbox 774 466 870 541; x_wconf 80' lang='lat' dir='ltr'><strong>lega·</strong></span> <span class='ocrx_word' id='word_1_12' title='bbox 923 466 1024 540; x_wconf 82' lang='lat' dir='ltr'><strong>ravit,</strong></span> <span class='ocrx_word' id='word_1_13' title='bbox 1035 468 1229 545; x_wconf 87' lang='lat' dir='ltr'><strong>jamdudum</strong></span> <span class='ocrx_word' id='word_1_14' title='bbox 1247 469 1432 549; x_wconf 78' lang='lat' dir='ltr'><strong>justissime</strong></span> <span class='ocrx_word' id='word_1_15' title='bbox 1458 469 1565 546; x_wconf 87' lang='lat' dir='ltr'><strong>potuit</strong></span> <span class='ocrx_word' id='word_1_16' title='bbox 1589 471 1622 531; x_wconf 91' lang='lat' dir='ltr'><strong>te</strong></span> <span class='ocrx_word' id='word_1_17' title='bbox 1649 452 1721 547; x_wconf 64' lang='lat' dir='ltr'><strong>priss</strong></span> 
     </span>
     <span class='ocr_line' id='line_1_3' title="bbox 91 563 1718 643; baseline 0.001 -18"><span class='ocrx_word' id='word_1_18' title='bbox 91 580 138 633; x_wconf 88' lang='lat' dir='ltr'><strong>us,</strong></span> <span class='ocrx_word' id='word_1_19' title='bbox 173 563 267 626; x_wconf 91' lang='lat' dir='ltr'><strong>vobis</strong></span> <span class='ocrx_word' id='word_1_20' title='bbox 301 564 496 631; x_wconf 77' lang='lat' dir='ltr'><strong>duxerimus</strong></span> <span class='ocrx_word' id='word_1_21' title='bbox 533 563 685 625; x_wconf 86' lang='lat' dir='ltr'><strong>iacienda</strong></span> <span class='ocrx_word' id='word_1_22' title='bbox 715 580 723 624; x_wconf 92' lang='lat'><strong>:</strong></span> <span class='ocrx_word' id='word_1_23' title='bbox 753 563 867 625; x_wconf 88' lang='lat' dir='ltr'><strong>scien·</strong></span> <span class='ocrx_word' id='word_1_24' title='bbox 923 579 1014 624; x_wconf 88' lang='lat' dir='ltr'><strong>vare.</strong></span> <span class='ocrx_word' id='word_1_25' title='bbox 1023 564 1259 627; x_wconf 78' lang='lat' dir='ltr'><strong>Adhucaotem</strong></span> <span class='ocrx_word' id='word_1_26' title='bbox 1272 567 1419 643; x_wconf 73' lang='lat' dir='ltr'><strong>experiri</strong></span> <span class='ocrx_word' id='word_1_27' title='bbox 1429 568 1590 638; x_wconf 69' lang='lat' dir='ltr'><strong>volentes,</strong></span> <span class='ocrx_word' id='word_1_28' title='bbox 1608 569 1718 628; x_wconf 88' lang='lat' dir='ltr'><strong>utram</strong></span> 
     </span>
     <span class='ocr_line' id='line_1_4' title="bbox 91 659 1720 742; baseline 0.002 -20"><span class='ocrx_word' id='word_1_29' title='bbox 91 676 135 735; x_wconf 87' lang='lat' dir='ltr'><strong>es,</strong></span> <span class='ocrx_word' id='word_1_30' title='bbox 151 663 240 722; x_wconf 90' lang='lat' dir='ltr'><strong>etc...</strong></span> <span class='ocrx_word' id='word_1_31' title='bbox 253 661 409 738; x_wconf 83' lang='lat' dir='ltr'><strong>Alioquin</strong></span> <span class='ocrx_word' id='word_1_32' title='bbox 419 678 479 738; x_wconf 93' lang='lat' dir='ltr'><strong>pro</strong></span> <span class='ocrx_word' id='word_1_33' title='bbox 488 663 579 723; x_wconf 90' lang='lat' dir='ltr'><strong>certo</strong></span> <span class='ocrx_word' id='word_1_34' title='bbox 595 661 767 731; x_wconf 87' lang='lat' dir='ltr'><strong>noveritis,</strong></span> <span class='ocrx_word' id='word_1_35' title='bbox 781 659 867 737; x_wconf 90' lang='lat' dir='ltr'><strong>quod</strong></span> <span class='ocrx_word' id='word_1_36' title='bbox 923 660 1044 723; x_wconf 89' lang='lat' dir='ltr'><strong>blanda</strong></span> <span class='ocrx_word' id='word_1_37' title='bbox 1069 664 1205 724; x_wconf 90' lang='lat' dir='ltr'><strong>monitio</strong></span> <span class='ocrx_word' id='word_1_38' title='bbox 1232 665 1382 726; x_wconf 90' lang='lat' dir='ltr'><strong>emollire</strong></span> <span class='ocrx_word' id='word_1_39' title='bbox 1411 665 1515 742; x_wconf 79' lang='lat' dir='ltr'>possit</span> <span class='ocrx_word' id='word_1_40' title='bbox 1533 665 1643 726; x_wconf 89' lang='lat' dir='ltr'><strong>cordis</strong></span> <span class='ocrx_word' id='word_1_41' title='bbox 1671 665 1720 726; x_wconf 91' lang='lat' dir='ltr'><strong>tul</strong></span> 
     </span>
     <span class='ocr_line' id='line_1_5' title="bbox 91 759 1722 838; baseline 0.007 -25"><span class='ocrx_word' id='word_1_42' title='bbox 91 759 242 821; x_wconf 76' lang='lat' dir='ltr'><strong>naedictae</strong></span> <span class='ocrx_word' id='word_1_43' title='bbox 256 759 428 834; x_wconf 78' lang='lat' dir='ltr'><strong>dignitatis</strong></span> <span class='ocrx_word' id='word_1_44' title='bbox 441 759 569 820; x_wconf 90' lang='lat' dir='ltr'><strong>honore</strong></span> <span class='ocrx_word' id='word_1_45' title='bbox 591 759 758 820; x_wconf 89' lang='lat' dir='ltr'><strong>civitatem</strong></span> <span class='ocrx_word' id='word_1_46' title='bbox 787 773 868 818; x_wconf 92' lang='lat' dir='ltr'><strong>ves·</strong></span> <span class='ocrx_word' id='word_1_47' title='bbox 924 759 1092 831; x_wconf 90' lang='lat' dir='ltr'><strong>duritiam,</strong></span> <span class='ocrx_word' id='word_1_48' title='bbox 1108 763 1206 838; x_wconf 89' lang='lat' dir='ltr'><strong>teque</strong></span> <span class='ocrx_word' id='word_1_49' title='bbox 1223 763 1264 822; x_wconf 91' lang='lat' dir='ltr'><strong>ad</strong></span> <span class='ocrx_word' id='word_1_50' title='bbox 1282 763 1372 823; x_wconf 89' lang='lat' dir='ltr'><strong>viam</strong></span> <span class='ocrx_word' id='word_1_51' title='bbox 1395 763 1605 825; x_wconf 79' lang='lat' dir='ltr'><strong>rectitudinis</strong></span> <span class='ocrx_word' id='word_1_52' title='bbox 1623 779 1722 824; x_wconf 90' lang='lat' dir='ltr'><strong>revo-</strong></span> 
     </span>
     <span class='ocr_line' id='line_1_6' title="bbox 91 854 1721 933; baseline 0.002 -16"><span class='ocrx_word' id='word_1_53' title='bbox 91 872 160 917; x_wconf 91' lang='lat' dir='ltr'><strong>ram</strong></span> <span class='ocrx_word' id='word_1_54' title='bbox 173 855 389 933; x_wconf 89' lang='lat' dir='ltr'><strong>privabimus,</strong></span> <span class='ocrx_word' id='word_1_55' title='bbox 406 859 478 932; x_wconf 88' lang='lat' dir='ltr'><strong>ejus</strong></span> <span class='ocrx_word' id='word_1_56' title='bbox 493 857 662 919; x_wconf 80' lang='lat' dir='ltr'><strong>diaecesim</strong></span> <span class='ocrx_word' id='word_1_57' title='bbox 684 871 759 917; x_wconf 90' lang='lat' dir='ltr'><strong>eum</strong></span> <span class='ocrx_word' id='word_1_58' title='bbox 784 854 871 916; x_wconf 87' lang='lat' dir='ltr'><strong>vici·</strong></span> <span class='ocrx_word' id='word_1_59' title='bbox 924 857 1360 931; x_wconf 74' lang='lat' dir='ltr'><strong>carenotumtibilacimus,</strong></span> <span class='ocrx_word' id='word_1_60' title='bbox 1372 876 1544 922; x_wconf 90' lang='lat' dir='ltr'><strong>monemus</strong></span> <span class='ocrx_word' id='word_1_61' title='bbox 1558 860 1721 923; x_wconf 86' lang='lat' dir='ltr'><strong>etexhor·</strong></span> 
     </span>
     <span class='ocr_line' id='line_1_7' title="bbox 91 952 1721 1035; baseline 0.004 -20"><span class='ocrx_word' id='word_1_62' title='bbox 91 955 130 1015; x_wconf 81' lang='lat' dir='ltr'><strong>vis</strong></span> <span class='ocrx_word' id='word_1_63' title='bbox 142 952 342 1015; x_wconf 87' lang='lat' dir='ltr'><strong>dioecesibus</strong></span> <span class='ocrx_word' id='word_1_64' title='bbox 356 953 574 1030; x_wconf 88' lang='lat' dir='ltr'><strong>applicantes,</strong></span> <span class='ocrx_word' id='word_1_65' title='bbox 591 969 632 1015; x_wconf 87' lang='lat' dir='ltr'><strong>ao</strong></span> <span class='ocrx_word' id='word_1_66' title='bbox 649 953 787 1029; x_wconf 90' lang='lat' dir='ltr'><strong>iusuper</strong></span> <span class='ocrx_word' id='word_1_67' title='bbox 811 966 869 1028; x_wconf 87' lang='lat' dir='ltr'><strong>per</strong></span> <span class='ocrx_word' id='word_1_68' title='bbox 925 955 1077 1015; x_wconf 87' lang='lat' dir='ltr'><strong>tamurin</strong></span> <span class='ocrx_word' id='word_1_69' title='bbox 1089 956 1239 1028; x_wconf 87' lang='lat' dir='ltr'><strong>Domino,</strong></span> <span class='ocrx_word' id='word_1_70' title='bbox 1256 972 1315 1033; x_wconf 92' lang='lat' dir='ltr'><strong>per</strong></span> <span class='ocrx_word' id='word_1_71' title='bbox 1330 957 1513 1034; x_wconf 90' lang='lat' dir='ltr'><strong>apostolica</strong></span> <span class='ocrx_word' id='word_1_72' title='bbox 1528 959 1721 1035; x_wconf 91' lang='lat' dir='ltr'><strong>tibiscripta</strong></span> 
     </span>
     <span class='ocr_line' id='line_1_8' title="bbox 91 1049 1723 1133; baseline 0.003 -20"><span class='ocrx_word' id='word_1_73' title='bbox 91 1051 273 1113; x_wconf 55' lang='lat' dir='ltr'><strong>ocentiam</strong></span> <span class='ocrx_word' id='word_1_74' title='bbox 300 1067 459 1128; x_wconf 79' lang='lat' dir='ltr'><strong>expresse</strong></span> <span class='ocrx_word' id='word_1_75' title='bbox 486 1050 580 1113; x_wconf 91' lang='lat' dir='ltr'><strong>vobis</strong></span> <span class='ocrx_word' id='word_1_76' title='bbox 604 1049 869 1127; x_wconf 86' lang='lat' dir='ltr'><strong>abjudicabimus</strong></span> <span class='ocrx_word' id='word_1_77' title='bbox 925 1052 1130 1121; x_wconf 82' lang='lat' dir='ltr'><strong>mandantes,</strong></span> <span class='ocrx_word' id='word_1_78' title='bbox 1147 1054 1321 1130; x_wconf 87' lang='lat' dir='ltr'><strong>quatenus,</strong></span> <span class='ocrx_word' id='word_1_79' title='bbox 1339 1056 1425 1133; x_wconf 89' lang='lat' dir='ltr'><strong>apud</strong></span> <span class='ocrx_word' id='word_1_80' title='bbox 1445 1057 1600 1132; x_wconf 89' lang='lat' dir='ltr'><strong>teipsum</strong></span> <span class='ocrx_word' id='word_1_81' title='bbox 1625 1072 1723 1118; x_wconf 89' lang='lat' dir='ltr'><strong>reco-</strong></span> 
     </span>
     <span class='ocr_line' id='line_1_9' title="bbox 91 1147 1721 1231; baseline 0.005 -25"><span class='ocrx_word' id='word_1_82' title='bbox 91 1150 189 1209; x_wconf 75' lang='lat' dir='ltr'><strong>»mnia</strong></span> <span class='ocrx_word' id='word_1_83' title='bbox 200 1149 286 1209; x_wconf 92' lang='lat' dir='ltr'><strong>bona</strong></span> <span class='ocrx_word' id='word_1_84' title='bbox 297 1151 418 1220; x_wconf 92' lang='lat' dir='ltr'><strong>vestra,</strong></span> <span class='ocrx_word' id='word_1_85' title='bbox 430 1165 529 1227; x_wconf 87' lang='lat' dir='ltr'><strong>quum</strong></span> <span class='ocrx_word' id='word_1_86' title='bbox 540 1150 691 1211; x_wconf 89' lang='lat' dir='ltr'><strong>etvestra</strong></span> <span class='ocrx_word' id='word_1_87' title='bbox 704 1147 871 1224; x_wconf 90' lang='lat' dir='ltr'><strong>perversi·</strong></span> <span class='ocrx_word' id='word_1_88' title='bbox 924 1149 1035 1226; x_wconf 84' lang='lat' dir='ltr'><strong>gitans</strong></span> <span class='ocrx_word' id='word_1_89' title='bbox 1060 1151 1175 1228; x_wconf 88' lang='lat' dir='ltr'><strong>quanti</strong></span> <span class='ocrx_word' id='word_1_90' title='bbox 1192 1153 1330 1226; x_wconf 89' lang='lat' dir='ltr'><strong>periculi</strong></span> <span class='ocrx_word' id='word_1_91' title='bbox 1347 1153 1391 1214; x_wconf 88' lang='lat' dir='ltr'><strong>sit</strong></span> <span class='ocrx_word' id='word_1_92' title='bbox 1405 1153 1491 1230; x_wconf 87' lang='lat' dir='ltr'><strong>quod</strong></span> <span class='ocrx_word' id='word_1_93' title='bbox 1510 1154 1669 1231; x_wconf 86' lang='lat' dir='ltr'><strong>praecisus</strong></span> <span class='ocrx_word' id='word_1_94' title='bbox 1684 1168 1721 1214; x_wconf 90' lang='lat' dir='ltr'><strong>es</strong></span> 
     </span>
     <span class='ocr_line' id='line_1_10' title="bbox 90 1245 1721 1322; baseline 0.004 -15"><span class='ocrx_word' id='word_1_95' title='bbox 90 1262 140 1319; x_wconf 90' lang='lat' dir='ltr'><strong>as,</strong></span> <span class='ocrx_word' id='word_1_96' title='bbox 164 1248 196 1308; x_wconf 84' lang='lat' dir='ltr'><strong>et</strong></span> <span class='ocrx_word' id='word_1_97' title='bbox 224 1248 382 1308; x_wconf 86' lang='lat' dir='ltr'><strong>statutam</strong></span> <span class='ocrx_word' id='word_1_98' title='bbox 408 1245 574 1321; x_wconf 79' lang='lat' dir='ltr'><strong>generalis</strong></span> <span class='ocrx_word' id='word_1_99' title='bbox 595 1245 735 1306; x_wconf 80' lang='lat' dir='ltr'><strong>Consilii</strong></span> <span class='ocrx_word' id='word_1_100' title='bbox 756 1247 870 1306; x_wconf 90' lang='lat' dir='ltr'><strong>contra</strong></span> <span class='ocrx_word' id='word_1_101' title='bbox 925 1247 967 1309; x_wconf 91' lang='lat' dir='ltr'><strong>ab</strong></span> <span class='ocrx_word' id='word_1_102' title='bbox 982 1249 1208 1311; x_wconf 88' lang='lat' dir='ltr'><strong>ecclesiastica</strong></span> <span class='ocrx_word' id='word_1_103' title='bbox 1222 1252 1361 1322; x_wconf 87' lang='lat' dir='ltr'><strong>unitate,</strong></span> <span class='ocrx_word' id='word_1_104' title='bbox 1376 1252 1416 1311; x_wconf 90' lang='lat' dir='ltr'><strong>ad</strong></span> <span class='ocrx_word' id='word_1_105' title='bbox 1432 1252 1540 1312; x_wconf 90' lang='lat' dir='ltr'><strong>sinum</strong></span> <span class='ocrx_word' id='word_1_106' title='bbox 1553 1250 1721 1322; x_wconf 71' lang='lat' dir='ltr'><strong>Ecclesiae,</strong></span> 
     </span>
     <span class='ocr_line' id='line_1_11' title="bbox 91 1342 1723 1424; baseline 0.002 -20"><span class='ocrx_word' id='word_1_107' title='bbox 91 1358 225 1405; x_wconf 71' lang='lat' dir='ltr'><strong>naereses</strong></span> <span class='ocrx_word' id='word_1_108' title='bbox 233 1347 266 1405; x_wconf 89' lang='lat' dir='ltr'><strong>et</strong></span> <span class='ocrx_word' id='word_1_109' title='bbox 276 1346 552 1406; x_wconf 91' lang='lat' dir='ltr'><strong>eorumauctores</strong></span> <span class='ocrx_word' id='word_1_110' title='bbox 563 1344 687 1405; x_wconf 88' lang='lat' dir='ltr'><strong>editum</strong></span> <span class='ocrx_word' id='word_1_111' title='bbox 698 1342 731 1403; x_wconf 90' lang='lat' dir='ltr'><strong>id</strong></span> <span class='ocrx_word' id='word_1_112' title='bbox 747 1357 871 1419; x_wconf 79' lang='lat' dir='ltr'><strong>expos-</strong></span> <span class='ocrx_word' id='word_1_113' title='bbox 926 1361 999 1422; x_wconf 76' lang='lat' dir='ltr'><strong>quae</strong></span> <span class='ocrx_word' id='word_1_114' title='bbox 1015 1349 1135 1423; x_wconf 87' lang='lat' dir='ltr'><strong>parata</strong></span> <span class='ocrx_word' id='word_1_115' title='bbox 1151 1349 1201 1408; x_wconf 92' lang='lat' dir='ltr'><strong>est</strong></span> <span class='ocrx_word' id='word_1_116' title='bbox 1228 1348 1377 1424; x_wconf 88' lang='lat' dir='ltr'><strong>recipere</strong></span> <span class='ocrx_word' id='word_1_117' title='bbox 1403 1348 1591 1421; x_wconf 88' lang='lat' dir='ltr'><strong>redeuntes,</strong></span> <span class='ocrx_word' id='word_1_118' title='bbox 1610 1347 1723 1409; x_wconf 93' lang='lat' dir='ltr'><strong>humi-</strong></span> 
     </span>
     <span class='ocr_line' id='line_1_12' title="bbox 91 1442 1723 1516; baseline 0.003 -14"><span class='ocrx_word' id='word_1_119' title='bbox 91 1443 193 1502; x_wconf 78' lang='lat' dir='ltr'><strong>ant...</strong></span> <span class='ocrx_word' id='word_1_120' title='bbox 210 1444 344 1502; x_wconf 70' lang='lat' dir='ltr'><strong>cratero</strong></span> <span class='ocrx_word' id='word_1_121' title='bbox 358 1442 492 1502; x_wconf 80' lang='lat' dir='ltr'><strong>desunt.</strong></span> <span class='ocrx_word' id='word_1_122' title='bbox 925 1442 1003 1504; x_wconf 90' lang='lat' dir='ltr'><strong>liter</strong></span> <span class='ocrx_word' id='word_1_123' title='bbox 1017 1445 1210 1516; x_wconf 76' lang='lat' dir='ltr'><strong>revertaris,</strong></span> <span class='ocrx_word' id='word_1_124' title='bbox 1221 1445 1253 1504; x_wconf 90' lang='lat' dir='ltr'><strong>in</strong></span> <span class='ocrx_word' id='word_1_125' title='bbox 1270 1444 1424 1505; x_wconf 85' lang='lat' dir='ltr'><strong>manibus</strong></span> <span class='ocrx_word' id='word_1_126' title='bbox 1437 1445 1638 1508; x_wconf 87' lang='lat' dir='ltr'><strong>venerabilis</strong></span> <span class='ocrx_word' id='word_1_127' title='bbox 1653 1446 1723 1507; x_wconf 78' lang='lat' dir='ltr'><strong>lha-</strong></span> 
     </span>
    </p>
   </div>
   <div class='ocr_carea' id='block_1_3' title="bbox 118 1541 1718 1642">
    <p class='ocr_par' dir='ltr' id='par_1_3' title="bbox 118 1541 1718 1642">
     <span class='ocr_line' id='line_1_13' title="bbox 118 1541 1718 1642; baseline -0.004 -16"><span class='ocrx_word' id='word_1_128' title='bbox 118 1563 723 1642; x_wconf 81' lang='lat' dir='ltr'><strong>Ineontdentntodttmscriptumest</strong></span> <span class='ocrx_word' id='word_1_129' title='bbox 744 1578 870 1622; x_wconf 90' lang='lat' dir='ltr'><strong>consu·</strong></span> <span class='ocrx_word' id='word_1_130' title='bbox 926 1541 987 1601; x_wconf 62' lang='lat' dir='ltr'><strong>ms</strong></span> <span class='ocrx_word' id='word_1_131' title='bbox 1013 1542 1118 1602; x_wconf 64' lang='lat' dir='ltr'><strong>¹¹⁰⁸ffl</strong></span> <span class='ocrx_word' id='word_1_132' title='bbox 1148 1544 1182 1602; x_wconf 78' lang='lat' dir='ltr'><strong>C·</strong></span> <span class='ocrx_word' id='word_1_133' title='bbox 1209 1543 1402 1603; x_wconf 63' lang='lat' dir='ltr'><strong>POPiUOUSiS</strong></span> <span class='ocrx_word' id='word_1_134' title='bbox 1429 1543 1592 1620; x_wconf 68' lang='lat' dir='ltr'><strong>el&gt;i⁸0⁰ll12</strong></span> <span class='ocrx_word' id='word_1_135' title='bbox 1620 1546 1658 1604; x_wconf 72' lang='grc' dir='ltr'><strong>Α·</strong></span> <span class='ocrx_word' id='word_1_136' title='bbox 1685 1545 1718 1604; x_wconf 79' lang='lat' dir='ltr'><strong>S·</strong></span> 
     </span>
    </p>
   </div>
   <div class='ocr_carea' id='block_1_4' title="bbox 91 1638 1726 1837">
    <p class='ocr_par' dir='ltr' id='par_1_4' title="bbox 91 1638 1726 1837">
     <span class='ocr_line' id='line_1_14' title="bbox 91 1638 1722 1738; baseline -0.006 -15"><span class='ocrx_word' id='word_1_137' title='bbox 91 1662 167 1723; x_wconf 93' lang='lat' dir='ltr'><strong>ibus</strong></span> <span class='ocrx_word' id='word_1_138' title='bbox 185 1664 220 1724; x_wconf 89' lang='lat' dir='ltr'><strong>et</strong></span> <span class='ocrx_word' id='word_1_139' title='bbox 236 1663 357 1738; x_wconf 89' lang='lat' dir='ltr'><strong>populo</strong></span> <span class='ocrx_word' id='word_1_140' title='bbox 372 1663 603 1730; x_wconf 81' lang='lat' dir='ltr'><strong>Nemausensi,</strong></span> <span class='ocrx_word' id='word_1_141' title='bbox 622 1660 814 1723; x_wconf 90' lang='lat' dir='ltr'><strong>consulibus</strong></span> <span class='ocrx_word' id='word_1_142' title='bbox 840 1662 873 1721; x_wconf 88' lang='lat' dir='ltr'><strong>et</strong></span> <span class='ocrx_word' id='word_1_143' title='bbox 927 1638 1040 1713; x_wconf 62' lang='lat' dir='ltr'><strong>legistis</strong></span> <span class='ocrx_word' id='word_1_144' title='bbox 1058 1641 1198 1716; x_wconf 83' lang='lat' dir='ltr'><strong>praeciso</strong></span> <span class='ocrx_word' id='word_1_145' title='bbox 1218 1640 1364 1717; x_wconf 71' lang='lat' dir='ltr'><strong>l&#39;lfflffldo</strong></span> <span class='ocrx_word' id='word_1_146' title='bbox 1378 1643 1411 1703; x_wconf 71' lang='grc' dir='ltr'><strong>θῖ</strong></span> <span class='ocrx_word' id='word_1_147' title='bbox 1428 1643 1615 1717; x_wconf 66' lang='lat' dir='ltr'><strong>lllaesiflssdo</strong></span> <span class='ocrx_word' id='word_1_148' title='bbox 1636 1642 1722 1703; x_wconf 65' lang='lat' dir='ltr'><strong>ilias</strong></span> 
     </span>
     <span class='ocr_line' id='line_1_15' title="bbox 91 1736 1726 1837; baseline -0.007 -28"><span class='ocrx_word' id='word_1_149' title='bbox 91 1760 202 1837; x_wconf 75' lang='lat' dir='ltr'><strong>‚oputo</strong></span> <span class='ocrx_word' id='word_1_150' title='bbox 215 1759 449 1821; x_wconf 62' lang='lat' dir='ltr'><strong>avenionensi,</strong></span> <span class='ocrx_word' id='word_1_151' title='bbox 927 1736 1064 1797; x_wconf 69' lang='lat' dir='ltr'><strong>idoneam</strong></span> <span class='ocrx_word' id='word_1_152' title='bbox 1088 1738 1269 1809; x_wconf 86' lang='lat' dir='ltr'><strong>cautiones,</strong></span> <span class='ocrx_word' id='word_1_153' title='bbox 1287 1739 1374 1815; x_wconf 89' lang='lat' dir='ltr'><strong>quod</strong></span> <span class='ocrx_word' id='word_1_154' title='bbox 1397 1739 1530 1816; x_wconf 87' lang='lat' dir='ltr'><strong>parebis</strong></span> <span class='ocrx_word' id='word_1_155' title='bbox 1554 1738 1726 1802; x_wconf 89' lang='lat' dir='ltr'><strong>mandatis·</strong></span> 
     </span>
    </p>
   </div>
   <div class='ocr_carea' id='block_1_5' title="bbox 927 1834 1813 1913">
    <p class='ocr_par' dir='ltr' id='par_1_5' title="bbox 927 1834 1813 1913">
     <span class='ocr_line' id='line_1_16' title="bbox 927 1834 1813 1913; baseline 0.005 -19"><span class='ocrx_word' id='word_1_156' title='bbox 927 1834 1080 1894; x_wconf 88' lang='lat' dir='ltr'><strong>omnibus</strong></span> <span class='ocrx_word' id='word_1_157' title='bbox 1099 1851 1172 1912; x_wconf 85' lang='lat' dir='ltr'><strong>quae</strong></span> <span class='ocrx_word' id='word_1_158' title='bbox 1195 1852 1255 1897; x_wconf 92' lang='lat' dir='ltr'><strong>nos</strong></span> <span class='ocrx_word' id='word_1_159' title='bbox 1279 1838 1312 1897; x_wconf 89' lang='lat' dir='ltr'><strong>et</strong></span> <span class='ocrx_word' id='word_1_160' title='bbox 1339 1836 1410 1913; x_wconf 90' lang='lat' dir='ltr'><strong>ipse</strong></span> <span class='ocrx_word' id='word_1_161' title='bbox 1434 1837 1495 1898; x_wconf 89' lang='lat' dir='ltr'><strong>tibi</strong></span> <span class='ocrx_word' id='word_1_162' title='bbox 1524 1836 1719 1899; x_wconf 81' lang='lat' dir='ltr'><strong>duxerimus</strong></span> <span class='ocrx_word' id='word_1_163' title='bbox 1798 1899 1813 1909; x_wconf 74' lang='grc'>,</span> 
     </span>
    </p>
   </div>
   <div class='ocr_carea' id='block_1_6' title="bbox 927 1930 1720 2202">
    <p class='ocr_par' dir='ltr' id='par_1_6' title="bbox 927 1930 1720 2202">
     <span class='ocr_line' id='line_1_17' title="bbox 928 1930 1720 2012; baseline 0.005 -20"><span class='ocrx_word' id='word_1_164' title='bbox 928 1930 1077 1993; x_wconf 88' lang='lat' dir='ltr'><strong>iacienda</strong></span> <span class='ocrx_word' id='word_1_165' title='bbox 1096 1934 1237 2004; x_wconf 74' lang='lat' dir='ltr'><strong>:sciens</strong></span> <span class='ocrx_word' id='word_1_166' title='bbox 1252 1934 1351 2012; x_wconf 88' lang='lat' dir='ltr'><strong>quod,</strong></span> <span class='ocrx_word' id='word_1_167' title='bbox 1369 1935 1409 2006; x_wconf 90' lang='lat' dir='ltr'><strong>sl,</strong></span> <span class='ocrx_word' id='word_1_168' title='bbox 1426 1950 1508 1996; x_wconf 90' lang='lat' dir='ltr'><strong>sano</strong></span> <span class='ocrx_word' id='word_1_169' title='bbox 1520 1951 1601 1996; x_wconf 88' lang='lat' dir='ltr'><strong>usus</strong></span> <span class='ocrx_word' id='word_1_170' title='bbox 1612 1935 1720 1996; x_wconf 90' lang='lat' dir='ltr'><strong>cousi·</strong></span> 
     </span>
     <span class='ocr_line' id='line_1_18' title="bbox 927 2017 1718 2108; baseline 0.006 -20"><span class='ocrx_word' id='word_1_171' title='bbox 927 2028 984 2101; x_wconf 90' lang='lat' dir='ltr'><strong>lio‚</strong></span> <span class='ocrx_word' id='word_1_172' title='bbox 1005 2029 1091 2091; x_wconf 86' lang='lat' dir='ltr'><strong>intra</strong></span> <span class='ocrx_word' id='word_1_173' title='bbox 1107 2045 1252 2091; x_wconf 89' lang='lat' dir='ltr'><strong>mensem</strong></span> <span class='ocrx_word' id='word_1_174' title='bbox 1275 2017 1406 2092; x_wconf 85' lang='lat' dir='ltr'><strong>leceris</strong></span> <span class='ocrx_word' id='word_1_175' title='bbox 1420 2032 1506 2108; x_wconf 82' lang='lat' dir='ltr'><strong>quod</strong></span> <span class='ocrx_word' id='word_1_176' title='bbox 1536 2018 1718 2103; x_wconf 81' lang='lat' dir='ltr'><strong>hortamur,</strong></span> 
     </span>
     <span class='ocr_line' id='line_1_19' title="bbox 929 2126 1719 2202; baseline 0.006 -16"><span class='ocrx_word' id='word_1_177' title='bbox 929 2142 988 2188; x_wconf 90' lang='lat' dir='ltr'><strong>nos</strong></span> <span class='ocrx_word' id='word_1_178' title='bbox 1001 2128 1134 2188; x_wconf 90' lang='lat' dir='ltr'><strong>tuorum</strong></span> <span class='ocrx_word' id='word_1_179' title='bbox 1158 2126 1394 2189; x_wconf 91' lang='lat' dir='ltr'><strong>obliviscemur</strong></span> <span class='ocrx_word' id='word_1_180' title='bbox 1408 2145 1594 2202; x_wconf 82' lang='lat' dir='ltr'><strong>excessum,</strong></span> <span class='ocrx_word' id='word_1_181' title='bbox 1621 2130 1654 2191; x_wconf 90' lang='lat' dir='ltr'><strong>et</strong></span> <span class='ocrx_word' id='word_1_182' title='bbox 1676 2130 1719 2190; x_wconf 92' lang='lat' dir='ltr'><strong>ad</strong></span> 
     </span>
    </p>
   </div>
   <div class='ocr_carea' id='block_1_7' title="bbox 415 1937 532 2023">
    <p class='ocr_par' dir='ltr' id='par_1_7' title="bbox 415 1937 532 2023">
     <span class='ocr_line' id='line_1_20' title="bbox 415 1937 532 2023; baseline 0.009 -1"><span class='ocrx_word' id='word_1_183' title='bbox 415 1937 532 2023; x_wconf 78' lang='lat' dir='ltr'>CLXI</span> 
     </span>
    </p>
   </div>
   <div class='ocr_carea' id='block_1_8' title="bbox 132 2068 811 2144">
    <p class='ocr_par' dir='ltr' id='par_1_8' title="bbox 132 2068 811 2144">
     <span class='ocr_line' id='line_1_21' title="bbox 132 2068 811 2144; baseline -0.007 -12"><span class='ocrx_word' id='word_1_184' title='bbox 132 2073 184 2133; x_wconf 82' lang='lat' dir='ltr'><strong>Ad</strong></span> <span class='ocrx_word' id='word_1_185' title='bbox 209 2071 450 2144; x_wconf 73' lang='lat' dir='ltr'><strong>Runmtntdam</strong></span> <span class='ocrx_word' id='word_1_186' title='bbox 475 2070 590 2141; x_wconf 75' lang='lat' dir='ltr'><strong>sitirent</strong></span> <span class='ocrx_word' id='word_1_187' title='bbox 606 2068 811 2142; x_wconf 70' lang='lat' dir='ltr'><strong>anemonae.</strong></span> 
     </span>
    </p>
   </div>
   <div class='ocr_carea' id='block_1_9' title="bbox 370 2178 584 2252">
    <p class='ocr_par' dir='ltr' id='par_1_9' title="bbox 370 2178 584 2252">
     <span class='ocr_line' id='line_1_22' title="bbox 370 2178 584 2252; baseline -0.009 -15"><span class='ocrx_word' id='word_1_188' title='bbox 370 2179 404 2237; x_wconf 78' lang='lat' dir='ltr'><strong>aa</strong></span> <span class='ocrx_word' id='word_1_189' title='bbox 416 2178 492 2252; x_wconf 74' lang='lat' dir='ltr'><strong>iunii</strong></span> <span class='ocrx_word' id='word_1_190' title='bbox 506 2179 584 2237; x_wconf 76' lang='lat' dir='ltr'><strong>tato.</strong></span> 
     </span>
    </p>
   </div>
   <div class='ocr_carea' id='block_1_10' title="bbox 91 2281 872 2430">
    <p class='ocr_par' dir='ltr' id='par_1_10' title="bbox 91 2281 872 2430">
     <span class='ocr_line' id='line_1_23' title="bbox 91 2281 872 2353; baseline -0.012 -14"><span class='ocrx_word' id='word_1_191' title='bbox 91 2290 217 2353; x_wconf 61' lang='lat' dir='ltr'><strong>moueat,</strong></span> <span class='ocrx_word' id='word_1_192' title='bbox 225 2287 300 2344; x_wconf 84' lang='lat' dir='ltr'><strong>ibid..</strong></span> <span class='ocrx_word' id='word_1_193' title='bbox 310 2302 335 2351; x_wconf 93' lang='lat' dir='ltr'><strong>p.</strong></span> <span class='ocrx_word' id='word_1_194' title='bbox 342 2286 400 2347; x_wconf 83' lang='lat' dir='ltr'><strong>tol;</strong></span> <span class='ocrx_word' id='word_1_195' title='bbox 413 2285 535 2344; x_wconf 66' lang='lat' dir='ltr'><strong>t‘atssave</strong></span> <span class='ocrx_word' id='word_1_196' title='bbox 547 2284 609 2334; x_wconf 85' lang='lat' dir='ltr'><strong>llist.</strong></span> <span class='ocrx_word' id='word_1_197' title='bbox 619 2283 653 2333; x_wconf 90' lang='lat' dir='ltr'><strong>du</strong></span> <span class='ocrx_word' id='word_1_198' title='bbox 663 2281 821 2346; x_wconf 77' lang='lat' dir='ltr'><strong>bangucdoc,</strong></span> <span class='ocrx_word' id='word_1_199' title='bbox 830 2281 872 2336; x_wconf 91' lang='lat' dir='ltr'><strong>lll.</strong></span> 
     </span>
     <span class='ocr_line' id='line_1_24' title="bbox 394 2364 566 2430; baseline -0.006 -15"><span class='ocrx_word' id='word_1_200' title='bbox 394 2379 484 2430; x_wconf 80' lang='lat' dir='ltr'><strong>prens.</strong></span> <span class='ocrx_word' id='word_1_201' title='bbox 499 2364 566 2429; x_wconf 66' lang='lat'><strong>268]</strong></span> 
     </span>
    </p>
   </div>
   <div class='ocr_carea' id='block_1_11' title="bbox 929 2225 1719 2402">
    <p class='ocr_par' dir='ltr' id='par_1_11' title="bbox 929 2225 1719 2402">
     <span class='ocr_line' id='line_1_25' title="bbox 929 2225 1719 2305; baseline 0.008 -23"><span class='ocrx_word' id='word_1_202' title='bbox 929 2225 1153 2302; x_wconf 85' lang='lat' dir='ltr'><strong>provisionem</strong></span> <span class='ocrx_word' id='word_1_203' title='bbox 1163 2227 1253 2287; x_wconf 89' lang='lat' dir='ltr'><strong>tuam</strong></span> <span class='ocrx_word' id='word_1_204' title='bbox 1268 2227 1308 2288; x_wconf 93' lang='lat' dir='ltr'><strong>de</strong></span> <span class='ocrx_word' id='word_1_205' title='bbox 1323 2243 1388 2303; x_wconf 87' lang='lat' dir='ltr'><strong>qua</strong></span> <span class='ocrx_word' id='word_1_206' title='bbox 1404 2227 1505 2288; x_wconf 87' lang='lat' dir='ltr'><strong>Sedes</strong></span> <span class='ocrx_word' id='word_1_207' title='bbox 1519 2227 1719 2305; x_wconf 74' lang='lat' dir='ltr'><strong>apostolica,</strong></span> 
     </span>
     <span class='ocr_line' id='line_1_26' title="bbox 929 2323 1719 2402; baseline 0.003 -18"><span class='ocrx_word' id='word_1_208' title='bbox 929 2325 965 2384; x_wconf 90' lang='lat' dir='ltr'><strong>ut</strong></span> <span class='ocrx_word' id='word_1_209' title='bbox 987 2323 1181 2400; x_wconf 86' lang='lat' dir='ltr'><strong>praedictum</strong></span> <span class='ocrx_word' id='word_1_210' title='bbox 1202 2326 1263 2396; x_wconf 89' lang='lat' dir='ltr'><strong>est,</strong></span> <span class='ocrx_word' id='word_1_211' title='bbox 1290 2325 1343 2400; x_wconf 92' lang='lat' dir='ltr'><strong>pie</strong></span> <span class='ocrx_word' id='word_1_212' title='bbox 1368 2324 1410 2385; x_wconf 89' lang='lat' dir='ltr'><strong>ab</strong></span> <span class='ocrx_word' id='word_1_213' title='bbox 1439 2325 1536 2386; x_wconf 92' lang='lat' dir='ltr'><strong>initio</strong></span> <span class='ocrx_word' id='word_1_214' title='bbox 1551 2325 1719 2402; x_wconf 81' lang='lat' dir='ltr'><strong>cogitavit,</strong></span> 
     </span>
    </p>
   </div>
   <div class='ocr_carea' id='block_1_12' title="bbox 91 2458 877 2896">
    <p class='ocr_par' dir='ltr' id='par_1_12' title="bbox 91 2458 877 2896">
     <span class='ocr_line' id='line_1_27' title="bbox 91 2458 871 2539; baseline -0.013 -14"><span class='ocrx_word' id='word_1_215' title='bbox 91 2469 176 2525; x_wconf 76' lang='lat' dir='ltr'><strong>tonet</strong></span> <span class='ocrx_word' id='word_1_216' title='bbox 191 2463 391 2539; x_wconf 82' lang='lat' dir='ltr'><strong>llaymundum</strong></span> <span class='ocrx_word' id='word_1_217' title='bbox 407 2463 495 2520; x_wconf 85' lang='lat' dir='ltr'><strong>illium</strong></span> <span class='ocrx_word' id='word_1_218' title='bbox 509 2461 634 2536; x_wconf 81' lang='lat' dir='ltr'><strong>pontifex</strong></span> <span class='ocrx_word' id='word_1_219' title='bbox 654 2466 684 2518; x_wconf 91' lang='lat' dir='ltr'><strong>ut</strong></span> <span class='ocrx_word' id='word_1_220' title='bbox 697 2458 762 2518; x_wconf 89' lang='lat' dir='ltr'><strong>Sedi</strong></span> <span class='ocrx_word' id='word_1_221' title='bbox 780 2459 871 2530; x_wconf 78' lang='lat' dir='ltr'><strong>Apos-</strong></span> 
     </span>
     <span class='ocr_line' id='line_1_28' title="bbox 114 2548 872 2625; baseline -0.011 -12"><span class='ocrx_word' id='word_1_222' title='bbox 114 2557 206 2614; x_wconf 83' lang='lat' dir='ltr'><strong>tolicae</strong></span> <span class='ocrx_word' id='word_1_223' title='bbox 220 2553 336 2611; x_wconf 88' lang='lat' dir='ltr'><strong>tandem</strong></span> <span class='ocrx_word' id='word_1_224' title='bbox 355 2553 532 2625; x_wconf 88' lang='lat' dir='ltr'><strong>obtemperet</strong></span> <span class='ocrx_word' id='word_1_225' title='bbox 551 2558 579 2610; x_wconf 89' lang='lat' dir='ltr'><strong>et</strong></span> <span class='ocrx_word' id='word_1_226' title='bbox 594 2549 630 2608; x_wconf 88' lang='lat' dir='ltr'><strong>ad</strong></span> <span class='ocrx_word' id='word_1_227' title='bbox 653 2550 747 2607; x_wconf 90' lang='lat' dir='ltr'><strong>sinum</strong></span> <span class='ocrx_word' id='word_1_228' title='bbox 776 2548 872 2606; x_wconf 85' lang='lat' dir='ltr'><strong>Eccle-</strong></span> 
     </span>
     <span class='ocr_line' id='line_1_29' title="bbox 114 2635 873 2713; baseline -0.013 -11"><span class='ocrx_word' id='word_1_229' title='bbox 114 2646 167 2702; x_wconf 78' lang='lat' dir='ltr'><strong>sia</strong></span> <span class='ocrx_word' id='word_1_230' title='bbox 180 2651 359 2701; x_wconf 85' lang='lat' dir='ltr'><strong>revertatur:</strong></span> <span class='ocrx_word' id='word_1_231' title='bbox 377 2642 502 2713; x_wconf 80' lang='lat' dir='ltr'><strong>alioquin</strong></span> <span class='ocrx_word' id='word_1_232' title='bbox 517 2656 552 2698; x_wconf 89' lang='lat' dir='ltr'><strong>ex</strong></span> <span class='ocrx_word' id='word_1_233' title='bbox 567 2655 600 2697; x_wconf 90' lang='lat' dir='ltr'><strong>ea</strong></span> <span class='ocrx_word' id='word_1_234' title='bbox 617 2646 690 2696; x_wconf 87' lang='lat' dir='ltr'><strong>terra</strong></span> <span class='ocrx_word' id='word_1_235' title='bbox 707 2639 777 2695; x_wconf 90' lang='lat' dir='ltr'><strong>ultra</strong></span> <span class='ocrx_word' id='word_1_236' title='bbox 798 2635 873 2693; x_wconf 84' lang='lat' dir='ltr'><strong>liho-</strong></span> 
     </span>
     <span class='ocr_line' id='line_1_30' title="bbox 115 2724 874 2805; baseline -0.013 -15"><span class='ocrx_word' id='word_1_237' title='bbox 115 2734 222 2791; x_wconf 90' lang='lat' dir='ltr'><strong>dauum</strong></span> <span class='ocrx_word' id='word_1_238' title='bbox 237 2730 424 2805; x_wconf 86' lang='lat' dir='ltr'><strong>dejiciendus,</strong></span> <span class='ocrx_word' id='word_1_239' title='bbox 455 2744 552 2802; x_wconf 77' lang='lat' dir='ltr'><strong>uttam,</strong></span> <span class='ocrx_word' id='word_1_240' title='bbox 580 2728 692 2785; x_wconf 76' lang='lat' dir='ltr'><strong>ceteris</strong></span> <span class='ocrx_word' id='word_1_241' title='bbox 711 2724 874 2798; x_wconf 81' lang='lat' dir='ltr'><strong>deperditis,</strong></span> 
     </span>
     <span class='ocr_line' id='line_1_31' title="bbox 116 2817 877 2896; baseline -0.012 -17"><span class='ocrx_word' id='word_1_242' title='bbox 116 2820 301 2896; x_wconf 75' lang='lat' dir='ltr'><strong>ltapvuundus</strong></span> <span class='ocrx_word' id='word_1_243' title='bbox 316 2828 406 2893; x_wconf 85' lang='lat' dir='ltr'><strong>pater,</strong></span> <span class='ocrx_word' id='word_1_244' title='bbox 421 2818 587 2891; x_wconf 79' lang='lat' dir='ltr'><strong>indulgente</strong></span> <span class='ocrx_word' id='word_1_245' title='bbox 602 2817 730 2875; x_wconf 82' lang='lat' dir='ltr'><strong>Ecclesia</strong></span> <span class='ocrx_word' id='word_1_246' title='bbox 748 2817 877 2872; x_wconf 85' lang='lat' dir='ltr'><strong>homana</strong></span> 
     </span>
    </p>
   </div>
   <div class='ocr_carea' id='block_1_13' title="bbox 928 2421 1725 2893">
    <p class='ocr_par' dir='ltr' id='par_1_13' title="bbox 928 2421 1725 2893">
     <span class='ocr_line' id='line_1_32' title="bbox 928 2421 1723 2500; baseline 0.003 -18"><span class='ocrx_word' id='word_1_247' title='bbox 928 2421 1040 2482; x_wconf 88' lang='lat' dir='ltr'><strong>taliter</strong></span> <span class='ocrx_word' id='word_1_248' title='bbox 1061 2421 1279 2494; x_wconf 87' lang='lat' dir='ltr'><strong>intendemus,</strong></span> <span class='ocrx_word' id='word_1_249' title='bbox 1296 2422 1382 2500; x_wconf 87' lang='lat' dir='ltr'><strong>quod</strong></span> <span class='ocrx_word' id='word_1_250' title='bbox 1409 2424 1558 2484; x_wconf 86' lang='lat' dir='ltr'><strong>Romana</strong></span> <span class='ocrx_word' id='word_1_251' title='bbox 1575 2423 1723 2485; x_wconf 79' lang='lat' dir='ltr'><strong>Ecclesia</strong></span> 
     </span>
     <span class='ocr_line' id='line_1_33' title="bbox 929 2519 1720 2596; baseline 0.005 -17"><span class='ocrx_word' id='word_1_252' title='bbox 929 2521 1055 2593; x_wconf 80' lang='lat' dir='ltr'><strong>ergata</strong></span> <span class='ocrx_word' id='word_1_253' title='bbox 1075 2519 1190 2580; x_wconf 89' lang='lat' dir='ltr'><strong>matris</strong></span> <span class='ocrx_word' id='word_1_254' title='bbox 1206 2520 1335 2582; x_wconf 90' lang='lat' dir='ltr'><strong>viscera</strong></span> <span class='ocrx_word' id='word_1_255' title='bbox 1365 2520 1521 2583; x_wconf 80' lang='lat' dir='ltr'><strong>fateberis</strong></span> <span class='ocrx_word' id='word_1_256' title='bbox 1545 2519 1720 2596; x_wconf 84' lang='lat' dir='ltr'><strong>habuisse3</strong></span> 
     </span>
     <span class='ocr_line' id='line_1_34' title="bbox 930 2616 1723 2697; baseline 0.004 -20"><span class='ocrx_word' id='word_1_257' title='bbox 930 2617 1076 2693; x_wconf 87' lang='lat' dir='ltr'><strong>alioquin</strong></span> <span class='ocrx_word' id='word_1_258' title='bbox 1092 2616 1215 2678; x_wconf 88' lang='lat' dir='ltr'><strong>habeas</strong></span> <span class='ocrx_word' id='word_1_259' title='bbox 1231 2634 1290 2694; x_wconf 93' lang='lat' dir='ltr'><strong>pro</strong></span> <span class='ocrx_word' id='word_1_260' title='bbox 1306 2618 1482 2691; x_wconf 86' lang='lat' dir='ltr'><strong>constanti,</strong></span> <span class='ocrx_word' id='word_1_261' title='bbox 1510 2618 1596 2697; x_wconf 88' lang='lat' dir='ltr'><strong>quod</strong></span> <span class='ocrx_word' id='word_1_262' title='bbox 1622 2619 1723 2681; x_wconf 90' lang='lat' dir='ltr'><strong>etiam</strong></span> 
     </span>
     <span class='ocr_line' id='line_1_35' title="bbox 932 2715 1725 2794; baseline 0.009 -23"><span class='ocrx_word' id='word_1_263' title='bbox 932 2717 1181 2790; x_wconf 70' lang='lat' dir='ltr'><strong>sptereservutae</strong></span> <span class='ocrx_word' id='word_1_264' title='bbox 1195 2715 1396 2792; x_wconf 90' lang='lat' dir='ltr'><strong>provisionis</strong></span> <span class='ocrx_word' id='word_1_265' title='bbox 1416 2719 1448 2777; x_wconf 92' lang='lat' dir='ltr'><strong>te</strong></span> <span class='ocrx_word' id='word_1_266' title='bbox 1463 2716 1598 2778; x_wconf 91' lang='lat' dir='ltr'><strong>omnino</strong></span> <span class='ocrx_word' id='word_1_267' title='bbox 1611 2717 1725 2794; x_wconf 88' lang='lat' dir='ltr'><strong>priva·</strong></span> 
     </span>
     <span class='ocr_line' id='line_1_36' title="bbox 931 2811 1725 2893; baseline 0.004 -22"><span class='ocrx_word' id='word_1_268' title='bbox 931 2811 1050 2883; x_wconf 91' lang='lat' dir='ltr'><strong>bimus,</strong></span> <span class='ocrx_word' id='word_1_269' title='bbox 1062 2815 1095 2873; x_wconf 92' lang='lat' dir='ltr'><strong>et</strong></span> <span class='ocrx_word' id='word_1_270' title='bbox 1109 2829 1169 2889; x_wconf 89' lang='lat' dir='ltr'><strong>per</strong></span> <span class='ocrx_word' id='word_1_271' title='bbox 1183 2813 1380 2874; x_wconf 88' lang='lat' dir='ltr'><strong>sententiam</strong></span> <span class='ocrx_word' id='word_1_272' title='bbox 1395 2814 1624 2890; x_wconf 85' lang='lat' dir='ltr'><strong>expressatibl</strong></span> <span class='ocrx_word' id='word_1_273' title='bbox 1634 2812 1725 2893; x_wconf 88' lang='lat' dir='ltr'><strong>abju-</strong></span> 
     </span>
    </p>
   </div>
   <div class='ocr_carea' id='block_1_14' title="bbox 91 2909 1728 3586">
    <p class='ocr_par' dir='ltr' id='par_1_14' title="bbox 91 2909 1725 3281">
     <span class='ocr_line' id='line_1_37' title="bbox 931 2909 1725 2974; baseline 0.006 -5"><span class='ocrx_word' id='word_1_274' title='bbox 931 2909 1116 2970; x_wconf 88' lang='lat' dir='ltr'><strong>dicabimus</strong></span> <span class='ocrx_word' id='word_1_275' title='bbox 1131 2911 1231 2971; x_wconf 91' lang='lat' dir='ltr'><strong>etiam</strong></span> <span class='ocrx_word' id='word_1_276' title='bbox 1246 2911 1368 2972; x_wconf 89' lang='lat' dir='ltr'><strong>dictam</strong></span> <span class='ocrx_word' id='word_1_277' title='bbox 1385 2914 1508 2973; x_wconf 91' lang='lat' dir='ltr'><strong>terram</strong></span> <span class='ocrx_word' id='word_1_278' title='bbox 1524 2911 1608 2974; x_wconf 89' lang='lat' dir='ltr'><strong>citra</strong></span> <span class='ocrx_word' id='word_1_279' title='bbox 1632 2912 1725 2974; x_wconf 89' lang='lat' dir='ltr'><strong>Rho·</strong></span> 
     </span>
     <span class='ocr_line' id='line_1_38' title="bbox 932 3007 1721 3081; baseline 0.005 -14"><span class='ocrx_word' id='word_1_280' title='bbox 932 3007 1052 3068; x_wconf 90' lang='lat' dir='ltr'><strong>danum</strong></span> <span class='ocrx_word' id='word_1_281' title='bbox 1088 3008 1296 3069; x_wconf 82' lang='lat' dir='ltr'><strong>existentem.</strong></span> <span class='ocrx_word' id='word_1_282' title='bbox 1332 3010 1400 3069; x_wconf 88' lang='lat' dir='ltr'><strong>Nec</strong></span> <span class='ocrx_word' id='word_1_283' title='bbox 1431 3009 1579 3070; x_wconf 81' lang='lat' dir='ltr'><strong>confidas</strong></span> <span class='ocrx_word' id='word_1_284' title='bbox 1607 3009 1642 3070; x_wconf 90' lang='lat' dir='ltr'><strong>in</strong></span> <span class='ocrx_word' id='word_1_285' title='bbox 1671 3026 1721 3081; x_wconf 91' lang='lat' dir='ltr'><strong>eo,</strong></span> 
     </span>
     <span class='ocr_line' id='line_1_39' title="bbox 91 3104 1725 3194; baseline -0.007 -15"><span class='ocrx_word' id='word_1_286' title='bbox 91 3119 152 3180; x_wconf 90' lang='lat' dir='ltr'><strong>llio</strong></span> <span class='ocrx_word' id='word_1_287' title='bbox 168 3120 207 3179; x_wconf 85' lang='lat' dir='ltr'><strong>R.</strong></span> <span class='ocrx_word' id='word_1_288' title='bbox 223 3116 388 3194; x_wconf 89' lang='lat' dir='ltr'><strong>quondam</strong></span> <span class='ocrx_word' id='word_1_289' title='bbox 416 3113 546 3176; x_wconf 91' lang='lat' dir='ltr'><strong>comitis</strong></span> <span class='ocrx_word' id='word_1_290' title='bbox 571 3111 740 3179; x_wconf 87' lang='lat' dir='ltr'><strong>Tolosaui,</strong></span> <span class='ocrx_word' id='word_1_291' title='bbox 771 3109 876 3186; x_wconf 89' lang='lat' dir='ltr'><strong>spiri·</strong></span> <span class='ocrx_word' id='word_1_292' title='bbox 932 3104 1019 3182; x_wconf 87' lang='lat' dir='ltr'><strong>quod</strong></span> <span class='ocrx_word' id='word_1_293' title='bbox 1040 3120 1127 3165; x_wconf 87' lang='lat' dir='ltr'><strong>nunc</strong></span> <span class='ocrx_word' id='word_1_294' title='bbox 1153 3104 1213 3165; x_wconf 89' lang='lat' dir='ltr'><strong>tibi</strong></span> <span class='ocrx_word' id='word_1_295' title='bbox 1243 3105 1445 3167; x_wconf 88' lang='lat' dir='ltr'><strong>successisse</strong></span> <span class='ocrx_word' id='word_1_296' title='bbox 1462 3106 1604 3178; x_wconf 89' lang='lat' dir='ltr'><strong>videtur,</strong></span> <span class='ocrx_word' id='word_1_297' title='bbox 1630 3108 1725 3184; x_wconf 89' lang='lat' dir='ltr'><strong>quasi</strong></span> 
     </span>
     <span class='ocr_line' id='line_1_40' title="bbox 93 3202 1725 3281; baseline -0.007 -4"><span class='ocrx_word' id='word_1_298' title='bbox 93 3234 150 3278; x_wconf 90' lang='lat' dir='ltr'><strong>um</strong></span> <span class='ocrx_word' id='word_1_299' title='bbox 166 3214 299 3278; x_wconf 88' lang='lat' dir='ltr'><strong>consilii</strong></span> <span class='ocrx_word' id='word_1_300' title='bbox 317 3211 475 3274; x_wconf 90' lang='lat' dir='ltr'><strong>sanioris.</strong></span> <span class='ocrx_word' id='word_1_301' title='bbox 932 3204 1048 3263; x_wconf 90' lang='lat' dir='ltr'><strong>contra</strong></span> <span class='ocrx_word' id='word_1_302' title='bbox 1061 3202 1288 3263; x_wconf 85' lang='lat' dir='ltr'><strong>Deum-valeas</strong></span> <span class='ocrx_word' id='word_1_303' title='bbox 1302 3203 1503 3280; x_wconf 79' lang='lat' dir='ltr'><strong>praevalere3</strong></span> <span class='ocrx_word' id='word_1_304' title='bbox 1520 3204 1609 3281; x_wconf 89' lang='lat' dir='ltr'><strong>quia,</strong></span> <span class='ocrx_word' id='word_1_305' title='bbox 1627 3205 1654 3265; x_wconf 93' lang='lat' dir='ltr'><strong>si</strong></span> <span class='ocrx_word' id='word_1_306' title='bbox 1666 3204 1725 3266; x_wconf 92' lang='lat' dir='ltr'><strong>tibi</strong></span> 
     </span>
    </p>

    <p class='ocr_par' dir='ltr' id='par_1_15' title="bbox 91 3299 1728 3586">
     <span class='ocr_line' id='line_1_41' title="bbox 118 3299 1728 3385; baseline -0.009 -9"><span class='ocrx_word' id='word_1_307' title='bbox 118 3316 203 3376; x_wconf 88' lang='lat' dir='ltr'><strong>Cum</strong></span> <span class='ocrx_word' id='word_1_308' title='bbox 215 3312 334 3374; x_wconf 84' lang='lat' dir='ltr'><strong>Tolosa</strong></span> <span class='ocrx_word' id='word_1_309' title='bbox 351 3309 462 3372; x_wconf 84' lang='lat' dir='ltr'><strong>atalia</strong></span> <span class='ocrx_word' id='word_1_310' title='bbox 479 3310 566 3370; x_wconf 89' lang='lat' dir='ltr'><strong>terra</strong></span> <span class='ocrx_word' id='word_1_311' title='bbox 582 3323 680 3385; x_wconf 91' lang='lat' dir='ltr'><strong>quam</strong></span> <span class='ocrx_word' id='word_1_312' title='bbox 695 3305 877 3383; x_wconf 89' lang='lat' dir='ltr'><strong>patertuus</strong></span> <span class='ocrx_word' id='word_1_313' title='bbox 932 3299 1116 3377; x_wconf 89' lang='lat' dir='ltr'><strong>abjudicari</strong></span> <span class='ocrx_word' id='word_1_314' title='bbox 1141 3300 1318 3377; x_wconf 78' lang='lat' dir='ltr'><strong>contigerit</strong></span> <span class='ocrx_word' id='word_1_315' title='bbox 1341 3302 1464 3362; x_wconf 90' lang='lat' dir='ltr'><strong>terram</strong></span> <span class='ocrx_word' id='word_1_316' title='bbox 1488 3301 1604 3377; x_wconf 81' lang='lat' dir='ltr'><strong>ipsam,</strong></span> <span class='ocrx_word' id='word_1_317' title='bbox 1630 3318 1728 3362; x_wconf 83' lang='lat' dir='ltr'><strong>ntim-</strong></span> 
     </span>
     <span class='ocr_line' id='line_1_42' title="bbox 91 3397 1727 3476; baseline -0.01 -1"><span class='ocrx_word' id='word_1_318' title='bbox 91 3414 170 3475; x_wconf 89' lang='lat' dir='ltr'><strong>tltra</strong></span> <span class='ocrx_word' id='word_1_319' title='bbox 185 3411 381 3473; x_wconf 84' lang='lat' dir='ltr'><strong>Rhodanum</strong></span> <span class='ocrx_word' id='word_1_320' title='bbox 395 3406 549 3476; x_wconf 88' lang='lat' dir='ltr'><strong>obtinuit,</strong></span> <span class='ocrx_word' id='word_1_321' title='bbox 567 3405 674 3465; x_wconf 88' lang='lat' dir='ltr'><strong>sibiet</strong></span> <span class='ocrx_word' id='word_1_322' title='bbox 689 3402 877 3464; x_wconf 67' lang='lat' dir='ltr'><strong>haeredibus</strong></span> <span class='ocrx_word' id='word_1_323' title='bbox 932 3413 1031 3474; x_wconf 91' lang='lat' dir='ltr'><strong>quam</strong></span> <span class='ocrx_word' id='word_1_324' title='bbox 1062 3397 1154 3457; x_wconf 89' lang='lat' dir='ltr'><strong>illam</strong></span> <span class='ocrx_word' id='word_1_325' title='bbox 1184 3399 1491 3459; x_wconf 79' lang='lat' dir='ltr'><strong>excommunicatus</strong></span> <span class='ocrx_word' id='word_1_326' title='bbox 1519 3398 1583 3459; x_wconf 89' lang='lat' dir='ltr'><strong>diu·</strong></span> <span class='ocrx_word' id='word_1_327' title='bbox 1602 3400 1727 3476; x_wconf 87' lang='lat' dir='ltr'><strong>poteris</strong></span> 
     </span>
     <span class='ocr_line' id='line_1_43' title="bbox 91 3495 1728 3586; baseline -0.005 -19"><span class='ocrx_word' id='word_1_328' title='bbox 91 3511 152 3571; x_wconf 74' lang='lat' dir='ltr'><strong>tuis</strong></span> <span class='ocrx_word' id='word_1_329' title='bbox 168 3524 228 3586; x_wconf 90' lang='lat' dir='ltr'><strong>per</strong></span> <span class='ocrx_word' id='word_1_330' title='bbox 244 3505 466 3585; x_wconf 68' lang='lat' dir='ltr'><strong>apostolicam</strong></span> <span class='ocrx_word' id='word_1_331' title='bbox 483 3503 601 3565; x_wconf 83' lang='lat' dir='ltr'><strong>sedem</strong></span> <span class='ocrx_word' id='word_1_332' title='bbox 622 3501 722 3563; x_wconf 87' lang='lat' dir='ltr'><strong>luerit</strong></span> <span class='ocrx_word' id='word_1_333' title='bbox 744 3499 877 3578; x_wconf 87' lang='lat' dir='ltr'><strong>abjudi-</strong></span> <span class='ocrx_word' id='word_1_334' title='bbox 933 3495 1090 3568; x_wconf 89' lang='lat' dir='ltr'><strong>retinere,</strong></span> <span class='ocrx_word' id='word_1_335' title='bbox 1107 3512 1183 3556; x_wconf 90' lang='lat' dir='ltr'><strong>cum</strong></span> <span class='ocrx_word' id='word_1_336' title='bbox 1198 3495 1239 3556; x_wconf 90' lang='lat' dir='ltr'><strong>ab</strong></span> <span class='ocrx_word' id='word_1_337' title='bbox 1254 3512 1294 3557; x_wconf 89' lang='lat' dir='ltr'><strong>ea</strong></span> <span class='ocrx_word' id='word_1_338' title='bbox 1323 3497 1539 3574; x_wconf 85' lang='lat' dir='ltr'><strong>possessione</strong></span> <span class='ocrx_word' id='word_1_339' title='bbox 1561 3497 1609 3558; x_wconf 85' lang='lat' dir='ltr'><strong>sit</strong></span> <span class='ocrx_word' id='word_1_340' title='bbox 1628 3496 1728 3558; x_wconf 84' lang='lat' dir='ltr'><strong>facile</strong></span> 
     </span>
    </p>
   </div>
   <div class='ocr_carea' id='block_1_15' title="bbox 115 2911 874 3094">
    <p class='ocr_par' dir='ltr' id='par_1_16' title="bbox 115 2911 874 3094">
     <span class='ocr_line' id='line_1_44' title="bbox 115 2911 289 2969; baseline -0.023 0"><span class='ocrx_word' id='word_1_341' title='bbox 115 2911 289 2969; x_wconf 79' lang='lat' dir='ltr'><strong>obtinuerat.</strong></span> 
     </span>
     <span class='ocr_line' id='line_1_45' title="bbox 119 3012 874 3094; baseline -0.017 -12"><span class='ocrx_word' id='word_1_342' title='bbox 119 3020 290 3082; x_wconf 83' lang='lat' dir='ltr'><strong>Honorius</strong></span> <span class='ocrx_word' id='word_1_343' title='bbox 305 3017 490 3094; x_wconf 88' lang='lat' dir='ltr'><strong>episcopus,</strong></span> <span class='ocrx_word' id='word_1_344' title='bbox 515 3017 590 3085; x_wconf 77' lang='lat' dir='ltr'><strong>etc,</strong></span> <span class='ocrx_word' id='word_1_345' title='bbox 606 3013 716 3075; x_wconf 89' lang='lat' dir='ltr'><strong>nobili</strong></span> <span class='ocrx_word' id='word_1_346' title='bbox 732 3012 807 3074; x_wconf 91' lang='lat' dir='ltr'><strong>viro</strong></span> <span class='ocrx_word' id='word_1_347' title='bbox 834 3013 874 3072; x_wconf 85' lang='lat' dir='ltr'><strong>R.</strong></span> 
     </span>
    </p>
   </div>
   <div class='ocr_carea' id='block_1_16' title="bbox 91 3592 1729 3780">
    <p class='ocr_par' dir='ltr' id='par_1_17' title="bbox 91 3592 1729 3780">
     <span class='ocr_line' id='line_1_46' title="bbox 91 3592 1729 3683; baseline -0.009 -13"><span class='ocrx_word' id='word_1_348' title='bbox 91 3608 156 3670; x_wconf 73' lang='lat' dir='ltr'><strong>aaa</strong></span> <span class='ocrx_word' id='word_1_349' title='bbox 184 3607 354 3683; x_wconf 89' lang='lat' dir='ltr'><strong>perpetuo,</strong></span> <span class='ocrx_word' id='word_1_350' title='bbox 375 3600 584 3679; x_wconf 81' lang='lat' dir='ltr'><strong>exigentibus</strong></span> <span class='ocrx_word' id='word_1_351' title='bbox 611 3600 717 3676; x_wconf 89' lang='lat' dir='ltr'><strong>culpis</strong></span> <span class='ocrx_word' id='word_1_352' title='bbox 747 3598 829 3670; x_wconf 88' lang='lat' dir='ltr'><strong>suis,</strong></span> <span class='ocrx_word' id='word_1_353' title='bbox 846 3598 880 3657; x_wconf 91' lang='lat' dir='ltr'><strong>et</strong></span> <span class='ocrx_word' id='word_1_354' title='bbox 934 3592 1043 3670; x_wconf 79' lang='lat' dir='ltr'><strong>deJici,</strong></span> <span class='ocrx_word' id='word_1_355' title='bbox 1057 3611 1131 3670; x_wconf 86' lang='lat' dir='ltr'><strong>quae</strong></span> <span class='ocrx_word' id='word_1_356' title='bbox 1152 3594 1223 3655; x_wconf 91' lang='lat' dir='ltr'><strong>siue</strong></span> <span class='ocrx_word' id='word_1_357' title='bbox 1241 3595 1332 3671; x_wconf 73' lang='lat' dir='ltr'><strong>iusto</strong></span> <span class='ocrx_word' id='word_1_358' title='bbox 1347 3594 1443 3661; x_wconf 87' lang='lat' dir='ltr'><strong>titulo</strong></span> <span class='ocrx_word' id='word_1_359' title='bbox 1468 3594 1618 3658; x_wconf 88' lang='lat' dir='ltr'><strong>noscitur</strong></span> <span class='ocrx_word' id='word_1_360' title='bbox 1643 3594 1729 3659; x_wconf 92' lang='lat' dir='ltr'><strong>deti·</strong></span> 
     </span>
     <span class='ocr_line' id='line_1_47' title="bbox 91 3692 1346 3780; baseline -0.011 -14"><span class='ocrx_word' id='word_1_361' title='bbox 91 3704 198 3766; x_wconf 78' lang='lat' dir='ltr'><strong>tadem</strong></span> <span class='ocrx_word' id='word_1_362' title='bbox 230 3700 420 3780; x_wconf 72' lang='lat' dir='ltr'><strong>apostolica</strong></span> <span class='ocrx_word' id='word_1_363' title='bbox 459 3699 572 3770; x_wconf 88' lang='lat' dir='ltr'><strong>Sedes,</strong></span> <span class='ocrx_word' id='word_1_364' title='bbox 613 3712 752 3774; x_wconf 90' lang='lat' dir='ltr'><strong>sperans</strong></span> <span class='ocrx_word' id='word_1_365' title='bbox 793 3693 877 3772; x_wconf 84' lang='lat' dir='ltr'><strong>quod</strong></span> <span class='ocrx_word' id='word_1_366' title='bbox 935 3692 1346 3755; x_wconf 79' lang='lat' dir='ltr'><strong>nen...caetn·ouenmt.</strong></span> 
     </span>
    </p>
   </div>
   <div class='ocr_carea' id='block_1_17' title="bbox 91 3792 880 4270">
    <p class='ocr_par' dir='ltr' id='par_1_18' title="bbox 91 3792 880 4270">
     <span class='ocr_line' id='line_1_48' title="bbox 93 3792 879 3880; baseline -0.014 -18"><span class='ocrx_word' id='word_1_367' title='bbox 93 3801 189 3880; x_wconf 87' lang='lat' dir='ltr'><strong>psius</strong></span> <span class='ocrx_word' id='word_1_368' title='bbox 211 3798 316 3878; x_wconf 87' lang='lat' dir='ltr'><strong>patris</strong></span> <span class='ocrx_word' id='word_1_369' title='bbox 338 3797 386 3860; x_wconf 89' lang='lat' dir='ltr'><strong>tui</strong></span> <span class='ocrx_word' id='word_1_370' title='bbox 403 3813 500 3874; x_wconf 89' lang='lat' dir='ltr'><strong>poena</strong></span> <span class='ocrx_word' id='word_1_371' title='bbox 516 3798 550 3857; x_wconf 91' lang='lat' dir='ltr'><strong>te</strong></span> <span class='ocrx_word' id='word_1_372' title='bbox 574 3794 615 3856; x_wconf 88' lang='lat' dir='ltr'><strong>ab</strong></span> <span class='ocrx_word' id='word_1_373' title='bbox 642 3797 714 3871; x_wconf 89' lang='lat' dir='ltr'><strong>ejus</strong></span> <span class='ocrx_word' id='word_1_374' title='bbox 729 3792 879 3868; x_wconf 85' lang='lat' dir='ltr'><strong>vestigiis</strong></span> 
     </span>
     <span class='ocr_line' id='line_1_49' title="bbox 91 3891 880 3969; baseline -0.014 -8"><span class='ocrx_word' id='word_1_375' title='bbox 91 3898 295 3969; x_wconf 88' lang='lat' dir='ltr'><strong>tbsterreret‚</strong></span> <span class='ocrx_word' id='word_1_376' title='bbox 313 3897 346 3957; x_wconf 93' lang='lat' dir='ltr'><strong>in</strong></span> <span class='ocrx_word' id='word_1_377' title='bbox 368 3895 521 3956; x_wconf 90' lang='lat' dir='ltr'><strong>manibus</strong></span> <span class='ocrx_word' id='word_1_378' title='bbox 550 3893 620 3954; x_wconf 90' lang='lat' dir='ltr'><strong>suls</strong></span> <span class='ocrx_word' id='word_1_379' title='bbox 647 3891 786 3953; x_wconf 89' lang='lat' dir='ltr'><strong>retinuit</strong></span> <span class='ocrx_word' id='word_1_380' title='bbox 811 3892 880 3951; x_wconf 90' lang='lat' dir='ltr'><strong>ter-</strong></span> 
     </span>
     <span class='ocr_line' id='line_1_50' title="bbox 91 3988 878 4071; baseline -0.015 -12"><span class='ocrx_word' id='word_1_381' title='bbox 91 4012 155 4060; x_wconf 85' lang='lat' dir='ltr'><strong>·am</strong></span> <span class='ocrx_word' id='word_1_382' title='bbox 191 3995 284 4056; x_wconf 91' lang='lat' dir='ltr'><strong>illam</strong></span> <span class='ocrx_word' id='word_1_383' title='bbox 319 4008 418 4071; x_wconf 87' lang='lat' dir='ltr'><strong>quam</strong></span> <span class='ocrx_word' id='word_1_384' title='bbox 448 3993 533 4052; x_wconf 87' lang='lat' dir='ltr'><strong>citro</strong></span> <span class='ocrx_word' id='word_1_385' title='bbox 560 3990 756 4052; x_wconf 85' lang='lat' dir='ltr'><strong>Rhodanum</strong></span> <span class='ocrx_word' id='word_1_386' title='bbox 791 3988 878 4048; x_wconf 91' lang='lat' dir='ltr'><strong>idem</strong></span> 
     </span>
     <span class='ocr_line' id='line_1_51' title="bbox 91 4084 879 4173; baseline -0.018 -15"><span class='ocrx_word' id='word_1_387' title='bbox 91 4096 179 4173; x_wconf 72' lang='lat' dir='ltr'><strong>pater</strong></span> <span class='ocrx_word' id='word_1_388' title='bbox 196 4095 273 4155; x_wconf 81' lang='lat' dir='ltr'><strong>tuus</strong></span> <span class='ocrx_word' id='word_1_389' title='bbox 293 4090 446 4161; x_wconf 89' lang='lat' dir='ltr'><strong>obtinuit,</strong></span> <span class='ocrx_word' id='word_1_390' title='bbox 464 4091 500 4150; x_wconf 94' lang='lat' dir='ltr'><strong>ut</strong></span> <span class='ocrx_word' id='word_1_391' title='bbox 525 4087 681 4149; x_wconf 87' lang='lat' dir='ltr'><strong>videlicet</strong></span> <span class='ocrx_word' id='word_1_392' title='bbox 704 4090 793 4147; x_wconf 89' lang='lat' dir='ltr'><strong>terra</strong></span> <span class='ocrx_word' id='word_1_393' title='bbox 820 4084 879 4146; x_wconf 91' lang='lat' dir='ltr'><strong>tibi</strong></span> 
     </span>
     <span class='ocr_line' id='line_1_52' title="bbox 91 4182 880 4270; baseline -0.014 -18"><span class='ocrx_word' id='word_1_394' title='bbox 91 4190 276 4270; x_wconf 69' lang='lat' dir='ltr'><strong>provideret</strong></span> <span class='ocrx_word' id='word_1_395' title='bbox 299 4185 470 4257; x_wconf 76' lang='lat' dir='ltr'><strong>eademst</strong></span> <span class='ocrx_word' id='word_1_396' title='bbox 490 4188 522 4246; x_wconf 92' lang='lat' dir='ltr'><strong>te</strong></span> <span class='ocrx_word' id='word_1_397' title='bbox 545 4184 681 4259; x_wconf 78' lang='lat' dir='ltr'><strong>dignum</strong></span> <span class='ocrx_word' id='word_1_398' title='bbox 702 4183 742 4243; x_wconf 92' lang='lat' dir='ltr'><strong>de</strong></span> <span class='ocrx_word' id='word_1_399' title='bbox 759 4182 880 4259; x_wconf 79' lang='lat' dir='ltr'><strong>huJus-</strong></span> 
     </span>
    </p>
   </div>
   <div class='ocr_carea' id='block_1_18' title="bbox 91 4280 1732 4464">
    <p class='ocr_par' dir='ltr' id='par_1_19' title="bbox 91 4280 1732 4464">
     <span class='ocr_line' id='line_1_53' title="bbox 91 4280 880 4364; baseline -0.014 -13"><span class='ocrx_word' id='word_1_400' title='bbox 91 4287 296 4364; x_wconf 76' lang='lat' dir='ltr'><strong>sodlgratia</strong></span> <span class='ocrx_word' id='word_1_401' title='bbox 310 4284 512 4348; x_wconf 83' lang='lat' dir='ltr'><strong>exhiberes:</strong></span> <span class='ocrx_word' id='word_1_402' title='bbox 537 4285 573 4343; x_wconf 91' lang='lat' dir='ltr'><strong>tu</strong></span> <span class='ocrx_word' id='word_1_403' title='bbox 597 4295 689 4349; x_wconf 89' lang='lat' dir='ltr'><strong>vero,</strong></span> <span class='ocrx_word' id='word_1_404' title='bbox 717 4280 880 4358; x_wconf 69' lang='lat' dir='ltr'><strong>eiusmodi</strong></span> 
     </span>
     <span class='ocr_line' id='line_1_54' title="bbox 91 4363 1732 4464; baseline -0.014 -17"><span class='ocrx_word' id='word_1_405' title='bbox 91 4386 189 4464; x_wconf 78' lang='lat' dir='ltr'><strong>patris</strong></span> <span class='ocrx_word' id='word_1_406' title='bbox 213 4385 262 4446; x_wconf 89' lang='lat' dir='ltr'><strong>tui</strong></span> <span class='ocrx_word' id='word_1_407' title='bbox 289 4381 442 4458; x_wconf 75' lang='lat' dir='ltr'><strong>vestigiis</strong></span> <span class='ocrx_word' id='word_1_408' title='bbox 471 4379 664 4441; x_wconf 81' lang='lat' dir='ltr'><strong>deserendis</strong></span> <span class='ocrx_word' id='word_1_409' title='bbox 698 4378 879 4445; x_wconf 71' lang='lat' dir='ltr'><strong>inhaerens,</strong></span> <span class='ocrx_word' id='word_1_410' title='bbox 936 4365 1083 4425; x_wconf 84' lang='lat' dir='ltr'><strong>Universis</strong></span> <span class='ocrx_word' id='word_1_411' title='bbox 1108 4364 1210 4423; x_wconf 85' lang='lat' dir='ltr'><strong>Christi</strong></span> <span class='ocrx_word' id='word_1_412' title='bbox 1235 4363 1365 4423; x_wconf 86' lang='lat' dir='ltr'><strong>ildelibus</strong></span> <span class='ocrx_word' id='word_1_413' title='bbox 1388 4380 1455 4423; x_wconf 85' lang='lat' dir='ltr'><strong>vere</strong></span> <span class='ocrx_word' id='word_1_414' title='bbox 1479 4365 1682 4439; x_wconf 78' lang='lat' dir='ltr'><strong>poenitentibus</strong></span> <span class='ocrx_word' id='word_1_415' title='bbox 1703 4374 1732 4424; x_wconf 89' lang='lat' dir='ltr'><strong>et</strong></span> 
     </span>
    </p>
   </div>
   <div class='ocr_carea' id='block_1_19' title="bbox 91 4452 1736 5733">
    <p class='ocr_par' dir='ltr' id='par_1_20' title="bbox 91 4452 1730 4662">
     <span class='ocr_line' id='line_1_55' title="bbox 91 4452 1730 4556; baseline -0.01 -9"><span class='ocrx_word' id='word_1_416' title='bbox 91 4466 196 4547; x_wconf 61' lang='lat' dir='ltr'><strong>haisti</strong></span> <span class='ocrx_word' id='word_1_417' title='bbox 212 4480 245 4542; x_wconf 90' lang='lat' dir='ltr'><strong>at</strong></span> <span class='ocrx_word' id='word_1_418' title='bbox 258 4481 352 4543; x_wconf 87' lang='lat' dir='ltr'><strong>loves</strong></span> <span class='ocrx_word' id='word_1_419' title='bbox 366 4477 552 4547; x_wconf 85' lang='lat' dir='ltr'><strong>haereticos,</strong></span> <span class='ocrx_word' id='word_1_420' title='bbox 569 4477 683 4537; x_wconf 82' lang='lat' dir='ltr'><strong>fideles</strong></span> <span class='ocrx_word' id='word_1_421' title='bbox 698 4477 808 4536; x_wconf 89' lang='lat' dir='ltr'><strong>autem</strong></span> <span class='ocrx_word' id='word_1_422' title='bbox 824 4475 881 4534; x_wconf 91' lang='lat' dir='ltr'><strong>im·</strong></span> <span class='ocrx_word' id='word_1_423' title='bbox 970 4452 1110 4555; x_wconf 39' lang='lat' dir='ltr'><strong>⁰9¹¹&amp;ss</strong></span> <span class='ocrx_word' id='word_1_424' title='bbox 1125 4454 1173 4524; x_wconf 58' lang='grc' dir='ltr'><strong>(μή</strong></span> <span class='ocrx_word' id='word_1_425' title='bbox 1192 4453 1344 4554; x_wconf 59' lang='grc' dir='ltr'><strong>θξῑῦῑθθῑθω</strong></span> <span class='ocrx_word' id='word_1_426' title='bbox 1363 4454 1577 4556; x_wconf 53' lang='grc' dir='ltr'><strong>ᾎΨΘΓῙΠΘΠΜΙΗ</strong></span> <span class='ocrx_word' id='word_1_427' title='bbox 1596 4456 1730 4513; x_wconf 86' lang='lat' dir='ltr'><strong>visitave-</strong></span> 
     </span>
     <span class='ocr_line' id='line_1_56' title="bbox 91 4541 1405 4662; baseline -0.012 -18"><span class='ocrx_word' id='word_1_428' title='bbox 91 4581 240 4662; x_wconf 77' lang='lat' dir='ltr'><strong>pugnasti</strong></span> <span class='ocrx_word' id='word_1_429' title='bbox 260 4581 292 4641; x_wconf 89' lang='lat' dir='ltr'><strong>et</strong></span> <span class='ocrx_word' id='word_1_430' title='bbox 323 4577 530 4638; x_wconf 89' lang='lat' dir='ltr'><strong>incessanter</strong></span> <span class='ocrx_word' id='word_1_431' title='bbox 556 4576 742 4651; x_wconf 77' lang='lat' dir='ltr'><strong>impugnas,</strong></span> <span class='ocrx_word' id='word_1_432' title='bbox 773 4573 819 4634; x_wconf 89' lang='lat' dir='ltr'><strong>ita</strong></span> <span class='ocrx_word' id='word_1_433' title='bbox 847 4574 882 4633; x_wconf 91' lang='lat' dir='ltr'><strong>ut</strong></span> <span class='ocrx_word' id='word_1_434' title='bbox 972 4549 1038 4612; x_wconf 71' lang='lat'>&#39;¹¹¹¹’</span> <span class='ocrx_word' id='word_1_435' title='bbox 1058 4541 1405 4629; x_wconf 56' lang='lat' dir='ltr'><strong>¹¹¹d¹¹¹3e¹¹t¹³³⁰⁰⁰⁰⁰d¹1·</strong></span> 
     </span>
    </p>

    <p class='ocr_par' dir='ltr' id='par_1_21' title="bbox 91 4668 1736 5733">
     <span class='ocr_line' id='line_1_57' title="bbox 91 4668 1731 4749; baseline -0.007 -6"><span class='ocrx_word' id='word_1_436' title='bbox 91 4696 152 4749; x_wconf 85' lang='lat' dir='ltr'><strong>non</strong></span> <span class='ocrx_word' id='word_1_437' title='bbox 168 4679 273 4740; x_wconf 90' lang='lat' dir='ltr'><strong>solum</strong></span> <span class='ocrx_word' id='word_1_438' title='bbox 291 4675 523 4736; x_wconf 87' lang='lat' dir='ltr'><strong>haereticorum</strong></span> <span class='ocrx_word' id='word_1_439' title='bbox 533 4670 718 4742; x_wconf 87' lang='lat' dir='ltr'><strong>laator,sed</strong></span> <span class='ocrx_word' id='word_1_440' title='bbox 730 4672 763 4731; x_wconf 93' lang='lat' dir='ltr'><strong>et</strong></span> <span class='ocrx_word' id='word_1_441' title='bbox 775 4670 884 4730; x_wconf 87' lang='lat' dir='ltr'><strong>haere-</strong></span> <span class='ocrx_word' id='word_1_442' title='bbox 977 4669 1155 4743; x_wconf 88' lang='lat' dir='ltr'><strong>Honorius,</strong></span> <span class='ocrx_word' id='word_1_443' title='bbox 1173 4671 1246 4742; x_wconf 73' lang='lat' dir='ltr'><strong>etc„</strong></span> <span class='ocrx_word' id='word_1_444' title='bbox 1262 4671 1428 4733; x_wconf 90' lang='lat' dir='ltr'><strong>universis</strong></span> <span class='ocrx_word' id='word_1_445' title='bbox 1441 4671 1563 4733; x_wconf 85' lang='lat' dir='ltr'><strong>Christi</strong></span> <span class='ocrx_word' id='word_1_446' title='bbox 1579 4668 1731 4731; x_wconf 81' lang='lat' dir='ltr'><strong>fidelibus</strong></span> 
     </span>
     <span class='ocr_line' id='line_1_58' title="bbox 91 4766 1734 4847; baseline -0.005 -6"><span class='ocrx_word' id='word_1_447' title='bbox 91 4778 172 4842; x_wconf 87' lang='lat' dir='ltr'><strong>ticus</strong></span> <span class='ocrx_word' id='word_1_448' title='bbox 186 4775 345 4846; x_wconf 90' lang='lat' dir='ltr'><strong>videaris,</strong></span> <span class='ocrx_word' id='word_1_449' title='bbox 363 4773 396 4834; x_wconf 89' lang='lat' dir='ltr'><strong>et</strong></span> <span class='ocrx_word' id='word_1_450' title='bbox 410 4774 477 4833; x_wconf 85' lang='lat' dir='ltr'><strong>tam</strong></span> <span class='ocrx_word' id='word_1_451' title='bbox 490 4771 615 4831; x_wconf 88' lang='lat' dir='ltr'><strong>terrant</strong></span> <span class='ocrx_word' id='word_1_452' title='bbox 637 4767 702 4846; x_wconf 91' lang='lat' dir='ltr'><strong>ipsi</strong></span> <span class='ocrx_word' id='word_1_453' title='bbox 723 4766 882 4845; x_wconf 87' lang='lat' dir='ltr'><strong>patrituo</strong></span> <span class='ocrx_word' id='word_1_454' title='bbox 938 4769 1118 4847; x_wconf 87' lang='lat' dir='ltr'><strong>praesentes</strong></span> <span class='ocrx_word' id='word_1_455' title='bbox 1144 4768 1273 4830; x_wconf 88' lang='lat' dir='ltr'><strong>litteras</strong></span> <span class='ocrx_word' id='word_1_456' title='bbox 1297 4769 1513 4846; x_wconf 87' lang='lat' dir='ltr'><strong>inspecturis,</strong></span> <span class='ocrx_word' id='word_1_457' title='bbox 1540 4768 1734 4833; x_wconf 87' lang='lat' dir='ltr'><strong>salutemet</strong></span> 
     </span>
     <span class='ocr_line' id='line_1_59' title="bbox 91 4862 1442 4946; baseline -0.006 -11"><span class='ocrx_word' id='word_1_458' title='bbox 91 4876 118 4937; x_wconf 87' lang='lat' dir='ltr'><strong>et</strong></span> <span class='ocrx_word' id='word_1_459' title='bbox 131 4871 321 4934; x_wconf 85' lang='lat' dir='ltr'><strong>haeredibus</strong></span> <span class='ocrx_word' id='word_1_460' title='bbox 336 4873 420 4946; x_wconf 88' lang='lat' dir='ltr'><strong>ejus,</strong></span> <span class='ocrx_word' id='word_1_461' title='bbox 438 4871 473 4929; x_wconf 90' lang='lat' dir='ltr'><strong>ut</strong></span> <span class='ocrx_word' id='word_1_462' title='bbox 487 4867 682 4944; x_wconf 84' lang='lat' dir='ltr'><strong>praedictum</strong></span> <span class='ocrx_word' id='word_1_463' title='bbox 699 4867 763 4936; x_wconf 89' lang='lat' dir='ltr'><strong>est,</strong></span> <span class='ocrx_word' id='word_1_464' title='bbox 786 4862 884 4940; x_wconf 88' lang='lat' dir='ltr'><strong>abju·</strong></span> <span class='ocrx_word' id='word_1_465' title='bbox 937 4865 1153 4944; x_wconf 88' lang='lat' dir='ltr'><strong>apostolicam</strong></span> <span class='ocrx_word' id='word_1_466' title='bbox 1169 4865 1442 4928; x_wconf 88' lang='lat' dir='ltr'><strong>benedictionem.</strong></span> 
     </span>
     <span class='ocr_line' id='line_1_60' title="bbox 91 4961 1735 5042; baseline -0.003 -9"><span class='ocrx_word' id='word_1_467' title='bbox 91 4968 387 5035; x_wconf 86' lang='lat' dir='ltr'><strong>dicatamomnino,</strong></span> <span class='ocrx_word' id='word_1_468' title='bbox 400 4981 498 5042; x_wconf 89' lang='lat' dir='ltr'><strong>quam</strong></span> <span class='ocrx_word' id='word_1_469' title='bbox 511 4961 742 5041; x_wconf 82' lang='lat' dir='ltr'><strong>eamquaeluit</strong></span> <span class='ocrx_word' id='word_1_470' title='bbox 757 4966 882 5039; x_wconf 85' lang='lat' dir='ltr'><strong>protna</strong></span> <span class='ocrx_word' id='word_1_471' title='bbox 978 4963 1141 5042; x_wconf 87' lang='lat' dir='ltr'><strong>Splendor</strong></span> <span class='ocrx_word' id='word_1_472' title='bbox 1163 4966 1309 5041; x_wconf 87' lang='lat' dir='ltr'><strong>pateruae</strong></span> <span class='ocrx_word' id='word_1_473' title='bbox 1333 4964 1461 5040; x_wconf 79' lang='lat' dir='ltr'><strong>gloriae,</strong></span> <span class='ocrx_word' id='word_1_474' title='bbox 1477 4964 1533 5042; x_wconf 84' lang='lat' dir='ltr'><strong>qui</strong></span> <span class='ocrx_word' id='word_1_475' title='bbox 1554 4980 1615 5028; x_wconf 90' lang='lat' dir='ltr'><strong>sua</strong></span> <span class='ocrx_word' id='word_1_476' title='bbox 1636 4982 1735 5028; x_wconf 89' lang='lat' dir='ltr'><strong>murt-</strong></span> 
     </span>
     <span class='ocr_line' id='line_1_61' title="bbox 91 5061 1735 5148; baseline -0.004 -16"><span class='ocrx_word' id='word_1_477' title='bbox 91 5067 277 5148; x_wconf 87' lang='lat' dir='ltr'><strong>provisioue</strong></span> <span class='ocrx_word' id='word_1_478' title='bbox 300 5066 444 5135; x_wconf 89' lang='lat' dir='ltr'><strong>servata,</strong></span> <span class='ocrx_word' id='word_1_479' title='bbox 462 5063 625 5125; x_wconf 89' lang='lat' dir='ltr'><strong>violenter</strong></span> <span class='ocrx_word' id='word_1_480' title='bbox 648 5061 823 5132; x_wconf 81' lang='lat' dir='ltr'><strong>invadens,</strong></span> <span class='ocrx_word' id='word_1_481' title='bbox 852 5062 885 5121; x_wconf 91' lang='lat' dir='ltr'><strong>et</strong></span> <span class='ocrx_word' id='word_1_482' title='bbox 939 5061 1016 5123; x_wconf 91' lang='lat' dir='ltr'><strong>dum</strong></span> <span class='ocrx_word' id='word_1_483' title='bbox 1033 5062 1199 5123; x_wconf 88' lang='lat' dir='ltr'><strong>illuminat</strong></span> <span class='ocrx_word' id='word_1_484' title='bbox 1221 5061 1385 5123; x_wconf 78' lang='lat' dir='ltr'><strong>ineflabili</strong></span> <span class='ocrx_word' id='word_1_485' title='bbox 1410 5062 1571 5133; x_wconf 89' lang='lat' dir='ltr'><strong>claritate,</strong></span> <span class='ocrx_word' id='word_1_486' title='bbox 1589 5065 1642 5140; x_wconf 89' lang='lat' dir='ltr'><strong>pia</strong></span> <span class='ocrx_word' id='word_1_487' title='bbox 1658 5067 1735 5125; x_wconf 90' lang='lat' dir='ltr'><strong>vota</strong></span> 
     </span>
     <span class='ocr_line' id='line_1_62' title="bbox 91 5158 1734 5239; baseline -0.005 -9"><span class='ocrx_word' id='word_1_488' title='bbox 91 5169 119 5230; x_wconf 91' lang='lat' dir='ltr'><strong>in</strong></span> <span class='ocrx_word' id='word_1_489' title='bbox 133 5184 174 5229; x_wconf 86' lang='lat' dir='ltr'><strong>ea</strong></span> <span class='ocrx_word' id='word_1_490' title='bbox 191 5165 307 5226; x_wconf 89' lang='lat' dir='ltr'><strong>iavens</strong></span> <span class='ocrx_word' id='word_1_491' title='bbox 322 5163 490 5224; x_wconf 69' lang='lat' dir='ltr'><strong>haereticis</strong></span> <span class='ocrx_word' id='word_1_492' title='bbox 504 5163 732 5236; x_wconf 63' lang='lat' dir='ltr'><strong>disceptans,</strong></span> <span class='ocrx_word' id='word_1_493' title='bbox 748 5174 886 5220; x_wconf 83' lang='lat' dir='ltr'><strong>excom·</strong></span> <span class='ocrx_word' id='word_1_494' title='bbox 940 5159 1086 5220; x_wconf 82' lang='lat' dir='ltr'><strong>fidelium</strong></span> <span class='ocrx_word' id='word_1_495' title='bbox 1108 5160 1149 5219; x_wconf 93' lang='lat' dir='ltr'><strong>de</strong></span> <span class='ocrx_word' id='word_1_496' title='bbox 1168 5158 1428 5222; x_wconf 89' lang='lat' dir='ltr'><strong>clementissima</strong></span> <span class='ocrx_word' id='word_1_497' title='bbox 1442 5160 1547 5236; x_wconf 88' lang='lat' dir='ltr'><strong>ipsius</strong></span> <span class='ocrx_word' id='word_1_498' title='bbox 1562 5163 1734 5239; x_wconf 89' lang='lat' dir='ltr'><strong>majestate</strong></span> 
     </span>
     <span class='ocr_line' id='line_1_63' title="bbox 91 5251 1735 5336; baseline -0.004 -8"><span class='ocrx_word' id='word_1_499' title='bbox 91 5261 324 5327; x_wconf 84' lang='lat' dir='ltr'><strong>mttuicationis</strong></span> <span class='ocrx_word' id='word_1_500' title='bbox 339 5260 537 5323; x_wconf 89' lang='lat' dir='ltr'><strong>sententiam</strong></span> <span class='ocrx_word' id='word_1_501' title='bbox 554 5260 688 5335; x_wconf 89' lang='lat' dir='ltr'><strong>propter</strong></span> <span class='ocrx_word' id='word_1_502' title='bbox 701 5257 764 5318; x_wconf 91' lang='lat' dir='ltr'><strong>hoc</strong></span> <span class='ocrx_word' id='word_1_503' title='bbox 788 5257 823 5318; x_wconf 92' lang='lat' dir='ltr'><strong>in</strong></span> <span class='ocrx_word' id='word_1_504' title='bbox 853 5251 885 5318; x_wconf 83' lang='lat' dir='ltr'><strong>te</strong></span> <span class='ocrx_word' id='word_1_505' title='bbox 940 5257 1143 5334; x_wconf 88' lang='lat' dir='ltr'><strong>sperantium</strong></span> <span class='ocrx_word' id='word_1_506' title='bbox 1170 5262 1248 5319; x_wconf 90' lang='lat' dir='ltr'><strong>tunc</strong></span> <span class='ocrx_word' id='word_1_507' title='bbox 1279 5258 1446 5336; x_wconf 85' lang='lat' dir='ltr'><strong>praecipue</strong></span> <span class='ocrx_word' id='word_1_508' title='bbox 1474 5275 1594 5334; x_wconf 79' lang='lat' dir='ltr'><strong>magno</strong></span> <span class='ocrx_word' id='word_1_509' title='bbox 1621 5257 1735 5321; x_wconf 87' lang='lat' dir='ltr'><strong>lavore</strong></span> 
     </span>
     <span class='ocr_line' id='line_1_64' title="bbox 91 5355 1736 5436; baseline -0.002 -12"><span class='ocrx_word' id='word_1_510' title='bbox 91 5366 187 5426; x_wconf 91' lang='lat' dir='ltr'><strong>latam</strong></span> <span class='ocrx_word' id='word_1_511' title='bbox 203 5377 222 5422; x_wconf 90' lang='lat' dir='ltr'><strong>a</strong></span> <span class='ocrx_word' id='word_1_512' title='bbox 235 5360 346 5422; x_wconf 88' lang='lat' dir='ltr'><strong>multis</strong></span> <span class='ocrx_word' id='word_1_513' title='bbox 356 5363 426 5436; x_wconf 89' lang='lat' dir='ltr'><strong>jam</strong></span> <span class='ocrx_word' id='word_1_514' title='bbox 442 5357 540 5418; x_wconf 89' lang='lat' dir='ltr'><strong>aunis</strong></span> <span class='ocrx_word' id='word_1_515' title='bbox 565 5356 780 5432; x_wconf 87' lang='lat' dir='ltr'><strong>pertinaciter</strong></span> <span class='ocrx_word' id='word_1_516' title='bbox 803 5372 887 5417; x_wconf 91' lang='lat' dir='ltr'><strong>cou-</strong></span> <span class='ocrx_word' id='word_1_517' title='bbox 941 5355 1163 5432; x_wconf 83' lang='lat' dir='ltr'><strong>prosequitur,</strong></span> <span class='ocrx_word' id='word_1_518' title='bbox 1177 5372 1259 5415; x_wconf 86' lang='lat' dir='ltr'><strong>oum-</strong></span> <span class='ocrx_word' id='word_1_519' title='bbox 1272 5355 1390 5418; x_wconf 88' lang='lat' dir='ltr'><strong>devota</strong></span> <span class='ocrx_word' id='word_1_520' title='bbox 1402 5357 1550 5432; x_wconf 89' lang='lat' dir='ltr'><strong>ipsorum</strong></span> <span class='ocrx_word' id='word_1_521' title='bbox 1563 5355 1736 5420; x_wconf 88' lang='lat' dir='ltr'><strong>humilitas</strong></span> 
     </span>
     <span class='ocr_line' id='line_1_65' title="bbox 91 5452 1734 5531; baseline -0.006 -6"><span class='ocrx_word' id='word_1_522' title='bbox 91 5459 275 5531; x_wconf 88' lang='lat' dir='ltr'><strong>temnendo,</strong></span> <span class='ocrx_word' id='word_1_523' title='bbox 304 5458 348 5518; x_wconf 90' lang='lat' dir='ltr'><strong>ita</strong></span> <span class='ocrx_word' id='word_1_524' title='bbox 372 5454 555 5517; x_wconf 79' lang='lat' dir='ltr'><strong>exhibuisti</strong></span> <span class='ocrx_word' id='word_1_525' title='bbox 573 5455 770 5531; x_wconf 86' lang='lat' dir='ltr'><strong>Apostolicae</strong></span> <span class='ocrx_word' id='word_1_526' title='bbox 791 5454 885 5515; x_wconf 87' lang='lat' dir='ltr'><strong>Sedis</strong></span> <span class='ocrx_word' id='word_1_527' title='bbox 941 5454 1130 5513; x_wconf 89' lang='lat' dir='ltr'><strong>sauctorum</strong></span> <span class='ocrx_word' id='word_1_528' title='bbox 1154 5452 1308 5529; x_wconf 88' lang='lat' dir='ltr'><strong>precibus</strong></span> <span class='ocrx_word' id='word_1_529' title='bbox 1337 5456 1370 5516; x_wconf 90' lang='lat' dir='ltr'><strong>et</strong></span> <span class='ocrx_word' id='word_1_530' title='bbox 1393 5452 1520 5514; x_wconf 89' lang='lat' dir='ltr'><strong>meritis</strong></span> <span class='ocrx_word' id='word_1_531' title='bbox 1545 5453 1734 5529; x_wconf 83' lang='lat' dir='ltr'><strong>adjuvatur.</strong></span> 
     </span>
     <span class='ocr_line' id='line_1_66' title="bbox 91 5549 1735 5636; baseline -0.006 -14"><span class='ocrx_word' id='word_1_532' title='bbox 91 5559 239 5636; x_wconf 69' lang='lat' dir='ltr'><strong>pratiate</strong></span> <span class='ocrx_word' id='word_1_533' title='bbox 254 5552 437 5631; x_wconf 85' lang='lat' dir='ltr'><strong>iudignum,</strong></span> <span class='ocrx_word' id='word_1_534' title='bbox 450 5554 553 5631; x_wconf 88' lang='lat' dir='ltr'><strong>utspe</strong></span> <span class='ocrx_word' id='word_1_535' title='bbox 569 5551 772 5630; x_wconf 85' lang='lat' dir='ltr'><strong>provisionis</strong></span> <span class='ocrx_word' id='word_1_536' title='bbox 785 5567 883 5628; x_wconf 88' lang='lat' dir='ltr'><strong>quam</strong></span> <span class='ocrx_word' id='word_1_537' title='bbox 941 5549 1116 5628; x_wconf 88' lang='lat' dir='ltr'><strong>Cupientes</strong></span> <span class='ocrx_word' id='word_1_538' title='bbox 1141 5550 1244 5625; x_wconf 82' lang='lat' dir='ltr'><strong>igitur</strong></span> <span class='ocrx_word' id='word_1_539' title='bbox 1273 5554 1310 5613; x_wconf 92' lang='lat' dir='ltr'><strong>ut</strong></span> <span class='ocrx_word' id='word_1_540' title='bbox 1341 5550 1483 5613; x_wconf 89' lang='lat' dir='ltr'><strong>ecclesia</strong></span> <span class='ocrx_word' id='word_1_541' title='bbox 1511 5550 1735 5614; x_wconf 85' lang='lat' dir='ltr'><strong>Zweriueusis</strong></span> 
     </span>
     <span class='ocr_line' id='line_1_67' title="bbox 91 5647 1736 5733; baseline -0.005 -11"><span class='ocrx_word' id='word_1_542' title='bbox 91 5659 144 5722; x_wconf 87' lang='lat' dir='ltr'><strong>tibi</strong></span> <span class='ocrx_word' id='word_1_543' title='bbox 163 5658 197 5718; x_wconf 91' lang='lat' dir='ltr'><strong>iu</strong></span> <span class='ocrx_word' id='word_1_544' title='bbox 215 5654 353 5733; x_wconf 72' lang='lat' dir='ltr'><strong>praelata</strong></span> <span class='ocrx_word' id='word_1_545' title='bbox 365 5652 453 5714; x_wconf 88' lang='lat' dir='ltr'><strong>terra</strong></span> <span class='ocrx_word' id='word_1_546' title='bbox 469 5650 552 5712; x_wconf 90' lang='lat' dir='ltr'><strong>citra</strong></span> <span class='ocrx_word' id='word_1_547' title='bbox 570 5650 765 5713; x_wconf 84' lang='lat' dir='ltr'><strong>Rhodanum</strong></span> <span class='ocrx_word' id='word_1_548' title='bbox 780 5664 886 5711; x_wconf 87' lang='lat' dir='ltr'><strong>reser·</strong></span> <span class='ocrx_word' id='word_1_549' title='bbox 940 5664 1014 5727; x_wconf 76' lang='lat' dir='ltr'><strong>quae</strong></span> <span class='ocrx_word' id='word_1_550' title='bbox 1030 5664 1115 5710; x_wconf 81' lang='lat' dir='ltr'><strong>nova</strong></span> <span class='ocrx_word' id='word_1_551' title='bbox 1130 5647 1292 5727; x_wconf 78' lang='lat' dir='ltr'><strong>ptanutto</strong></span> <span class='ocrx_word' id='word_1_552' title='bbox 1313 5649 1435 5721; x_wconf 83' lang='lat' dir='ltr'><strong>extitit,</strong></span> <span class='ocrx_word' id='word_1_553' title='bbox 1444 5665 1567 5726; x_wconf 83' lang='lat' dir='ltr'><strong>sponsa</strong></span> <span class='ocrx_word' id='word_1_554' title='bbox 1583 5654 1616 5714; x_wconf 89' lang='lat' dir='ltr'><strong>et</strong></span> <span class='ocrx_word' id='word_1_555' title='bbox 1630 5654 1736 5713; x_wconf 82' lang='lat' dir='ltr'><strong>luatur</strong></span> 
     </span>
    </p>
   </div>
   <div class='ocr_carea' id='block_1_20' title="bbox 1263 3878 1400 3967">
    <p class='ocr_par' dir='ltr' id='par_1_22' title="bbox 1263 3878 1400 3967">
     <span class='ocr_line' id='line_1_68' title="bbox 1263 3878 1400 3967; baseline -0.007 0"><span class='ocrx_word' id='word_1_556' title='bbox 1263 3878 1400 3967; x_wconf 84' lang='lat' dir='ltr'>CLXII</span> 
     </span>
    </p>
   </div>
   <div class='ocr_carea' id='block_1_21' title="bbox 1055 4022 1660 4324">
    <p class='ocr_par' dir='ltr' id='par_1_23' title="bbox 1055 4022 1660 4324">
     <span class='ocr_line' id='line_1_69' title="bbox 1067 4022 1660 4094; baseline 0.005 -13"><span class='ocrx_word' id='word_1_557' title='bbox 1067 4023 1119 4082; x_wconf 84' lang='lat' dir='ltr'><strong>Ad</strong></span> <span class='ocrx_word' id='word_1_558' title='bbox 1131 4023 1314 4083; x_wconf 81' lang='lat' dir='ltr'><strong>universos</strong></span> <span class='ocrx_word' id='word_1_559' title='bbox 1328 4023 1456 4085; x_wconf 71' lang='lat' dir='ltr'><strong>clarata</strong></span> <span class='ocrx_word' id='word_1_560' title='bbox 1469 4022 1595 4094; x_wconf 61' lang='lat' dir='ltr'><strong>sidetes.</strong></span> <span class='ocrx_word' id='word_1_561' title='bbox 1657 4061 1660 4067; x_wconf 90' lang='lat'><em>-</em></span> 
     </span>
     <span class='ocr_line' id='line_1_70' title="bbox 1217 4142 1445 4216; baseline -0.013 -16"><span class='ocrx_word' id='word_1_562' title='bbox 1217 4142 1340 4216; x_wconf 64' lang='lat' dir='ltr'><strong>assumi</strong></span> <span class='ocrx_word' id='word_1_563' title='bbox 1368 4142 1445 4200; x_wconf 79' lang='lat' dir='ltr'><strong>tatu.</strong></span> 
     </span>
     <span class='ocr_line' id='line_1_71' title="bbox 1055 4255 1614 4324; baseline 0.004 -17"><span class='ocrx_word' id='word_1_564' title='bbox 1055 4255 1199 4322; x_wconf 67' lang='lat' dir='ltr'><strong>[Schrtiden</strong></span> <span class='ocrx_word' id='word_1_565' title='bbox 1213 4257 1310 4321; x_wconf 88' lang='lat' dir='ltr'><strong>Papist.</strong></span> <span class='ocrx_word' id='word_1_566' title='bbox 1320 4256 1502 4322; x_wconf 63' lang='lat' dir='ltr'><strong>lleklanburg„</strong></span> <span class='ocrx_word' id='word_1_567' title='bbox 1514 4258 1534 4310; x_wconf 91' lang='lat' dir='ltr'><strong>l.</strong></span> <span class='ocrx_word' id='word_1_568' title='bbox 1545 4258 1614 4324; x_wconf 72' lang='lat' dir='ltr'><strong>ath]</strong></span> 
     </span>
    </p>
   </div>
   <div class='ocr_carea' id='block_1_22' title="bbox 0 0 1899 6180">
    <p class='ocr_par' dir='ltr' id='par_1_24' title="bbox 0 0 1899 6180">
     <span class='ocr_line' id='line_1_72' title="bbox 0 0 1899 6180; baseline 0 0"><span class='ocrx_word' id='word_1_569' title='bbox 0 0 1899 6180; x_wconf 95' lang='lat' dir='ltr'><strong> </strong></span> 
     </span>
    </p>
   </div>
  </div>
 </body>
</html>
