3824 6180
129 290 189 351 299

746 293 920 353 HONORII
943 290 988 352 111
1009 294 1179 358 OPERA„

1717 294 1778 356 300

123 452 300 528 praeposito
312 452 353 513 de
363 454 538 529 liegenebe
549 455 696 529 mogunt.
708 454 741 514 et
750 454 916 513 warmao.
976 450 1097 512 dilecto
1117 450 1187 513 dllo
1206 446 1242 511 P.
1253 450 1435 512 Albanensi
1445 453 1615 527 episcopo,
1629 453 1774 528 Aposto-

127 549 236 620 dimc„
254 550 394 613 salutem
410 554 443 615 et
456 551 628 627 apostolic.
644 549 918 610 benedictionem.
977 547 1050 608 licae
1073 548 1170 608 Sedis
1194 546 1315 624 legato,
1338 538 1480 609 satutem
1499 550 1533 609 et
1556 547 1775 626 apostolicam

165 649 319 723 Experto
330 648 631 709 conventusSancti
643 646 762 707 Albani
774 648 919 722 Mogunt.
977 644 1251 705 benedictionem.

126 742 189 804 brit
215 745 418 820 propositum
441 760 553 805 coram
579 743 685 815 nobis,
714 743 800 819 quod
821 758 921 818 quum
1016 741 1150 802 Litteris
1183 743 1271 814 tuis,
1306 743 1342 801 in
1377 741 1491 817 vigilia
1526 743 1775 819 assumptionis

129 840 337 901 Christianus
352 841 517 918 quondam
536 841 728 902 monasterii
742 840 793 899 sui
806 855 923 899 mona·
976 839 1080 899 beatae
1096 838 1221 909 Mariae,
1245 839 1356 899 animo
1380 838 1591 900 desiderante
1617 840 1773 916 receptis,

127 937 220 1008 chirs,
237 939 294 1014 qui
308 938 471 999 violentas
495 955 613 998 manus
636 937 669 997 in
693 937 830 997 Wolver
843 938 922 996 tunc
976 938 1008 997 et
1025 936 1227 997 continentia
1240 936 1443 1006 earumdem,
1455 950 1495 996 ac
1510 936 1564 1007 iis,
1575 950 1652 1012 qnae
1666 926 1773 997 vene·

126 1033 326 1099 abbatemet
342 1035 500 1112 quosdam
518 1035 637 1096 iratres
659 1050 773 1095 eorum
795 1033 920 1109 injecit,
976 1034 1092 1095 rabilis
1107 1032 1209 1094 irater
1220 1035 1334 1094 nester
1346 1033 1629 1094 bethleemitanus
1644 1034 1776 1110 episco-

125 1131 160 1191 in
174 1130 324 1193 abbatem
344 1133 537 1193 monasterii
554 1132 666 1192 Sancti
680 1130 792 1191 Tisbet
808 1128 924 1190 inisset
977 1148 1038 1207 pus
1064 1130 1159 1191 nobis
1187 1130 1358 1206 proposuit
1379 1131 1456 1190 viva
1478 1144 1571 1200 voce,
1596 1144 1673 1190 cum
1694 1129 1774 1189 dili·

125 1231 331 1305 assumptus,
358 1229 428 1304 ipse
452 1229 611 1289 adversus
634 1227 809 1297 Gebenon,
833 1242 922 1287 nunc
976 1228 1086 1304 gentia
1102 1227 1290 1298 intellectis,
1302 1227 1470 1288 torrenter
1483 1227 1522 1287 ad
1539 1228 1681 1288 tunmet
1695 1229 1776 1287 Ter-

125 1324 278 1386 abbatem
291 1341 406 1393 eorum
422 1341 495 1387 cum
507 1324 700 1401 quibusdam
716 1340 759 1384 en
771 1322 921 1399 praedicti
977 1341 1023 1386 rae
1039 1327 1168 1386 Sanctae
1191 1324 1373 1388 subsidium
1389 1325 1588 1400 aspirantes,
1606 1323 1771 1400 macedam,

126 1423 321 1483 monasterii
337 1422 449 1484 Sancti
463 1422 582 1482 Albani
599 1421 770 1482 monachis
784 1419 921 1496 conspi·
977 1439 1050 1499 quoe
1065 1437 1166 1498 penes
1191 1437 1250 1482 nos
1267 1423 1363 1482 erant
1377 1421 1417 1481 de
1436 1420 1666 1497 redemptione
1678 1422 1773 1481 voto-

126 1520 214 1580 ravit
228 1519 269 1579 ad
283 1521 354 1595 ejus
372 1534 472 1593 agere
487 1518 735 1595 depositionem,
752 1518 806 1578 cul
821 1516 921 1577 subs·-
977 1536 1062 1589 rum,
1079 1521 1110 1579 et
1126 1519 1268 1595 quinque
1278 1517 1382 1577 millia
1393 1517 1629 1579 marcarnmde
1637 1532 1769 1578 camera

125 1616 202 1677 titui
226 1615 416 1689 affectabat,
447 1615 639 1690 intendens3
669 1616 725 1692 qui
754 1615 854 1689 etiam
882 1614 922 1674 de
978 1618 1102 1684 nostra,
1119 1615 1329 1676 continnoad
1345 1615 1632 1691 opusbujusmodi
1655 1630 1774 1689 segre-

127 1712 273 1774 clanetro
285 1712 400 1774 Talen.
416 1712 499 1774 duas
514 1713 676 1773 moniales
690 1712 834 1773 educens
847 1727 923 1772 cor·
976 1714 1138 1789 gerimus,
1151 1714 1183 1775 et
1194 1728 1250 1773 eas
1264 1711 1325 1773 tibi
1339 1727 1397 1789 per
1413 1712 1564 1772 eumdem
1580 1711 1774 1788 episcopum

127 1809 217 1884 rupit
243 1809 395 1879 alteram,
420 1810 549 1885 reliqua
578 1824 660 1869 naso
681 1808 715 1869 et
735 1807 833 1868 labiis
855 1824 923 1869 mu·
977 1811 1232 1880 destinavimus,
1263 1810 1296 1871 et
1323 1809 1461 1886 insuper
1488 1807 1583 1871 fratri
1611 1811 1770 1884 Apamam,

126 1907 233 1975 tilata,
250 1907 284 1967 et
301 1923 402 1983 quum
422 1906 462 1966 de
477 1906 625 1977 infamia,
642 1921 740 1982 quam
755 1905 795 1966 ad
811 1906 924 1981 hujus·
977 1907 1186 1969 thesaurario
1199 1906 1314 1969 domus
1325 1906 1453 1969 militiae
1463 1905 1590 1985 Templi
1605 1906 1775 1967 Parisien·

129 1992 219 2063 modi
228 2003 353 2065 scelere
364 2004 492 2079 patrato
506 2005 727 2072 contraxerat,
736 2018 801 2063 non
813 2005 923 2078 posset
978 2006 1034 2075 sis,
1047 2004 1276 2066 mandavimus
1287 2003 1361 2065 sine
1372 2018 1475 2074 mora,
1490 2005 1574 2064 utea
1587 2019 1663 2081 quae
1676 2002 1776 2065 habet

128 2102 312 2161 conventus
339 2115 359 2160 a
390 2099 454 2160 loci
487 2100 657 2161 ordinarie
690 2115 727 2160 se
759 2114 921 2175 purgare,
977 2103 1018 2164 de
1031 2102 1189 2169 vicesima
1199 2100 1359 2177 Francia,
1369 2116 1455 2178 quae,
1466 2100 1552 2161 sicut
1566 2100 1771 2176 accepimus,

128 2197 255 2271 sponte,
271 2195 436 2260 abbatiam
451 2197 612 2257 removeri
630 2197 671 2257 ab
685 2212 725 2256 eo
741 2196 923 2257 sententia·
977 2201 1065 2261 circa
1079 2214 1240 2259 summam
1253 2197 1421 2261 sexdecim
1431 2198 1572 2259 millium
1583 2212 1772 2261 marcarum

128 2292 207 2353 liter
226 2294 388 2364 metuens,
405 2293 599 2368 resignavit
625 2296 704 2353 Curn
725 2293 833 2354 autem
852 2294 922 2369 ipse
977 2297 1176 2365 ascendunt,
1202 2295 1332 2356 studeat
1364 2295 1497 2355 divisim
1531 2310 1591 2371 per
1623 2295 1775 2355 diversos

127 2389 333 2466 postmodum
355 2390 465 2451 redire
488 2391 529 2450 ad
549 2406 662 2451 eorum
685 2389 921 2450 monasterium
978 2394 1110 2454 nuntios
1132 2393 1309 2468 prudentes
1324 2393 1357 2453 et
1371 2392 1495 2463 fideles
1517 2391 1578 2451 sub
1591 2393 1773 2469 episcopo-

127 2502 188 2564 per
201 2486 266 2547 loci
279 2487 567 2563 metropolitanum
590 2489 751 2561 Mogont,
768 2486 923 2547 videlicet
977 2507 1050 2551 rum
1063 2490 1248 2552 etaliorum
1263 2489 1451 2555 testimonio
1463 2488 1604 2563 signata,
1622 2489 1657 2553 in
1667 2489 1772 2566 ipsius

126 2583 425 2659 archiepiscopum,
440 2584 922 2660 niteretur,ipsidicenteseum
976 2591 1087 2649 Terrae
1115 2586 1298 2649 subsidium
1325 2586 1479 2650 celeriter
1503 2586 1687 2655 destinare,
1715 2586 1771 2649 tibi

127 2681 162 2749 in
180 2680 316 2741 arctiori
332 2681 404 2741 loco
425 2681 623 2756 ponendum,
640 2680 696 2740 ubi
720 2681 840 2741 delicta
862 2696 921 2741 sua
978 2685 1018 2746 ab
1034 2685 1115 2761 ipsis
1130 2684 1256 2747 nuntiis
1271 2684 1306 2744 in
1319 2683 1519 2745 venerabilis
1535 2682 1650 2745 iratris
1665 2684 1773 2747 nostri

127 2779 262 2854 inpane
284 2777 409 2839 doloris
430 2780 462 2838 et
482 2778 692 2839 contritionis
715 2793 800 2853 aqua
820 2776 924 2838 defle-
978 2781 1174 2860 patriarchae
1184 2795 1224 2841 ac
1237 2780 1376 2841 illustris
1384 2781 1473 2856 regis
1485 2780 1770 2856 lerosolymitani,

126 2875 188 2945 ret,
205 2876 238 2937 et
252 2875 471 2950 proponentes
485 2874 569 2949 quod
583 2874 783 2934 monasterio
798 2889 924 2935 renun·
977 2895 1017 2941 ac
1040 2879 1273 2954 magistrorum
1293 2877 1484 2953 Hospitalis,
1511 2880 1546 2939 et
1565 2877 1712 2961 Templi,
1734 2893 1771 2937 ac

127 2971 244 3032 titisset
256 2971 414 3046 ipsorum,
424 2986 514 3033 exeo
527 2972 611 3047 quod
626 2971 763 3032 alterius
774 2971 922 3046 regimen
978 2977 1093 3037 domus
1112 2975 1378 3044 Teutonieorum,
1399 2974 1432 3036 et
1455 2974 1616 3050 principis
1636 2975 1771 3035 exerci-

126 3071 161 3129 et
174 3067 447 3143 gubernationem
462 3069 708 3145 assumpsisset,
723 3084 851 3129 necnon
867 3069 921 3146 ip·
977 3074 1031 3133 tus
1055 3075 1287 3138 Romanorum,
1308 3070 1486 3145 presentis
1509 3069 1710 3140 exbibenda,
1740 3071 1772 3132 et

127 3166 199 3227 sius
223 3166 395 3236 malitiam,
422 3181 521 3242 quam
542 3167 671 3242 experti
690 3165 832 3236 inerant,
852 3181 924 3227 me-
978 3167 1192 3244 expendenda
1207 3182 1266 3242 per
1284 3167 1327 3237 te,
1342 3182 1417 3226 cum
1429 3167 1577 3242 ipsorum
1585 3167 1771 3229 consilioet

75 3337 84 3350 .
126 3264 270 3335 tuentes,
287 3279 329 3325 ne
348 3263 457 3338 ipsum
478 3262 635 3340 prelatus
652 3261 924 3339 archiepiscopus
978 3267 1119 3327 aliorum
1134 3279 1216 3341 quos
1231 3263 1354 3325 videris
1367 3262 1587 3335 advocandos,
1604 3264 1704 3340 prout
1717 3278 1770 3324 res

126 3361 300 3421 indictum
322 3361 558 3455 monasterium
573 3360 758 3426 reduceret,
776 3361 923 3441 nostram
979 3362 1143 3426 videbitur
1157 3360 1336 3437 postulare.

127 3458 332 3520 audientiam
352 3456 573 3534 appellarunt.
599 3460 722 3518 Verum
737 3457 815 3533 quia
837 3472 924 3532 pras·
1019 3464 1106 3522 Sane
1120 3459 1156 3519 in
1170 3458 1381 3521 Provinciam
1395 3460 1453 3519 aut
1468 3458 1504 3519 in
1518 3458 1681 3521 Graeciam
1697 3457 1775 3519 nul-

125 3555 213 3627 iatus
237 3554 421 3616 monachus
447 3554 592 3617 nondum
616 3554 657 3615 ab
684 3569 809 3626 eorum,
825 3568 925 3630 super
979 3559 1028 3619 los
1044 3556 1178 3618 omnino
1194 3571 1252 3631 pro
1268 3553 1416 3617 subsidio
1428 3557 1540 3617 Terre
1556 3557 1688 3625 Sancta
1703 3571 1774 3617 cru·

125 3651 925 3729 boc,vexationequievitdesendisuperhocper
979 3655 1167 3728 cesignatos
1188 3652 1386 3726 direximus3
1414 3652 1492 3722 sed,
1518 3667 1593 3719 cum
1622 3651 1772 3715 baeretici

126 3751 243 3813 Sedem
260 3749 484 3827 apostolicam
497 3749 679 3827 petierunt;
694 3749 845 3810 nolentes
860 3747 925 3824 igi·
978 3750 1171 3825 Albigenses
1200 3748 1361 3808 adversus
1387 3749 1565 3809 Ecclesiam
1588 3748 1771 3811 deteriores

125 3851 179 3910 tur
193 3851 239 3920 ut,
256 3848 286 3909 si
299 3846 472 3924 praemissa
487 3846 628 3907 veritate
643 3846 804 3917 nituntur,
825 3860 924 3920 super
978 3848 1190 3922 insurgerent
1209 3846 1396 3917 Saracenis,
1418 3848 1449 3907 et
1473 3846 1540 3907 alia
1554 3848 1649 3922 parte
1664 3849 1769 3907 Cons-

124 3945 315 4023 recepticne
329 3945 436 4022 ipsius
447 3942 600 4006 monachi
617 3942 844 4019 supradictum
858 3958 925 4003 mc·
978 3944 1258 4020 tantinopolltano
1273 3943 1412 4018 imperio
1433 3943 1626 4007 amissionis
1650 3943 1774 4005 dicere·

125 4044 307 4107 nasterinm
337 4044 548 4118 aggravetur,
578 4039 771 4102 discretioni
804 4041 923 4101 vestrae
978 4043 1032 4103 tur
1046 4041 1230 4119 periculum
1241 4040 1427 4111 imminere,
1445 4040 1557 4102 ddeles
1571 4056 1638 4101 non
1656 4056 1774 4102 cruce-

124 4139 922 4222 perApostolicascriptamandemusquatenus.
978 4140 1127 4215 signatos
1167 4140 1207 4199 ad
1243 4138 1503 4199 succurrendum
1537 4152 1597 4213 per
1642 4140 1772 4198 nostras

124 4240 154 4311 si
175 4241 228 4303 est
248 4241 305 4312 ita,
332 4238 495 4299 monacho
511 4236 573 4313 ipsi
595 4251 697 4311 super
718 4235 781 4295 hoc
801 4249 923 4310 perpe·
978 4237 1106 4299 litteras
1143 4236 1370 4306 incitavimus,
1400 4249 1560 4312 expresso
1588 4235 1623 4295 in
1651 4235 1773 4297 litteris

123 4340 216 4400 tuum
231 4337 402 4399 silentium
412 4334 607 4411 imponatis3
625 4332 711 4410 quod
731 4332 760 4391 si
773 4346 838 4394 non
852 4345 924 4391 om-

124 4450 185 4497 nes
198 4434 242 4497 iis
256 4432 477 4510 exsequendis
488 4433 651 4493 interesse
662 4428 847 4506 potueritis,
858 4426 923 4488 duo

124 4534 177 4595 vel
197 4535 282 4597 alter
302 4533 450 4595 vestrum
467 4546 506 4593 ea
522 4528 739 4593 nihilominus
754 4540 923 4601 exsequa-

123 4634 316 4694 tannetum
336 4630 513 4700 Reate,Vll
525 4627 601 4688 idus
612 4623 819 4703 septembris
832 4622 921 4698 pont.

124 4729 230 4792 nostri
244 4744 333 4790 anno
347 4727 476 4804 quarto.

476 4886 568 4975 XIX

164 5019 218 5079 Ad
237 5017 432 5091 Pelagium,
448 5014 674 5073 albanensem
688 5007 886 5077 episcopum

296 5116 333 5174 io
353 5112 469 5184 Sorte,
486 5111 525 5168 Α.
542 5109 577 5168 S.
591 5103 752 5180 enatum.

410 5215 423 5270 l
440 5211 534 5269 octob.
551 5209 630 5268 lili.

231 5315 368 5381 [moena.
378 5312 436 5362 nec.
448 5309 493 5359 ee
504 5307 579 5364 nec,
594 5309 613 5354 t.
627 5304 695 5361 xlx,
707 5316 733 5366 p.
742 5301 814 5365 econ

125 5410 165 5467 lie
180 5405 301 5481 pecnnia
311 5417 339 5461 in
351 5397 615 5471 crucesignatorum
626 5392 762 5451 auxilium
772 5387 920 5448 mittenda.

163 5512 330 5580 Honorius
343 5507 517 5586 episcopus
533 5517 649 5565 servus
658 5514 833 5563 servorum
848 5497 919 5568 Dei,

160 5629 202 5703 (l)
221 5626 324 5686 Melius
336 5626 525 5681 converteret.

978 4335 1073 4410 ipsis,
1107 4335 1144 4394 ut
1178 4333 1290 4393 nullus
1318 4333 1567 4408 crucesignatus
1595 4331 1638 4393 ad
1662 4335 1773 4394 Terrae

980 4433 1109 4493 Sanctae
1134 4430 1318 4490 subsidium
1333 4429 1402 4490 alio
1422 4430 1633 4491 convertetur
1648 4428 1696 4508 (1)
1712 4428 1774 4490 iter

979 4544 1087 4589 suum.
1114 4527 1218 4598 Unde,
1244 4526 1322 4588 licet
1347 4527 1442 4588 multi
1465 4527 1506 4587 de
1528 4542 1617 4587 novo
1641 4542 1773 4588 crucem

978 4629 1092 4687 contra
1101 4624 1653 4702 ipsoslilbigensesassumpserint,
1663 4624 1773 4685 nullos

977 4725 1088 4785 tamen
1106 4723 1355 4797 crucesignatos
1377 4738 1436 4797 pro
1454 4721 1642 4799 saepedictas
1662 4724 1772 4793 Terra

979 4821 1111 4882 Sanctae
1121 4834 1281 4881 succursu
1296 4818 1412 4880 c'ontm
1424 4819 1501 4879 illos
1515 4819 1684 4880 credimus
1696 4834 1775 4897 pro-

978 4919 1130 4978 cessisse.
1150 4920 1256 4978 Porro
1269 4931 1370 4992 super
1383 4914 1470 4977 iacto
1489 4915 1658 4976 vicesimae
1679 4914 1772 4977 nobis

977 5015 1077 5077 aliter
1086 5014 1260 5087 scriberes,
1273 5012 1302 5073 si
1314 5028 1365 5081 ea,
1376 5029 1449 5090 quae
1461 5012 1503 5073 de
1515 5013 1572 5074 tuo
1583 5015 1617 5073 et
1629 5013 1773 5075 aliorum

979 5111 1118 5174 fratrum
1145 5112 1331 5174 nostrorum
1360 5109 1502 5171 consilio
1525 5109 1567 5169 de
1594 5110 1654 5170 illa
1681 5109 1774 5171 inere

977 5210 1148 5287 disposita,
1175 5208 1295 5270 melius
1317 5209 1350 5268 in
1365 5207 1559 5269 memoriam
1582 5223 1770 5270 revocares.

978 5308 1070 5368 Sicut
1089 5307 1177 5369 enim
1201 5308 1294 5382 potes
1315 5304 1473 5377 recolere,
1496 5303 1537 5365 ab
1557 5305 1630 5381 ipso
1647 5308 1771 5366 nostra

976 5403 1192 5482 promotionis
1217 5402 1365 5473 exordio,
1393 5401 1436 5462 ad
1457 5401 1685 5477 suspicionem
1701 5400 1769 5463 tol-

977 5501 1193 5574 lendam,tt1it
1204 5501 1246 5562 de
1259 5499 1399 5563 consilio
1409 5499 1575 5561 communi
1586 5499 1771 5576 provisum,
