3824 6180
126 293 188 354 503

127 452 311 514 venerabili
327 453 458 515 tratri...
477 453 699 514 Dunkeldensi
713 454 878 530 episcopo,
890 452 923 514 et

128 548 258 612 dilectis
273 551 351 610 tiliis
367 551 524 626 magistro
540 550 675 622 Jacobo,
693 551 867 627 capellano
890 553 923 612 et

50 692 53 696 Α
128 649 374 724 poenitentiario
397 648 521 719 nostro,
542 648 847 724 apostolicaesedis
869 648 921 708 16-

127 744 215 818 gate,
241 745 309 806 et...
338 743 449 806 abbati
476 745 516 805 de
542 744 779 805 Dnmlermelin
809 744 922 806 Sancti

127 840 267 901 Andreae
283 841 446 912 dioecesis,
464 842 616 912 salutem,
633 844 695 903 etc.

170 937 285 999 Oblata
307 937 403 999 nobis
418 938 529 1000 dilecti
549 939 647 999 tilii...
664 939 785 1015 prioris
811 937 922 998 Sancti

126 1035 268 1097 Andreae
298 1036 501 1113 conquaestio
525 1036 689 1112 patefecit,
712 1035 798 1111 qued
822 1051 922 1111 quum

128 1131 216 1192 idem
231 1129 311 1192 olim
327 1132 460 1209 propter
477 1133 618 1209 injrrrias
640 1133 672 1194 et
692 1131 923 1209 oppressiones

127 1230 251 1300 varias,
269 1229 387 1306 quihus
406 1230 513 1306 ipsum
526 1231 559 1290 et
571 1246 649 1290 suos
662 1218 776 1291 eorum
789 1227 922 1304 episco-

126 1340 189 1401 pus
207 1324 383 1401 affligebat,
409 1325 450 1386 ad
473 1327 620 1386 nostram
638 1325 841 1386 audientiam
858 1340 922 1399 ap·

127 1421 295 1497 pellasset,
313 1423 434 1483 etcum
447 1425 485 1482 11.
504 1423 544 1482 de
560 1421 676 1482 Dimde
691 1422 851 1482 canonice
863 1436 923 1481 sue

126 1518 326 1594 arripuisset
350 1518 413 1580 iter
438 1534 539 1579 causa
560 1518 783 1595 prosequendi
804 1517 922 1594 appel-

127 1613 285 1677 lationem
304 1632 397 1676 suam
422 1616 596 1678 adsedem
618 1616 841 1692 apostolicam
862 1630 923 1675 ve·

27 1703 33 1715 ’
125 1712 250 1784 niendi,
271 1729 345 1774 cum
361 1713 553 1774 infirmitate
569 1712 718 1789 corporis
738 1712 856 1774 etaliis
870 1711 925 1772 in-

127 1811 306 1870 commodis
331 1810 519 1886 impeditus,
536 1814 606 1887 jam
631 1810 751 1871 dictam
770 1809 922 1885 appella-

126 1906 251 1968 tionem
275 1908 497 1983 personaliter
521 1907 676 1983 prosequi
698 1921 763 1967 non
784 1906 921 1976 valeret,

123 2005 195 2080 jam
217 2004 340 2066 dictum
363 2004 561 2066 canonicum
580 2020 676 2063 suum
690 2019 789 2063 causa
804 2019 923 2079 prese-

127 2101 251 2178 quendi
274 2102 530 2178 appellationem
552 2101 757 2177 praemissam
780 2101 821 2161 ad
841 2117 923 2161 nos-

126 2199 212 2259 tram
226 2200 436 2274 praesentiam
449 2198 637 2260 destinavit.
651 2198 830 2274 Episcopus
844 2214 923 2259 vero

127 2295 295 2372 praelatus,
313 2297 349 2357 ut
362 2297 409 2356 sio
425 2297 541 2357 saltem
557 2296 665 2371 ipsum
680 2298 798 2356 etsuos
814 2297 925 2371 posset

36 2434 43 2452 ,
126 2393 270 2470 amplius
282 2409 477 2468 aggravare,
496 2394 536 2453 ad
547 2392 772 2454 venerabilem
788 2392 923 2453 tratrem

127 2492 313 2553 nestrum...
345 2490 622 2551 Dumblanensem
662 2491 853 2566 episcopum
892 2491 925 2550 et

128 2588 319 2663 conjudices
347 2589 461 2647 eontra
488 2587 661 2662 praelatum
684 2590 723 2646 H.
748 2602 848 2662 super
871 2602 921 2656 ee,

128 2685 212 2762 qued
228 2684 369 2755 dicebat,
389 2684 540 2744 eumdem
565 2684 605 2744 de
628 2684 780 2761 hisquae
796 2700 855 2760 pro
873 2684 924 2743 sa-

129 2780 222 2842 brica
244 2781 395 2842 ecclesiae
413 2782 525 2841 Sancti
549 2782 689 2842 Andreae
714 2782 921 2857 perceperat,

28 2907 34 2917 ·
128 2879 217 2940 nolle
251 2878 314 2938 sibi
351 2878 489 2938 reddere
515 2879 689 2949 rationem,
716 2878 923 2953 Apostolicas

128 2975 258 3041 litteras
288 2975 489 3052 impetravit,
518 2976 589 3052 qui,
617 2976 779 3036 citatoriis
803 2975 922 3037 litteris

127 3074 168 3135 ad
187 3074 361 3134 ecclesiam
378 3075 593 3133 memoratam
608 3073 824 3139 transmissis,
842 3089 923 3148 prae-

127 3169 230 3230 iatum
244 3173 296 3242 H.,
309 3170 479 3231 absentem
501 3185 659 3230 excausa
675 3170 824 3246 praelata,
842 3185 923 3231 cen-

126 3270 290 3329 tumacem
304 3269 496 3343 reputantes
512 3283 571 3343 pre
590 3282 640 3332 eo,
663 3268 749 3343 quod
772 3251 807 3327 se
831 3268 923 3342 ipso-

125 3380 200 3426 rum
226 3366 416 3441 conspectui
450 3365 587 3424 minime
624 3364 855 3440 praesentavit,
886 3364 920 3423 in

127 3461 289 3532 eumdem,
302 3462 380 3522 licet
394 3464 468 3536 ejus
480 3461 630 3521 absentia
646 3475 706 3536 per
722 3464 920 3536 procurato·

125 3573 195 3619 rem
215 3559 319 3634 ipsius
343 3559 477 3634 prioris
495 3573 592 3635 quem
612 3557 801 3633 specialiter
821 3572 921 3618 causa

126 3655 293 3731 tangebat,
309 3657 341 3717 et
353 3656 456 3716 alium
469 3654 667 3716 canonicum
682 3654 822 3714 suumin
835 3670 923 3731 prae-

125 3754 302 3814 missorum
326 3754 476 3830 judicum
504 3752 682 3829 praesentia
718 3751 922 3812 sufficienter

125 3852 283 3913 excusata
298 3849 426 3921 luisset,
447 3851 488 3910 de
501 3849 587 3910 lacte
605 3849 922 3910 excommunicatio-

126 3950 178 4010 nis
202 3949 400 4010 sententiam
418 3947 684 4024 promulgarant,
704 3947 921 4007 nibilominus

123 4047 159 4108 in
175 4046 379 4125 superiorem
395 4046 427 4106 et
438 4045 620 4121 capitulum
637 4044 787 4105 eeclesiae
802 4059 922 4119 supra-

124 4145 222 4206 dictae
237 4160 297 4220 pro
321 4160 372 4215 eo,
389 4143 474 4220 quod
496 4143 538 4202 ad
561 4142 751 4202 mandatnm
773 4143 921 4218 ipsorum

124 4257 213 4317 saepe
234 4241 354 4302 iactum
369 4240 564 4301 canonicum
585 4239 919 4308 excommunicatum,

125 4339 323 4399 sirutetiam
344 4353 405 4397 nec
429 4336 601 4406 debebant,
625 4336 760 4396 minime
785 4336 922 4397 nuntia-

124 4438 216 4507 runt,
240 4434 482 4511 suspensionis
507 4437 539 4495 et
561 4434 595 4492 in
612 4433 718 4509 ipsam
744 4433 920 4494 ecclesiam

125 4533 293 4596 interdicti
309 4531 491 4593 sententias
503 4532 761 4607 promulgantes.
779 4531 921 4607 ideoque

124 4630 319 4694 discretioni
345 4632 465 4690 vestrae
492 4645 550 4705 per
575 4628 763 4705 apostolica
797 4629 920 4704 scripta

123 4730 331 4800 mandamus
355 4727 529 4804 quatenus,
546 4726 575 4786 si
588 4727 638 4787 est
652 4726 710 4796 ita,
727 4726 833 4787 dictas
850 4742 922 4786 sen-

124 4829 245 4889 tentias
265 4825 376 4886 nullas
401 4839 475 4886 esse
491 4823 620 4900 penitus
636 4824 840 4893 nuntiantes,
860 4840 922 4884 au-

124 4926 223 4985 diatis
243 4939 390 4991 causam,
403 4922 445 4993 et,
459 4921 683 4997 appellatione
700 4924 839 4992 remota,
857 4921 921 4981 fine

123 5021 233 5083 debito
247 5020 443 5090 terminetis,
466 5017 637 5085 facientes,
661 5018 747 5094 quod
763 5019 923 5080 decreve-

123 5119 207 5188 ritis,
226 5132 286 5193 per
307 5130 481 5177 censuram
497 5114 758 5175 eeclesiasticam
782 5114 922 5176 firmiter

124 5214 311 5288 observari3
325 5211 473 5288 alioquin
487 5213 597 5287 partes
613 5211 652 5271 ad
671 5212 826 5287 priorem,
844 5213 919 5284 ete,

124 5313 357 5389 appellantem,
384 5309 446 5370 eto.
468 5308 609 5379 Quodsi
636 5324 702 5368 non
729 5324 843 5371 omnes
867 5310 921 5370 his

123 5409 287 5470 interesse
302 5405 465 5484 poteritis,
483 5405 547 5465 due
563 5405 615 5465 vel
630 5421 716 5465 unus
728 5420 767 5465 ea
783 5406 922 5483 exsequi

103 5507 226 5581 curet.
252 5507 368 5566 Datum
386 5503 472 5580 apud
490 5502 610 5564 Urbem
622 5505 789 5573 Veterem,
807 5504 921 5580 quinte

95 5584 352 5678 lidusaugustb
362 5601 918 5679 pontificatusnostriannequinte.

742 296 916 356 IlONORII
940 296 984 355 111
1005 295 1154 356 OPERA.
1261 244 1265 269 Ι

1318 443 1423 549 ‘nin

1015 597 1067 656 Ad
1084 597 1357 670 archiepiscopos
1377 595 1411 655 et
1436 596 1613 669 eptscepos
1638 595 1737 667 replet

1273 694 1478 767 Hrceperiae.

1240 806 1271 862 ll
1298 805 1412 878 augusti
1436 803 1514 861 1220.

1106 910 1234 975 [Thalnam
1246 911 1314 960 lion.
1328 910 1499 973 llnngariae,l,
1512 907 1553 970 st,
1564 924 1591 958 n.
1601 908 1656 974 db]

977 1007 1207 1080 archiepiscopis
1235 1014 1264 1065 et
1284 1008 1426 1080 episcopis
1449 1006 1616 1080 ilungariae,
1644 1014 1675 1064 ut
1699 1008 1774 1080 regi-

1013 1111 1090 1165 nam,
1107 1097 1132 1152 si
1147 1098 1238 1153 virum
1253 1110 1337 1153 suum
1352 1095 1424 1152 meri
1442 1096 1601 1168 contingat,
1626 1093 1779 1153 defendant

1013 1192 1041 1241 et
1051 1183 1180 1257 ejusdem
1194 1183 1401 1256 possessiones.

1019 1293 1186 1377 Honorius
1215 1292 1400 1368 episcopus,
1427 1293 1502 1360 etc„
1529 1290 1781 1352 venerabilibus

979 1387 1136 1449 fratribus
1157 1389 1416 1465 archiepiscopis
1442 1389 1476 1450 et
1495 1389 1663 1466 episcopis
1683 1389 1779 1464 regni

979 1487 1169 1560 nungariae,
1185 1486 1335 1557 salutem,
1353 1487 1415 1547 etc.

1019 1584 1125 1654 Quum
1162 1582 1369 1642 carissimam
1401 1583 1436 1642 in
1471 1583 1601 1643 Christo
1632 1581 1776 1643 tiliam...

979 1681 1210 1755 Huugarorum
1227 1680 1376 1754 reginam
1390 1680 1554 1740 illustrem
1570 1695 1647 1740 cum
1669 1680 1781 1740 omni-

978 1776 1050 1846 bnS,
1061 1792 1134 1852 quae
1143 1776 1178 1836 in
1190 1777 1443 1853 praesentiarum
1452 1774 1701 1837 rationabiliter
1708 1792 1782 1852 pos·

980 1872 1075 1942 sidet,
1101 1874 1158 1932 aut
1184 1871 1217 1933 in
1243 1872 1389 1932 luterum
1407 1871 1506 1947 justis
1525 1871 1651 1943 modis,
1676 1887 1788 1948 praes·

978 1970 1069 2031 tante
1084 1969 1234 2040 Domine,
1253 1970 1373 2045 poterit
1392 1968 1543 2044 adipisci,
1560 1967 1622 2029 sub
1639 1971 1778 2044 protec-

978 2066 1069 2126 tione
1092 2065 1281 2141 npestolica
1310 2065 1553 2140 receperimus:
1580 2064 1778 2125 fraternita-

977 2165 1044 2223 tem
1055 2164 1199 2223 vestram
1212 2162 1393 2236 rogandam
1410 2161 1565 2221 duximus
1586 2164 1618 2222 et
1637 2177 1780 2222 menen-

979 2258 1779 2336 dam,perApostolicavobisscriptamandantes,

979 2360 1140 2433 quatenus
1173 2357 1202 2416 si
1224 2357 1310 2417 sorte
1343 2356 1552 2416 carissimum
1580 2356 1616 2415 in
1646 2355 1782 2416 Christo

979 2454 1082 2513 filiurn
1096 2455 1243 2514 nestrum
1254 2456 1424 2528 A.‚regem
1435 2456 1670 2527 Hungarerum
1682 2452 1787 2512 illus·

979 2553 1074 2621 trem,
1091 2550 1199 2611 virum
1213 2550 1327 2626 ipsius,
1344 2551 1471 2610 naturae
1483 2549 1630 2610 debitum
1646 2550 1777 2610 solvere

979 2649 1156 2722 contigerit
1170 2648 1247 2708 ante
1267 2647 1369 2717 illam,
1390 2647 1496 2722 ipsam
1519 2645 1681 2706 habentes
1694 2662 1777 2722 pro-

979 2745 1112 2821 pensius
1150 2744 1434 2804 eommendatam:
1475 2760 1540 2803 nen
1576 2744 1778 2820 permittatis

978 2842 1127 2903 eamdem
1142 2858 1242 2919 super
1262 2842 1337 2902 dote
1358 2845 1390 2903 et
1412 2840 1489 2901 aliis
1504 2840 1774 2917 possessionibus

978 2940 1010 3000 et
1024 2939 1205 3000 redditibus
1220 2939 1317 2999 suisa
1333 2954 1497 3015 quoquam
1511 2938 1637 2999 temere
1649 2938 1777 2999 meles-

977 3038 1052 3108 tari,
1079 3037 1334 3112 praesumptores
1359 3035 1559 3112 hujusmodi,
1587 3035 1776 3096 monitione

979 3134 1162 3209 praemissa,
1200 3150 1259 3209 per
1293 3149 1468 3193 censuram
1497 3132 1771 3202 ecclesiasticam,

977 3231 1200 3306 appellatione
1213 3230 1392 3306 postposita
1399 3228 1649 3305 compescendo.
1659 3230 1779 3290 Datum

977 3328 1063 3403 apud
1092 3327 1209 3387 Urbem
1239 3328 1410 3397 Veterem,
1446 3327 1490 3386 lll
1523 3325 1598 3386 idus
1630 3326 1776 3401 angusti,

976 3439 1065 3484 anne
1078 3424 1203 3500 quinte.

1342 3537 1412 3622 XX

1015 3670 1066 3729 Ad
1079 3672 1252 3731 loannem
1268 3684 1386 3745 repom
1400 3673 1438 3731 Η
1438 3672 1735 3743 ierosolymorum.

1245 3774 1275 3829 ll
1297 3773 1411 3845 augusti
1432 3773 1510 3830 1110.

1021 3868 1173 3933 [liaynaldi,
1194 3870 1286 3920 Annei.
1305 3870 1374 3928 eccl..
1387 3870 1421 3919 ad
1442 3883 1503 3918 ann.
1520 3869 1588 3926 imo,
1605 3868 1733 3932 soem]

976 3966 1068 4035 Quum
1086 3966 1213 4023 audisset
1232 3966 1375 4022 lionorius
1398 3981 1497 4038 regern
1525 3966 1717 4039 Hierosolym.
1744 3982 1778 4023 se

1012 4068 1076 4113 etun
1100 4054 1160 4111 suis
1181 4055 1309 4111 Damiate
1334 4053 1370 4110 ad
1403 4055 1548 4110 civitatem
1576 4055 1775 4112 acconensem

1011 4141 1190 4210 subduxisse,
1214 4143 1321 4199 veritus
1336 4156 1372 4198 ne
1393 4140 1555 4214 hujusmodi
1570 4141 1709 4213 protectio
1728 4143 1775 4198 ali-

1013 4229 1088 4302 quod
1101 4231 1256 4303 periculum
1272 4229 1440 4288 Christiane
1455 4230 1495 4286 rei
1510 4237 1630 4298 crearet,
1640 4231 1677 4288 ed
1693 4232 1772 4288 illum

1011 4319 1041 4375 iu
1057 4318 1152 4375 ellicie
1166 4317 1369 4376 continendum
1380 4317 1615 4390 bancepistolam
1630 4318 1746 4376 direxit.

1016 4435 1211 4495 Audivimus
1235 4436 1267 4495 te
1294 4435 1472 4496 secessisse
1494 4449 1513 4495 a
1541 4433 1691 4511 partibus
1708 4438 1777 4496 Da-

977 4532 1098 4604 miatae,
1123 4534 1157 4593 et
1179 4532 1219 4591 ad
1236 4532 1403 4593 civitatem
1418 4535 1528 4593 Accen
1544 4532 1692 4593 collectis
1705 4532 1771 4594 tuis

976 4629 1123 4702 viribus,
1133 4629 1326 4700 accessisse,
1344 4629 1429 4706 quod
1446 4630 1474 4690 si
1489 4644 1529 4690 eo
1544 4630 1728 4705 preposite,
1744 4631 1777 4690 et

976 4727 1242 4787 consideratione
1265 4725 1384 4798 iecisti,
1402 4729 1436 4787 ut
1459 4741 1667 4804 paganorum
1692 4742 1775 4803 par-

976 4826 1026 4885 tes
1041 4825 1117 4886 illas
1131 4823 1357 4885 infestantium
1380 4823 1571 4885 incursibus
1589 4823 1715 4897 obvies,
1745 4824 1777 4885 et

976 4923 1115 4983 conatus
1129 4921 1246 4991 elidas,
1263 4923 1353 4982 tuam
1369 4921 1637 4981 commendamus
1658 4921 1694 4981 in
1710 4924 1776 4982 Do-

977 5019 1067 5080 mino
1078 5018 1331 5097 prouidentiam,
1348 5018 1493 5078 maxime
1507 5018 1535 5078 si
1555 5017 1773 5079 Christiania

976 5117 1071 5193 parte
1098 5116 1157 5177 illa
1187 5131 1293 5193 usque
1330 5115 1413 5176 adeo
1443 5114 1655 5186 infestantur,
1687 5115 1773 5194 quod

973 5212 1775 5288 tantorideanturauxilioindigere.Porroalias

976 5310 1102 5387 regiam
1125 5309 1406 5386 magnificentiam
1429 5325 1496 5371 non
1529 5309 1661 5371 deceret
1700 5311 1776 5371 aliis

977 5423 1036 5485 pro
1051 5407 1114 5467 tlde
1124 5407 1244 5468 Chris
1221 5410 1313 5468 trane
1338 5405 1573 5484 pugnantibus,
1597 5408 1630 5468 te
1651 5422 1776 5469 vacare

977 5505 1091 5584 quieti,
1124 5504 1176 5565 vel
1206 5504 1348 5581 negotiis
1372 5502 1573 5581 specialibus
1602 5507 1772 5581 occupari.

978 5603 1061 5665 illud
1087 5601 1234 5680 protecto
1259 5601 1394 5664 credere
1419 5618 1485 5664 nen
1510 5601 1673 5674 valemus,
1689 5602 1777 5680 quod
