3774 6186
736 298 1065 359 musicamne.
1090 300 1145 360 111.
1704 300 1765 361 210

116 303 180 365 209

115 463 367 540 temporalium,
397 461 461 526 tibi
498 461 630 537 tuisque
667 459 914 522 successoribus
946 450 1038 521 'tula
1051 458 1267 520 ecclesiarum
1279 459 1319 520 de
1329 459 1449 536 Anglia
1460 461 1575 522 contra
1582 462 1660 538 jura
1670 461 1764 537 regia

116 561 277 622 duximus
290 560 487 622 auctoritate
501 557 713 635 praesentium
729 557 916 618 0011001101-
968 556 1268 617 etconsuetudines
1283 557 1481 634 approbatas
1492 557 1654 620 hactenns
1669 561 1701 620 et
1711 558 1766 620 oh·

116 657 197 718 dam
218 659 254 720 ut
273 660 309 719 tu
334 657 478 733 itemque
500 671 709 717 successores
732 654 780 716 tui
805 654 914 716 admi·
969 655 1120 715 servatas
1146 655 1270 715 temere
1298 655 1482 727 venientes,
1512 655 1605 731 regia
1630 655 1765 718 licentia
1862 694 1871 706 -

116 756 303 817 uistrautes
316 754 351 815 in
365 755 480 815 eadem
498 753 638 815 ecclesia
655 768 754 830 quum
778 767 914 813 necesse
970 767 1035 812 nou
1046 750 1148 828 petita
1163 750 1359 812 vacantibus
1375 753 1527 814 ecclesiis
1536 753 1576 814 ad
1586 752 1765 824 electiones

115 852 223 914 inerit
237 851 413 927 corrigatis
433 854 467 912 et
490 850 677 912 reformetis
698 866 737 911 ac
761 849 914 911 statuatis
969 849 1138 925 pastorum
1162 865 1228 909 non
1250 849 1324 910 sine
1346 850 1451 926 ipsius
1472 850 1561 926 regis
1574 853 1764 930 contemptu

117 950 210 1011 sieut
224 965 363 1027 quaeque
378 964 437 1026 pro
451 953 598 1024 ternpore
613 963 673 1010 suo
693 946 915 1023 cognoveritis
969 945 1162 1021 procedunt,
1188 945 1274 1007 alias
1308 946 1537 1023 multipliciter
1566 947 1765 1025 injuriantes

116 1047 232 1109 0111010
246 1047 408 1122 indigere,
425 1045 686 1107 contradictores
705 1045 734 1105 si
759 1045 815 1121 qui
837 1043 914 1104 iue—
969 1042 1087 1103 eidem.
1114 1044 1197 1115 Quia
1222 1044 1324 1119 igitur
1348 1060 1483 1105 causam
1504 1045 1653 1122 praedicti
1676 1046 1764 1123 regis

117 1145 190 1206 rint
205 1145 258 1205 vel
273 1143 415 1206 rebelles
426 1159 485 1220 per
497 1158 657 1204 censuras
669 1141 914 1203 ecclesiasticas
970 1141 1137 1216 propriam
1152 1143 1355 1217 reputemus,
1384 1142 1536 1202 nolentes
1557 1158 1633 1203 eum
1651 1143 1687 1204 in
1702 1160 1763 1206 suo

117 1243 273 1305 submotu
297 1242 520 1319 appellatione
553 1239 802 1317 compescendo.
823 1238 914 1300 Nulli
965 1241 1042 1314 jure
1059 1237 1126 1313 pati
1136 1239 1314 1314 jacturam,
1329 1239 1598 1301 discretiouituae
1611 1245 1765 1318 [101Αο0-

117 1356 201 1415 ergo
226 1339 396 1400 hominum
425 1338 533 1408 liceat,
563 1339 625 1399 etc.
655 1339 773 1398 Datum
802 1338 914 1398 Romae
970 1334 1086 1395 stolica
1102 1335 1223 1412 scripta
1240 1336 1623 1413 mandamus,quateuus
1637 1338 1763 1415 praela-

116 1437 207 1514 apud
238 1438 394 1497 Sanctum
423 1438 570 1507 Petrum,
587 1437 617 1496 X
642 1433 802 1495 kalendas
822 1433 913 1504 maii,
969 1433 1020 1492 tos
1035 1433 1067 1492 et
1079 1432 1225 1508 capitula
1246 1433 1282 1494 ut
1295 1433 1402 1494 eidem
1424 1434 1495 1509 regi
1510 1434 1596 1496 sicut
1610 1436 1765 1498 convenit

117 1533 331 1612 pontificatus
347 1532 451 1595 nostri
467 1531 674 1594 annotertio.
970 1528 1165 1601 deierantes,
1189 1530 1230 1591 ad
1262 1530 1452 1608 hujusmodi
1483 1530 1661 1593 electiones
1695 1530 1762 1594 nisi

970 1627 1061 1702 prius
1085 1627 1190 1703 ipsius
1209 1628 1298 1703 regis
1315 1628 1416 1706 petita
1443 1628 1578 1691 licentia
1601 1645 1668 1690 non
1684 1644 1763 1708 pro-

969 1724 1097 1796 cedant,
1114 1726 1147 1786 et
1170 1724 1210 1786 ab
1226 1725 1302 1786 aliis
1323 1724 1457 1804 injuriis
1481 1725 1521 1787 de
1545 1727 1762 1789 001010001-

970 1821 1151 1898 quiescant,
1164 1838 1299 1884 moneas
1310 1824 1507 1900 propensius
1522 1824 1555 1886 et
1568 1824 1718 1896 inducas,
1729 1825 1762 1887 et

970 1919 997 1978 si
1011 1919 1168 1995 expedire
1182 1920 1316 1992 videris,
1326 1936 1387 1997 per
1399 1936 1573 1982 censuram
1585 1921 1763 1983 ecclesias-

971 2017 1069 2079 ticam
1093 2017 1316 2094 appellatione
1330 2021 1456 2079 remota
1476 2019 1608 2094 cognita
1616 2019 1763 2080 'veritate

422 1709 615 1797 CXCVIII
728 1735 730 1738 ‘

118 1831 913 1917 AdP.Nomotcensemetectum,adloquium.

399 1964 434 2022 13
453 1964 534 2036 april.
553 1963 632 2020 1119.
900 2041 903 2044 ‚

148 2073 271 2138 [1103011.
284 2071 329 2122 lib.
340 2071 383 2130 iil,
396 2070 469 2134 epIst.
480 2069 535 2119 tta.
548 2070 605 2120 lise.
616 2071 652 2120 La
663 2068 738 2119 Porta
747 2067 781 2117 du
790 2065 883 2132 rheti]

227 2176 342 2236 iiaudat
356 2184 386 2234 ut
397 2183 509 2235 tueatur
522 2176 599 2249 regis
611 2175 723 2248 Augila
732 2173 806 2246 iura.

158 2294 338 2367 Honorius,
354 2295 429 2367 eto,
441 2293 641 2354 dilectoiilio
652 2295 688 2354 P.
704 2290 915 2353 Norwicensi

116 2394 237 2462 electo,
253 2391 450 2468 apostolicae
466 2390 560 2452 Sedis
576 2391 696 2465 legato.

160 2493 270 2562 Quum
289 2488 505 2550 charissimus
525 2488 560 2547 in
575 2486 707 2547 Christo
728 2484 914 2546 1111101100-

119 2591 173 2650 ter
186 2587 352 2649 Henricus
366 2602 428 2648 rex
441 2585 621 2661 Auglorum
641 2582 781 2645 illustris
794 2597 914 2643 cruce-

120 2685 285 2761 signatus,
316 2682 461 2760 pupillus
480 2681 639 2742 custodiar
660 2680 753 2740 Sedis
774 2681 916 2755 Aposto-

121 2782 197 2843 licae
213 2779 391 2842 derelictus
406 2777 467 2839 sub
484 2780 596 2839 nostra
616 2777 820 2854 protectione
834 2791 916 2837 cou-

119 2879 229 2950 sistat,
254 2878 340 2939 sicut
360 2879 438 2956 jura
461 2879 534 2953 ejus
558 2877 629 2936 sine
658 2878 771 2936 nostra
789 2873 914 2951 injuria

119 2976 263 3038 detineri
277 2990 343 3038 uon
354 2975 492 3053 possunt
506 2973 548 3034 ab
563 2971 729 3050 aliquibus
745 2973 912 3047 usurpata,

119 3074 171 3134 sic
197 3073 240 3134 ad
263 3087 380 3137 manus
410 3070 558 3149 eiusdem
586 3069 702 3130 eadem
727 3067 915 3129 revocanda

117 3170 300 3232 efficaciter
314 3185 375 3232 nos
390 3169 482 3230 decet
493 3168 664 3230 intendere
676 3170 829 3244 tanquam
840 3181 916 3226 cau·

119 3283 193 3327 sam
221 3266 389 3344 propriam
411 3266 658 3342 prosequentes.
679 3262 917 3338 1101011011ςί-

119 3365 178 3424 tur
200 3363 348 3440 ejusdem
372 3363 461 3439 regis
485 3360 693 3422 indemnitati
713 3359 915 3436 providendo

121 3474 331 3531 mccurrere,
347 3460 401 3521 cui
414 3458 624 3535 nequivimus
639 3471 815 3519 occurrere
828 3471 917 3532 prae·

119 3557 281 3631 cavendo,
311 3556 504 3617 discretioni
539 3557 604 3616 tuae
637 3569 698 3630 per
727 3553 915 3629 ApostoIIca

120 3654 246 3730 scripta
265 3653 471 3720 mandamus,
488 3654 649 3729 quatenus
665 3652 785 3721 castra,
809 3649 917 3710 domi-

119 3752 191 3824 nia,
206 3750 444 3828 possessiones,
461 3751 495 3810 et
515 3749 582 3809 alia
597 3748 708 3809 omnia
728 3747 768 3808 ad
790 3747 915 3823 praeia-

119 3851 191 3912 tum
206 3864 318 3924 regem
330 3848 458 3924 dejure
476 3845 671 3924 spectantia,
684 3847 783 3921 prout
797 3859 917 3904 secun-

120 3947 200 4007 dum
213 3945 425 4007 consilium...
440 3944 581 4005 rectoris
600 3946 634 4004 et
649 3940 916 4002 consiliariorum

119 4043 211 4119 regis
226 4042 362 4105 utilitati
376 4044 405 4118 ej
411 4058 449 4102 us
461 4040 621 4117 expedire
633 4038 769 4109 videris,
783 4037 916 4098 studeas

119 4140 162 4202 ad
172 4138 455 4216 regisdominium
468 4152 638 4198 revocare.
650 4134 916 4198 contradictores

119 4238 150 4298 si
160 4238 218 4314 qui
232 4236 353 4298 tuerint
370 4235 424 4297 vei
436 4234 588 4305 rebelles,
606 4248 849 4310 percensuram
860 4246 916 4293 ec-

120 4334 345 4395 clesiasticam
373 4332 595 4409 appellatione
614 4331 797 4408 postposita
821 4345 915 4390 com-

119 4431 297 4509 pescendo.
311 4431 429 4492 Datum
443 4432 555 4490 Romae
577 4427 662 4504 apud
677 4429 834 4488 Sanctum
850 4429 916 4487 Pe-

118 4533 208 4594 trum
223 4544 313 4593 nono
327 4526 488 4588 kalendas
499 4524 578 4585 maii
593 4539 681 4599 auno
695 4524 805 4585 tertio.

444 4712 595 4799 CXCIX

403 4856 453 4915 Ad
467 4856 636 4914 eumdem.

405 4975 439 5032 23
454 4974 535 5047 april.
554 4973 632 5035 iate.

155 5093 278 5159 marest,
288 5089 334 5141 lib.
345 5088 389 5151 111,
404 5103 445 5153 ep.
457 5087 513 5138 lae.
525 5088 583 5138 lisa.
599 5090 634 5139 La
648 5088 722 5138 Porto
738 5083 877 5150 10111011]

294 5195 375 5255 idem
391 5201 592 5270 argumentum
606 5207 640 5251 ac
653 5207 749 5266 supra.

161 5315 366 5378 carIssimds
378 5313 413 5373 iu
426 5312 556 5374 Christo
565 5311 654 5371 tilius
667 5309 781 5371 noster
795 5308 919 5370 1101111-

969 2113 1159 2190 compellas.
1177 2116 1294 2175 Datum
1317 2117 1429 2175 Romae
1446 2115 1532 2191 apud
1560 2117 1593 2175 S.
1615 2117 1761 2188 Petrum,

969 2227 1057 2272 nono
1068 2211 1228 2274 kalendas
1240 2212 1330 2283 maii,
1348 2228 1436 2273 anno
1451 2211 1561 2273 tertio.

1009 2312 1046 2369 in
1061 2309 1212 2371 eumdem
1221 2309 1353 2370 modum
1364 2311 1478 2371 contra
1489 2309 1655 2387 praelatos,
1666 2310 1765 2372 etca-⁴

970 2406 1074 2483 pilula
1088 2406 1266 2468 Hiberniae.

1336 2521 1394 2608 CC

1029 2657 1081 2716 Ad
1099 2658 1258 2716 eumdem
1272 2658 1532 2718 norwicensem
1548 2657 1702 2718 electum.

1252 2767 1287 2825 23
1300 2767 1382 2840 april.
1401 2768 1480 2826 1219.

994 2876 1116 2937 [liegest.,
1128 2873 1173 2923 lib.
1188 2873 1233 2933 III,
1243 2873 1316 2938 epist.
1325 2873 1381 2923 3⁹9.
1392 2875 1449 2925 lisa.
1461 2875 1499 2924 La
1512 2874 1587 2925 Porta
1597 2875 1631 2926 du
1643 2875 1737 2938 rhein]
1862 2918 1865 2923 r

970 2971 1085 3029 Mandat
1105 2979 1136 3029 ut
1153 2969 1238 3028 iaciat
1259 2971 1377 3028 tirmiter
1397 2971 1543 3029 observari
1559 2972 1721 3045 juramenta
1745 2987 1761 3031 a

1099 3059 1284 3132 magnatibus
1298 3060 1361 3131 regi
1375 3061 1487 3133 Augila
1503 3062 1638 3134 prestita.

1010 3169 1188 3240 Honorius,
1205 3170 1280 3239 etc,
1292 3166 1411 3245 (electo
1423 3167 1641 3246 Norwicen.).

1010 3268 1090 3326 Cum
1103 3280 1237 3327 causam
1250 3265 1415 3326 carlssimi
1426 3265 1462 3324 iu
1475 3265 1606 3328 Christo
1620 3265 1766 3327 11111100-

969 3364 1012 3425 tri
1028 3364 1117 3440 regis
1128 3363 1310 3438 Auglorum
1325 3363 1465 3423 illustris
1477 3363 1643 3439 propriam
1653 3364 1763 3425 omni-

971 3461 1076 3522 modis
1106 3462 1315 3537 reputemus,
1342 3459 1484 3522 libenter
1511 3463 1582 3537 ejus
1611 3460 1763 3537 precihus

970 3559 1223 3636 acquiescimus,
1250 3558 1305 3635 qui
1335 3556 1517 3634 proiectum
1547 3570 1764 3633 procuramus

971 3656 1120 3732 ejusdem
1131 3656 1231 3717 etiam
1248 3671 1315 3716 uon
1337 3655 1458 3731 rogati.
1482 3657 1532 3716 Ex
1546 3656 1639 3731 parte
1653 3654 1762 3732 siqui-

971 3753 1044 3814 dem
1068 3753 1174 3829 ipsius
1200 3752 1296 3813 nobis
1317 3752 1379 3814 fuit
1402 3752 1573 3813 humiliter
1595 3752 1766 3830 supplica·-¹

970 3851 1063 3920 tum,
1099 3851 1136 3910 ut
1171 3865 1244 3910 cum
1281 3849 1431 3910 universi
1463 3851 1635 3924 magnates
1668 3848 1765 3925 regni

970 3946 1099 4022 angliae
1123 3962 1234 4007 coram
1262 3945 1382 4007 dilecto
1413 3945 1482 4005 tilio
1512 3945 1627 4006 nostro
1654 3946 1763 4006 (1.11-

971 4043 1032 4105 tuli
1055 4044 1168 4104 Sancti
1201 4041 1336 4103 Martini
1363 4041 1556 4119 presbytero
1590 4041 1763 4113 cardinali,

971 4144 1049 4203 tuuc
1061 4140 1258 4217 Apostolicae
1270 4138 1365 4200 Sedis
1375 4139 1495 4214 legato,
1507 4138 1664 4216 jurarint,
1679 4139 1765 4215 quod

972 4239 1127 4308 honores,
1142 4239 1174 4298 et
1185 4240 1262 4313 jura
1278 4236 1370 4311 regia
1393 4234 1633 4312 promovebunt
1651 4235 1764 4296 tideli-

970 4338 1033 4407 ter,
1041 4338 1074 4396 et
1086 4333 1276 4406 servabunt,
1287 4334 1320 4395 et
1331 4333 1416 4411 quod
1432 4349 1533 4410 super
1541 4333 1585 4394 iis
1594 4332 1716 4395 rectori
1730 4334 1765 4396 et

971 4431 1175 4494 consiliariis
1187 4432 1277 4507 regis
1286 4430 1585 4508 ejusdemitdeliter
1599 4431 1764 4503 obedient,

971 4532 1004 4591 et
1019 4531 1170 4607 potenter
1191 4530 1358 4600 assistent,
1376 4530 1473 4605 prout
1491 4528 1527 4589 in
1545 4529 1767 4590 instrumento

972 4627 1120 4688 coniecto
1146 4627 1268 4689 exinde
1294 4626 1416 4688 dicitur
1439 4626 1570 4703 plenius
1590 4625 1764 4697 contineri,

972 4740 1033 4785 uos
1042 4725 1232 4802 juramenta
1246 4722 1436 4799 hujusmodi
1446 4721 1631 4799 approhare
1645 4722 1765 4782 aucto-

972 4820 1071 4882 ritate
1086 4820 1276 4898 apostolica
1291 4800 1574 4895 dignaremur.'i)e
1586 4817 1643 4878 tua
1654 4817 1766 4894 itaque

971 4919 1172 4980 discretione
1182 4918 1314 4995 plenam
1327 4916 1362 4977 in
1378 4916 1515 4977 Domino
1536 4914 1691 4976 fiduciam
1707 4914 1767 4976 ob-

972 5016 1126 5087 tinentes,
1139 5031 1199 5092 per
1212 5014 1399 5091 apostolica
1415 5013 1476 5073 tibi
1488 5013 1613 5089 scripta
1627 5012 1767 5073 manda-

972 5130 1057 5183 mus,
1088 5114 1250 5190 quateuus
1270 5111 1460 5187 juramenta
1485 5110 1654 5187 praedicta,
1681 5108 1768 5170 sicut

973 5209 1111 5286 praeiato
1130 5209 1202 5284 regi
1216 5208 1340 5270 videris
1360 5207 1530 5284 expedire,
1552 5207 1693 5267 tirmiter
1706 5205 1768 5266 oh-

973 5305 1102 5367 servari
1126 5306 1264 5377 iaciens,
1285 5307 1414 5382 juratos
1437 5304 1479 5366 ad
1501 5303 1766 5365 observationem

114 5432 177 5478 cus
185 5429 249 5477 rex
257 5410 440 5487 anglorum
450 5409 591 5471 illustris
602 5424 696 5468 suam
707 5407 747 5468 ad
759 5423 820 5469 nos
832 5423 918 5485 quae·
974 5421 1087 5465 eorum
1104 5419 1163 5480 per
1182 5419 1357 5464 censuram
1370 5401 1631 5464 ecclesiasticam
1647 5400 1767 5477 appel·

113 5511 299 5580 simoniam
313 5507 504 5580 destinavit,
522 5506 606 5584 quod
623 5504 751 5583 praelati
771 5505 805 5567 et
819 5505 916 5582 capi·
973 5503 1098 5565 latione
1111 5503 1236 5564 remota
1250 5500 1439 5578 compellas.
1463 5499 1581 5561 Datum
1603 5498 1640 5559 ut
1653 5512 1765 5575 supra.
