<?xml version="1.0" encoding="UTF-8"?>
<!DOCTYPE html PUBLIC "-//W3C//DTD XHTML 1.0 Transitional//EN"
    "http://www.w3.org/TR/xhtml1/DTD/xhtml1-transitional.dtd">
<html xmlns="http://www.w3.org/1999/xhtml" xml:lang="en" lang="en">
 <head>
  <title>
</title>
<meta http-equiv="Content-Type" content="text/html;charset=utf-8" />
  <meta name='ocr-system' content='tesseract 3.04.00' />
  <meta name='ocr-capabilities' content='ocr_page ocr_carea ocr_par ocr_line ocrx_word'/>
</head>
<body>
  <div class='ocr_page' id='page_1' title='image "./mediiaevibiblio00horogoog_0438.png"; bbox 0 0 3774 6186; ppageno 0'>
   <div class='ocr_carea' id='block_1_1' title="bbox 75 292 138 354">
    <p class='ocr_par' dir='ltr' id='par_1_1' title="bbox 75 292 138 354">
     <span class='ocr_line' id='line_1_1' title="bbox 75 292 138 354; baseline 0 0"><span class='ocrx_word' id='word_1_1' title='bbox 75 292 138 354; x_wconf 76' lang='lat' dir='ltr'>sto</span> 
     </span>
    </p>
   </div>
   <div class='ocr_carea' id='block_1_2' title="bbox 75 449 875 2284">
    <p class='ocr_par' dir='ltr' id='par_1_2' title="bbox 76 449 873 627">
     <span class='ocr_line' id='line_1_2' title="bbox 76 449 873 519; baseline -0.003 -6"><span class='ocrx_word' id='word_1_2' title='bbox 76 450 223 513; x_wconf 90' lang='lat' dir='ltr'>uialibus</span> <span class='ocrx_word' id='word_1_3' title='bbox 247 453 280 513; x_wconf 89' lang='lat' dir='ltr'>S.</span> <span class='ocrx_word' id='word_1_4' title='bbox 308 449 480 512; x_wconf 84' lang='lat' dir='ltr'>Laurentii</span> <span class='ocrx_word' id='word_1_5' title='bbox 496 449 536 511; x_wconf 89' lang='lat' dir='ltr'>de</span> <span class='ocrx_word' id='word_1_6' title='bbox 550 449 711 519; x_wconf 81' lang='lat' dir='ltr'>venetiis,</span> <span class='ocrx_word' id='word_1_7' title='bbox 733 450 873 512; x_wconf 87' lang='lat' dir='ltr'>salutem</span> 
     </span>
     <span class='ocr_line' id='line_1_3' title="bbox 76 547 626 627; baseline -0.005 -16"><span class='ocrx_word' id='word_1_8' title='bbox 76 553 109 612; x_wconf 92' lang='lat' dir='ltr'>et</span> <span class='ocrx_word' id='word_1_9' title='bbox 121 549 336 627; x_wconf 90' lang='lat' dir='ltr'>apostolicam</span> <span class='ocrx_word' id='word_1_10' title='bbox 349 547 626 610; x_wconf 84' lang='lat' dir='ltr'>benedictionem.</span> 
     </span>
    </p>

    <p class='ocr_par' dir='ltr' id='par_1_3' title="bbox 75 646 875 2284">
     <span class='ocr_line' id='line_1_4' title="bbox 117 646 873 722; baseline -0.004 -13"><span class='ocrx_word' id='word_1_11' title='bbox 117 647 210 709; x_wconf 88' lang='lat' dir='ltr'>Solet</span> <span class='ocrx_word' id='word_1_12' title='bbox 224 661 373 707; x_wconf 83' lang='lat' dir='ltr'>annuere</span> <span class='ocrx_word' id='word_1_13' title='bbox 387 646 488 707; x_wconf 86' lang='lat' dir='ltr'>Sedes</span> <span class='ocrx_word' id='word_1_14' title='bbox 505 646 694 722; x_wconf 84' lang='lat' dir='ltr'>Apostollca</span> <span class='ocrx_word' id='word_1_15' title='bbox 708 647 773 722; x_wconf 87' lang='lat' dir='ltr'>piis</span> <span class='ocrx_word' id='word_1_16' title='bbox 788 647 873 708; x_wconf 82' lang='lat' dir='ltr'>rotis</span> 
     </span>
     <span class='ocr_line' id='line_1_5' title="bbox 76 743 875 821; baseline -0.004 -15"><span class='ocrx_word' id='word_1_17' title='bbox 76 747 110 806; x_wconf 92' lang='lat' dir='ltr'>et</span> <span class='ocrx_word' id='word_1_18' title='bbox 124 744 274 806; x_wconf 86' lang='lat' dir='ltr'>honestis</span> <span class='ocrx_word' id='word_1_19' title='bbox 288 745 467 821; x_wconf 89' lang='lat' dir='ltr'>petentium</span> <span class='ocrx_word' id='word_1_20' title='bbox 484 745 637 819; x_wconf 89' lang='lat' dir='ltr'>precibus</span> <span class='ocrx_word' id='word_1_21' title='bbox 653 743 801 804; x_wconf 86' lang='lat' dir='ltr'>savorem</span> <span class='ocrx_word' id='word_1_22' title='bbox 816 744 875 803; x_wconf 91' lang='lat' dir='ltr'>be-</span> 
     </span>
     <span class='ocr_line' id='line_1_6' title="bbox 77 841 872 918; baseline -0.004 -15"><span class='ocrx_word' id='word_1_23' title='bbox 77 842 234 903; x_wconf 82' lang='lat' dir='ltr'>nevolum</span> <span class='ocrx_word' id='word_1_24' title='bbox 262 842 438 918; x_wconf 89' lang='lat' dir='ltr'>impartiri.</span> <span class='ocrx_word' id='word_1_25' title='bbox 466 843 658 918; x_wconf 85' lang='lat' dir='ltr'>Eapropter,</span> <span class='ocrx_word' id='word_1_26' title='bbox 684 841 814 903; x_wconf 76' lang='lat' dir='ltr'>dilectae</span> <span class='ocrx_word' id='word_1_27' title='bbox 838 841 872 900; x_wconf 94' lang='lat' dir='ltr'>in</span> 
     </span>
     <span class='ocr_line' id='line_1_7' title="bbox 77 938 874 1015; baseline -0.001 -15"><span class='ocrx_word' id='word_1_28' title='bbox 77 940 217 1000; x_wconf 89' lang='lat' dir='ltr'>Domino</span> <span class='ocrx_word' id='word_1_29' title='bbox 238 939 327 1011; x_wconf 84' lang='lat' dir='ltr'>tiliae,</span> <span class='ocrx_word' id='word_1_30' title='bbox 350 938 472 1000; x_wconf 81' lang='lat' dir='ltr'>restris</span> <span class='ocrx_word' id='word_1_31' title='bbox 484 939 584 1015; x_wconf 91' lang='lat' dir='ltr'>justis</span> <span class='ocrx_word' id='word_1_32' title='bbox 600 938 754 1015; x_wconf 88' lang='lat' dir='ltr'>precibus</span> <span class='ocrx_word' id='word_1_33' title='bbox 776 939 874 999; x_wconf 93' lang='lat' dir='ltr'>incli-</span> 
     </span>
     <span class='ocr_line' id='line_1_8' title="bbox 76 1035 875 1113; baseline -0.003 -16"><span class='ocrx_word' id='word_1_34' title='bbox 76 1037 159 1109; x_wconf 89' lang='lat' dir='ltr'>nati,</span> <span class='ocrx_word' id='word_1_35' title='bbox 175 1037 373 1113; x_wconf 86' lang='lat' dir='ltr'>auctoritate</span> <span class='ocrx_word' id='word_1_36' title='bbox 386 1035 479 1097; x_wconf 88' lang='lat' dir='ltr'>vobis</span> <span class='ocrx_word' id='word_1_37' title='bbox 491 1037 706 1112; x_wconf 72' lang='lat' dir='ltr'>praesentium</span> <span class='ocrx_word' id='word_1_38' title='bbox 721 1035 875 1110; x_wconf 82' lang='lat' dir='ltr'>indulge-</span> 
     </span>
     <span class='ocr_line' id='line_1_9' title="bbox 77 1133 875 1210; baseline -0.001 -15"><span class='ocrx_word' id='word_1_39' title='bbox 77 1151 151 1195; x_wconf 90' lang='lat' dir='ltr'>mus</span> <span class='ocrx_word' id='word_1_40' title='bbox 167 1137 201 1197; x_wconf 89' lang='lat' dir='ltr'>ut</span> <span class='ocrx_word' id='word_1_41' title='bbox 225 1135 266 1194; x_wconf 92' lang='lat' dir='ltr'>da</span> <span class='ocrx_word' id='word_1_42' title='bbox 281 1133 455 1195; x_wconf 87' lang='lat' dir='ltr'>novalibus</span> <span class='ocrx_word' id='word_1_43' title='bbox 480 1149 553 1210; x_wconf 88' lang='lat' dir='ltr'>qnae</span> <span class='ocrx_word' id='word_1_44' title='bbox 568 1134 712 1210; x_wconf 90' lang='lat' dir='ltr'>propriis</span> <span class='ocrx_word' id='word_1_45' title='bbox 734 1134 875 1210; x_wconf 90' lang='lat' dir='ltr'>sumpti-</span> 
     </span>
     <span class='ocr_line' id='line_1_10' title="bbox 75 1231 874 1293; baseline -0.001 -1"><span class='ocrx_word' id='word_1_46' title='bbox 75 1231 139 1292; x_wconf 87' lang='lat' dir='ltr'>bus</span> <span class='ocrx_word' id='word_1_47' title='bbox 150 1232 258 1293; x_wconf 90' lang='lat' dir='ltr'>colitis</span> <span class='ocrx_word' id='word_1_48' title='bbox 273 1233 331 1293; x_wconf 89' lang='lat' dir='ltr'>aut</span> <span class='ocrx_word' id='word_1_49' title='bbox 344 1231 384 1292; x_wconf 90' lang='lat' dir='ltr'>de</span> <span class='ocrx_word' id='word_1_50' title='bbox 400 1234 584 1293; x_wconf 84' lang='lat' dir='ltr'>vestrorum</span> <span class='ocrx_word' id='word_1_51' title='bbox 600 1231 795 1291; x_wconf 91' lang='lat' dir='ltr'>animalium</span> <span class='ocrx_word' id='word_1_52' title='bbox 810 1248 874 1291; x_wconf 92' lang='lat' dir='ltr'>nu-</span> 
     </span>
     <span class='ocr_line' id='line_1_11' title="bbox 76 1328 873 1404; baseline -0.003 -13"><span class='ocrx_word' id='word_1_53' title='bbox 76 1330 243 1391; x_wconf 89' lang='lat' dir='ltr'>trimentis</span> <span class='ocrx_word' id='word_1_54' title='bbox 271 1329 383 1389; x_wconf 92' lang='lat' dir='ltr'>nullus</span> <span class='ocrx_word' id='word_1_55' title='bbox 410 1345 430 1389; x_wconf 94' lang='lat' dir='ltr'>a</span> <span class='ocrx_word' id='word_1_56' title='bbox 453 1328 547 1390; x_wconf 86' lang='lat' dir='ltr'>robis</span> <span class='ocrx_word' id='word_1_57' title='bbox 570 1329 715 1391; x_wconf 88' lang='lat' dir='ltr'>decimas</span> <span class='ocrx_word' id='word_1_58' title='bbox 738 1329 873 1404; x_wconf 79' lang='lat' dir='ltr'>exigere</span> 
     </span>
     <span class='ocr_line' id='line_1_12' title="bbox 79 1427 872 1505; baseline 0 -16"><span class='ocrx_word' id='word_1_59' title='bbox 79 1429 134 1489; x_wconf 81' lang='lat' dir='ltr'>rel</span> <span class='ocrx_word' id='word_1_60' title='bbox 144 1430 342 1504; x_wconf 84' lang='lat' dir='ltr'>extorquere</span> <span class='ocrx_word' id='word_1_61' title='bbox 353 1430 542 1505; x_wconf 90' lang='lat' dir='ltr'>praesumat.</span> <span class='ocrx_word' id='word_1_62' title='bbox 552 1427 643 1488; x_wconf 89' lang='lat' dir='ltr'>Nulli</span> <span class='ocrx_word' id='word_1_63' title='bbox 654 1428 872 1503; x_wconf 83' lang='lat' dir='ltr'>ergoomnino</span> 
     </span>
     <span class='ocr_line' id='line_1_13' title="bbox 76 1524 874 1602; baseline -0.001 -16"><span class='ocrx_word' id='word_1_64' title='bbox 76 1525 250 1586; x_wconf 88' lang='lat' dir='ltr'>hominum</span> <span class='ocrx_word' id='word_1_65' title='bbox 264 1525 364 1587; x_wconf 90' lang='lat' dir='ltr'>liceat</span> <span class='ocrx_word' id='word_1_66' title='bbox 378 1524 465 1586; x_wconf 90' lang='lat' dir='ltr'>banc</span> <span class='ocrx_word' id='word_1_67' title='bbox 484 1525 641 1602; x_wconf 82' lang='lat' dir='ltr'>paginam</span> <span class='ocrx_word' id='word_1_68' title='bbox 656 1526 780 1586; x_wconf 84' lang='lat' dir='ltr'>nostrae</span> <span class='ocrx_word' id='word_1_69' title='bbox 793 1541 874 1585; x_wconf 91' lang='lat' dir='ltr'>con-</span> 
     </span>
     <span class='ocr_line' id='line_1_14' title="bbox 77 1622 873 1698; baseline -0.003 -14"><span class='ocrx_word' id='word_1_70' title='bbox 77 1623 240 1684; x_wconf 85' lang='lat' dir='ltr'>cessionis</span> <span class='ocrx_word' id='word_1_71' title='bbox 263 1622 446 1698; x_wconf 82' lang='lat' dir='ltr'>insringere</span> <span class='ocrx_word' id='word_1_72' title='bbox 470 1622 522 1682; x_wconf 88' lang='lat' dir='ltr'>vel</span> <span class='ocrx_word' id='word_1_73' title='bbox 542 1623 573 1683; x_wconf 93' lang='lat' dir='ltr'>ei</span> <span class='ocrx_word' id='word_1_74' title='bbox 597 1637 681 1682; x_wconf 92' lang='lat' dir='ltr'>ausu</span> <span class='ocrx_word' id='word_1_75' title='bbox 695 1623 873 1683; x_wconf 88' lang='lat' dir='ltr'>temerario</span> 
     </span>
     <span class='ocr_line' id='line_1_15' title="bbox 78 1719 873 1801; baseline 0 -20"><span class='ocrx_word' id='word_1_76' title='bbox 78 1720 257 1782; x_wconf 87' lang='lat' dir='ltr'>contraire.</span> <span class='ocrx_word' id='word_1_77' title='bbox 272 1720 307 1781; x_wconf 83' lang='lat' dir='ltr'>Si</span> <span class='ocrx_word' id='word_1_78' title='bbox 322 1721 395 1801; x_wconf 89' lang='lat' dir='ltr'>quis</span> <span class='ocrx_word' id='word_1_79' title='bbox 411 1722 521 1781; x_wconf 89' lang='lat' dir='ltr'>autem</span> <span class='ocrx_word' id='word_1_80' title='bbox 536 1719 599 1781; x_wconf 88' lang='lat' dir='ltr'>boc</span> <span class='ocrx_word' id='word_1_81' title='bbox 615 1721 780 1782; x_wconf 86' lang='lat' dir='ltr'>attentare</span> <span class='ocrx_word' id='word_1_82' title='bbox 792 1736 873 1796; x_wconf 85' lang='lat' dir='ltr'>prae·</span> 
     </span>
     <span class='ocr_line' id='line_1_16' title="bbox 77 1816 871 1894; baseline -0.003 -16"><span class='ocrx_word' id='word_1_83' title='bbox 77 1819 267 1894; x_wconf 84' lang='lat' dir='ltr'>sumpserit,</span> <span class='ocrx_word' id='word_1_84' title='bbox 280 1816 543 1893; x_wconf 83' lang='lat' dir='ltr'>indignationem</span> <span class='ocrx_word' id='word_1_85' title='bbox 556 1818 790 1893; x_wconf 89' lang='lat' dir='ltr'>omnipotentis</span> <span class='ocrx_word' id='word_1_86' title='bbox 801 1817 871 1886; x_wconf 83' lang='lat' dir='ltr'>liei,</span> 
     </span>
     <span class='ocr_line' id='line_1_17' title="bbox 77 1913 873 1992; baseline 0.001 -18"><span class='ocrx_word' id='word_1_87' title='bbox 77 1916 112 1975; x_wconf 91' lang='lat' dir='ltr'>et</span> <span class='ocrx_word' id='word_1_88' title='bbox 125 1913 297 1975; x_wconf 92' lang='lat' dir='ltr'>beatorum</span> <span class='ocrx_word' id='word_1_89' title='bbox 311 1916 400 1976; x_wconf 89' lang='lat' dir='ltr'>Petri</span> <span class='ocrx_word' id='word_1_90' title='bbox 416 1916 449 1976; x_wconf 93' lang='lat' dir='ltr'>et</span> <span class='ocrx_word' id='word_1_91' title='bbox 461 1914 556 1975; x_wconf 89' lang='lat' dir='ltr'>Pauli</span> <span class='ocrx_word' id='word_1_92' title='bbox 566 1915 788 1991; x_wconf 88' lang='lat' dir='ltr'>apostolorum</span> <span class='ocrx_word' id='word_1_93' title='bbox 802 1918 873 1992; x_wconf 87' lang='lat' dir='ltr'>ejus</span> 
     </span>
     <span class='ocr_line' id='line_1_18' title="bbox 79 2012 871 2083; baseline 0.001 -12"><span class='ocrx_word' id='word_1_94' title='bbox 79 2027 115 2072; x_wconf 88' lang='lat' dir='ltr'>sa</span> <span class='ocrx_word' id='word_1_95' title='bbox 141 2012 273 2072; x_wconf 86' lang='lat' dir='ltr'>noverit</span> <span class='ocrx_word' id='word_1_96' title='bbox 298 2012 521 2074; x_wconf 90' lang='lat' dir='ltr'>incursurum.</span> <span class='ocrx_word' id='word_1_97' title='bbox 551 2013 669 2072; x_wconf 89' lang='lat' dir='ltr'>Datum</span> <span class='ocrx_word' id='word_1_98' title='bbox 698 2013 871 2083; x_wconf 82' lang='lat' dir='ltr'>Laterani,</span> 
     </span>
     <span class='ocr_line' id='line_1_19' title="bbox 80 2109 873 2187; baseline 0.003 -18"><span class='ocrx_word' id='word_1_99' title='bbox 80 2111 141 2170; x_wconf 88' lang='lat' dir='ltr'>VII</span> <span class='ocrx_word' id='word_1_100' title='bbox 170 2110 245 2170; x_wconf 92' lang='lat' dir='ltr'>idus</span> <span class='ocrx_word' id='word_1_101' title='bbox 269 2110 379 2187; x_wconf 79' lang='lat' dir='ltr'>Junii,</span> <span class='ocrx_word' id='word_1_102' title='bbox 416 2110 627 2187; x_wconf 81' lang='lat' dir='ltr'>pontificatus</span> <span class='ocrx_word' id='word_1_103' title='bbox 657 2109 763 2171; x_wconf 87' lang='lat' dir='ltr'>nostri</span> <span class='ocrx_word' id='word_1_104' title='bbox 785 2126 873 2171; x_wconf 91' lang='lat' dir='ltr'>anno</span> 
     </span>
     <span class='ocr_line' id='line_1_20' title="bbox 80 2206 206 2284; baseline 0.016 -18"><span class='ocrx_word' id='word_1_105' title='bbox 80 2206 206 2284; x_wconf 82' lang='lat' dir='ltr'>quinto.</span> 
     </span>
    </p>
   </div>
   <div class='ocr_carea' id='block_1_3' title="bbox 354 2440 604 2527">
    <p class='ocr_par' dir='ltr' id='par_1_4' title="bbox 354 2440 604 2527">
     <span class='ocr_line' id='line_1_21' title="bbox 354 2440 604 2527; baseline -0.004 0"><span class='ocrx_word' id='word_1_106' title='bbox 354 2440 604 2527; x_wconf 79' lang='lat' dir='ltr'>ccccxxiv</span> 
     </span>
    </p>
   </div>
   <div class='ocr_carea' id='block_1_4' title="bbox 104 2602 852 2939">
    <p class='ocr_par' dir='ltr' id='par_1_5' title="bbox 104 2602 852 2939">
     <span class='ocr_line' id='line_1_22' title="bbox 200 2602 752 2675; baseline -0.005 -14"><span class='ocrx_word' id='word_1_107' title='bbox 200 2602 251 2662; x_wconf 83' lang='lat' dir='ltr'>Ad</span> <span class='ocrx_word' id='word_1_108' title='bbox 265 2602 461 2675; x_wconf 78' lang='lat' dir='ltr'>episcopum</span> <span class='ocrx_word' id='word_1_109' title='bbox 477 2602 752 2661; x_wconf 78' lang='lat' dir='ltr'>Ambiuuertsem.</span> 
     </span>
     <span class='ocr_line' id='line_1_23' title="bbox 372 2737 578 2812; baseline 0 -16"><span class='ocrx_word' id='word_1_110' title='bbox 372 2739 389 2796; x_wconf 85' lang='lat'>9</span> <span class='ocrx_word' id='word_1_111' title='bbox 406 2737 478 2812; x_wconf 90' lang='lat' dir='ltr'>junii</span> <span class='ocrx_word' id='word_1_112' title='bbox 499 2739 578 2796; x_wconf 75' lang='lat' dir='ltr'>lati.</span> 
     </span>
     <span class='ocr_line' id='line_1_24' title="bbox 104 2870 852 2939; baseline -0.007 -13"><span class='ocrx_word' id='word_1_113' title='bbox 104 2870 852 2939; x_wconf 50' lang='lat' dir='ltr'>fflmffifflmmmnmmmm</span> 
     </span>
    </p>
   </div>
   <div class='ocr_carea' id='block_1_5' title="bbox 79 3005 875 3257">
    <p class='ocr_par' dir='ltr' id='par_1_6' title="bbox 79 3005 875 3257">
     <span class='ocr_line' id='line_1_25' title="bbox 79 3005 875 3079; baseline -0.004 -14"><span class='ocrx_word' id='word_1_114' title='bbox 79 3005 159 3065; x_wconf 83' lang='lat' dir='ltr'>Facit</span> <span class='ocrx_word' id='word_1_115' title='bbox 173 3008 200 3065; x_wconf 89' lang='lat' dir='ltr'>ei</span> <span class='ocrx_word' id='word_1_116' title='bbox 215 3013 385 3079; x_wconf 86' lang='lat' dir='ltr'>potestatem</span> <span class='ocrx_word' id='word_1_117' title='bbox 400 3005 555 3063; x_wconf 88' lang='lat' dir='ltr'>canonicos</span> <span class='ocrx_word' id='word_1_118' title='bbox 569 3005 754 3062; x_wconf 88' lang='lat' dir='ltr'>ecclesiarum</span> <span class='ocrx_word' id='word_1_119' title='bbox 779 3005 875 3063; x_wconf 86' lang='lat' dir='ltr'>Sancti</span> 
     </span>
     <span class='ocr_line' id='line_1_26' title="bbox 114 3092 874 3154; baseline -0.005 0"><span class='ocrx_word' id='word_1_120' title='bbox 114 3097 223 3154; x_wconf 80' lang='lat' dir='ltr'>Nicolai</span> <span class='ocrx_word' id='word_1_121' title='bbox 249 3105 278 3154; x_wconf 86' lang='lat' dir='ltr'>ct</span> <span class='ocrx_word' id='word_1_122' title='bbox 299 3096 394 3153; x_wconf 82' lang='lat' dir='ltr'>Sancti</span> <span class='ocrx_word' id='word_1_123' title='bbox 419 3094 535 3153; x_wconf 85' lang='lat' dir='ltr'>Firrnini</span> <span class='ocrx_word' id='word_1_124' title='bbox 562 3094 597 3151; x_wconf 95' lang='lat' dir='ltr'>ad</span> <span class='ocrx_word' id='word_1_125' title='bbox 621 3092 803 3151; x_wconf 80' lang='lat' dir='ltr'>residendum</span> <span class='ocrx_word' id='word_1_126' title='bbox 827 3109 874 3151; x_wconf 92' lang='lat' dir='ltr'>co·</span> 
     </span>
     <span class='ocr_line' id='line_1_27' title="bbox 115 3184 213 3257; baseline -0.01 -17"><span class='ocrx_word' id='word_1_127' title='bbox 115 3184 213 3257; x_wconf 85' lang='lat' dir='ltr'>gandi.</span> 
     </span>
    </p>
   </div>
   <div class='ocr_carea' id='block_1_6' title="bbox 39 3326 881 5549">
    <p class='ocr_par' dir='ltr' id='par_1_7' title="bbox 78 3326 875 3486">
     <span class='ocr_line' id='line_1_28' title="bbox 120 3326 875 3405; baseline 0 -17"><span class='ocrx_word' id='word_1_128' title='bbox 120 3329 297 3400; x_wconf 88' lang='lat' dir='ltr'>Honorius,</span> <span class='ocrx_word' id='word_1_129' title='bbox 313 3329 389 3396; x_wconf 73' lang='lat' dir='ltr'>etc„</span> <span class='ocrx_word' id='word_1_130' title='bbox 405 3326 590 3389; x_wconf 79' lang='lat' dir='ltr'>venerabili</span> <span class='ocrx_word' id='word_1_131' title='bbox 605 3326 700 3388; x_wconf 83' lang='lat' dir='ltr'>tratri</span> <span class='ocrx_word' id='word_1_132' title='bbox 720 3327 875 3405; x_wconf 91' lang='lat' dir='ltr'>episcopo</span> 
     </span>
     <span class='ocr_line' id='line_1_29' title="bbox 78 3424 274 3486; baseline -0.005 0"><span class='ocrx_word' id='word_1_133' title='bbox 78 3424 274 3486; x_wconf 86' lang='lat' dir='ltr'>Ambianen.</span> 
     </span>
    </p>

    <p class='ocr_par' dir='ltr' id='par_1_8' title="bbox 39 3520 881 5549">
     <span class='ocr_line' id='line_1_30' title="bbox 120 3520 877 3598; baseline 0 -15"><span class='ocrx_word' id='word_1_134' title='bbox 120 3526 170 3583; x_wconf 81' lang='lat' dir='ltr'>Ex</span> <span class='ocrx_word' id='word_1_135' title='bbox 183 3524 240 3584; x_wconf 88' lang='lat' dir='ltr'>tua</span> <span class='ocrx_word' id='word_1_136' title='bbox 254 3522 480 3584; x_wconf 87' lang='lat' dir='ltr'>insinuatione</span> <span class='ocrx_word' id='word_1_137' title='bbox 494 3521 681 3589; x_wconf 86' lang='lat' dir='ltr'>didicimus,</span> <span class='ocrx_word' id='word_1_138' title='bbox 696 3522 782 3598; x_wconf 87' lang='lat' dir='ltr'>quod</span> <span class='ocrx_word' id='word_1_139' title='bbox 799 3520 877 3583; x_wconf 88' lang='lat' dir='ltr'>licet</span> 
     </span>
     <span class='ocr_line' id='line_1_31' title="bbox 79 3619 875 3696; baseline -0.003 -14"><span class='ocrx_word' id='word_1_140' title='bbox 79 3636 124 3682; x_wconf 80' lang='lat' dir='ltr'>ex</span> <span class='ocrx_word' id='word_1_141' title='bbox 144 3619 358 3696; x_wconf 83' lang='lat' dir='ltr'>proventibus</span> <span class='ocrx_word' id='word_1_142' title='bbox 383 3619 634 3696; x_wconf 81' lang='lat' dir='ltr'>praebendarum</span> <span class='ocrx_word' id='word_1_143' title='bbox 658 3619 875 3680; x_wconf 88' lang='lat' dir='ltr'>ecclesiarum</span> 
     </span>
     <span class='ocr_line' id='line_1_32' title="bbox 80 3714 873 3778; baseline -0.004 0"><span class='ocrx_word' id='word_1_144' title='bbox 80 3716 198 3778; x_wconf 88' lang='lat' dir='ltr'>Sancti</span> <span class='ocrx_word' id='word_1_145' title='bbox 210 3716 341 3777; x_wconf 91' lang='lat' dir='ltr'>Nicolai</span> <span class='ocrx_word' id='word_1_146' title='bbox 355 3717 389 3776; x_wconf 88' lang='lat' dir='ltr'>et</span> <span class='ocrx_word' id='word_1_147' title='bbox 401 3715 513 3776; x_wconf 89' lang='lat' dir='ltr'>Sancti</span> <span class='ocrx_word' id='word_1_148' title='bbox 528 3714 667 3774; x_wconf 81' lang='lat' dir='ltr'>Firmini</span> <span class='ocrx_word' id='word_1_149' title='bbox 680 3714 873 3775; x_wconf 85' lang='lat' dir='ltr'>Ambianen.</span> 
     </span>
     <span class='ocr_line' id='line_1_33' title="bbox 79 3810 877 3889; baseline -0.003 -17"><span class='ocrx_word' id='word_1_150' title='bbox 79 3812 229 3888; x_wconf 90' lang='lat' dir='ltr'>ipsarum</span> <span class='ocrx_word' id='word_1_151' title='bbox 249 3814 385 3889; x_wconf 86' lang='lat' dir='ltr'>possent</span> <span class='ocrx_word' id='word_1_152' title='bbox 404 3810 557 3871; x_wconf 89' lang='lat' dir='ltr'>canonici</span> <span class='ocrx_word' id='word_1_153' title='bbox 578 3824 724 3886; x_wconf 79' lang='lat' dir='ltr'>congrue</span> <span class='ocrx_word' id='word_1_154' title='bbox 746 3812 877 3872; x_wconf 90' lang='lat' dir='ltr'>susten-</span> 
     </span>
     <span class='ocr_line' id='line_1_34' title="bbox 79 3908 877 3984; baseline -0.004 -13"><span class='ocrx_word' id='word_1_155' title='bbox 79 3911 157 3982; x_wconf 88' lang='lat' dir='ltr'>tari,</span> <span class='ocrx_word' id='word_1_156' title='bbox 183 3910 277 3970; x_wconf 91' lang='lat' dir='ltr'>multi</span> <span class='ocrx_word' id='word_1_157' title='bbox 296 3910 408 3970; x_wconf 89' lang='lat' dir='ltr'>tamen</span> <span class='ocrx_word' id='word_1_158' title='bbox 430 3923 473 3968; x_wconf 81' lang='lat' dir='ltr'>ex</span> <span class='ocrx_word' id='word_1_159' title='bbox 493 3908 573 3984; x_wconf 91' lang='lat' dir='ltr'>ipsis</span> <span class='ocrx_word' id='word_1_160' title='bbox 594 3923 782 3984; x_wconf 88' lang='lat' dir='ltr'>quanquam</span> <span class='ocrx_word' id='word_1_161' title='bbox 799 3924 877 3968; x_wconf 89' lang='lat' dir='ltr'>sua-</span> 
     </span>
     <span class='ocr_line' id='line_1_35' title="bbox 79 4004 875 4085; baseline -0.008 -16"><span class='ocrx_word' id='word_1_162' title='bbox 79 4025 154 4070; x_wconf 89' lang='lat' dir='ltr'>rum</span> <span class='ocrx_word' id='word_1_163' title='bbox 181 4008 361 4085; x_wconf 85' lang='lat' dir='ltr'>proventus</span> <span class='ocrx_word' id='word_1_164' title='bbox 394 4005 581 4083; x_wconf 89' lang='lat' dir='ltr'>percipiant</span> <span class='ocrx_word' id='word_1_165' title='bbox 610 4004 875 4080; x_wconf 78' lang='lat' dir='ltr'>praebendarum,</span> 
     </span>
     <span class='ocr_line' id='line_1_36' title="bbox 80 4100 875 4176; baseline -0.005 -11"><span class='ocrx_word' id='word_1_166' title='bbox 80 4105 116 4165; x_wconf 91' lang='lat' dir='ltr'>in</span> <span class='ocrx_word' id='word_1_167' title='bbox 141 4103 266 4165; x_wconf 88' lang='lat' dir='ltr'>eisdem</span> <span class='ocrx_word' id='word_1_168' title='bbox 293 4118 359 4164; x_wconf 92' lang='lat' dir='ltr'>non</span> <span class='ocrx_word' id='word_1_169' title='bbox 394 4102 512 4163; x_wconf 91' lang='lat' dir='ltr'>curant</span> <span class='ocrx_word' id='word_1_170' title='bbox 539 4100 690 4162; x_wconf 87' lang='lat' dir='ltr'>ecclesiis</span> <span class='ocrx_word' id='word_1_171' title='bbox 712 4101 875 4176; x_wconf 88' lang='lat' dir='ltr'>residere;</span> 
     </span>
     <span class='ocr_line' id='line_1_37' title="bbox 80 4197 880 4263; baseline -0.005 -1"><span class='ocrx_word' id='word_1_172' title='bbox 80 4201 168 4262; x_wconf 91' lang='lat' dir='ltr'>unde</span> <span class='ocrx_word' id='word_1_173' title='bbox 193 4217 266 4263; x_wconf 92' lang='lat' dir='ltr'>cum</span> <span class='ocrx_word' id='word_1_174' title='bbox 287 4217 329 4261; x_wconf 84' lang='lat' dir='ltr'>ex</span> <span class='ocrx_word' id='word_1_175' title='bbox 348 4200 411 4261; x_wconf 88' lang='lat' dir='ltr'>hoc</span> <span class='ocrx_word' id='word_1_176' title='bbox 437 4198 561 4259; x_wconf 89' lang='lat' dir='ltr'>eaedem</span> <span class='ocrx_word' id='word_1_177' title='bbox 584 4198 734 4260; x_wconf 84' lang='lat' dir='ltr'>ecclesiae</span> <span class='ocrx_word' id='word_1_178' title='bbox 758 4197 880 4259; x_wconf 90' lang='lat' dir='ltr'>debitis</span> 
     </span>
     <span class='ocr_line' id='line_1_38' title="bbox 81 4294 878 4376; baseline -0.008 -15"><span class='ocrx_word' id='word_1_179' title='bbox 81 4298 249 4376; x_wconf 86' lang='lat' dir='ltr'>obsequiis</span> <span class='ocrx_word' id='word_1_180' title='bbox 265 4297 512 4367; x_wconf 84' lang='lat' dir='ltr'>defraudentur,</span> <span class='ocrx_word' id='word_1_181' title='bbox 527 4294 664 4357; x_wconf 90' lang='lat' dir='ltr'>concedi</span> <span class='ocrx_word' id='word_1_182' title='bbox 677 4294 737 4356; x_wconf 87' lang='lat' dir='ltr'>tibi</span> <span class='ocrx_word' id='word_1_183' title='bbox 752 4295 878 4356; x_wconf 91' lang='lat' dir='ltr'>anobis</span> 
     </span>
     <span class='ocr_line' id='line_1_39' title="bbox 82 4393 879 4474; baseline -0.005 -16"><span class='ocrx_word' id='word_1_184' title='bbox 82 4397 255 4458; x_wconf 88' lang='lat' dir='ltr'>humiliter</span> <span class='ocrx_word' id='word_1_185' title='bbox 266 4395 452 4474; x_wconf 91' lang='lat' dir='ltr'>postulasti,</span> <span class='ocrx_word' id='word_1_186' title='bbox 463 4397 509 4465; x_wconf 92' lang='lat' dir='ltr'>ut,</span> <span class='ocrx_word' id='word_1_187' title='bbox 524 4396 597 4472; x_wconf 92' lang='lat' dir='ltr'>post</span> <span class='ocrx_word' id='word_1_188' title='bbox 607 4393 746 4455; x_wconf 90' lang='lat' dir='ltr'>liberam</span> <span class='ocrx_word' id='word_1_189' title='bbox 761 4408 879 4469; x_wconf 89' lang='lat' dir='ltr'>recep-</span> 
     </span>
     <span class='ocr_line' id='line_1_40' title="bbox 80 4490 876 4560; baseline -0.009 -3"><span class='ocrx_word' id='word_1_190' title='bbox 80 4495 205 4557; x_wconf 86' lang='lat' dir='ltr'>tionem</span> <span class='ocrx_word' id='word_1_191' title='bbox 230 4493 466 4556; x_wconf 84' lang='lat' dir='ltr'>canonicorum</span> <span class='ocrx_word' id='word_1_192' title='bbox 499 4492 534 4551; x_wconf 91' lang='lat' dir='ltr'>in</span> <span class='ocrx_word' id='word_1_193' title='bbox 565 4490 690 4552; x_wconf 92' lang='lat' dir='ltr'>eisdem</span> <span class='ocrx_word' id='word_1_194' title='bbox 715 4490 876 4560; x_wconf 90' lang='lat' dir='ltr'>ecclesiis,</span> 
     </span>
     <span class='ocr_line' id='line_1_41' title="bbox 80 4584 876 4671; baseline -0.01 -17"><span class='ocrx_word' id='word_1_195' title='bbox 80 4592 172 4671; x_wconf 89' lang='lat' dir='ltr'>ipsos</span> <span class='ocrx_word' id='word_1_196' title='bbox 185 4593 226 4653; x_wconf 92' lang='lat' dir='ltr'>ad</span> <span class='ocrx_word' id='word_1_197' title='bbox 242 4590 457 4653; x_wconf 83' lang='lat' dir='ltr'>residentiam</span> <span class='ocrx_word' id='word_1_198' title='bbox 470 4589 505 4650; x_wconf 92' lang='lat' dir='ltr'>in</span> <span class='ocrx_word' id='word_1_199' title='bbox 523 4589 572 4650; x_wconf 91' lang='lat' dir='ltr'>eis</span> <span class='ocrx_word' id='word_1_200' title='bbox 590 4585 722 4668; x_wconf 83' lang='lat' dir='ltr'>[cogere</span> <span class='ocrx_word' id='word_1_201' title='bbox 738 4584 876 4668; x_wconf 89' lang='lat' dir='ltr'>posses].</span> 
     </span>
     <span class='ocr_line' id='line_1_42' title="bbox 82 4690 879 4764; baseline -0.008 -13"><span class='ocrx_word' id='word_1_202' title='bbox 82 4691 248 4764; x_wconf 86' lang='lat' dir='ltr'>Quantum</span> <span class='ocrx_word' id='word_1_203' title='bbox 273 4703 385 4750; x_wconf 90' lang='lat' dir='ltr'>coram</span> <span class='ocrx_word' id='word_1_204' title='bbox 413 4690 481 4747; x_wconf 85' lang='lat' dir='ltr'>Deo</span> <span class='ocrx_word' id='word_1_205' title='bbox 509 4702 702 4763; x_wconf 90' lang='lat' dir='ltr'>possumus.</span> <span class='ocrx_word' id='word_1_206' title='bbox 731 4699 879 4746; x_wconf 88' lang='lat' dir='ltr'>annuere</span> 
     </span>
     <span class='ocr_line' id='line_1_43' title="bbox 81 4781 880 4866; baseline -0.006 -17"><span class='ocrx_word' id='word_1_207' title='bbox 81 4786 237 4866; x_wconf 86' lang='lat' dir='ltr'>precibus</span> <span class='ocrx_word' id='word_1_208' title='bbox 253 4785 436 4863; x_wconf 89' lang='lat' dir='ltr'>cupientes,</span> <span class='ocrx_word' id='word_1_209' title='bbox 454 4783 667 4859; x_wconf 90' lang='lat' dir='ltr'>praesentium</span> <span class='ocrx_word' id='word_1_210' title='bbox 688 4781 748 4845; x_wconf 91' lang='lat' dir='ltr'>tibi</span> <span class='ocrx_word' id='word_1_211' title='bbox 763 4784 880 4844; x_wconf 90' lang='lat' dir='ltr'>aucto·</span> 
     </span>
     <span class='ocr_line' id='line_1_44' title="bbox 80 4880 878 4959; baseline -0.008 -13"><span class='ocrx_word' id='word_1_212' title='bbox 80 4886 181 4947; x_wconf 91' lang='lat' dir='ltr'>ritate</span> <span class='ocrx_word' id='word_1_213' title='bbox 196 4883 421 4950; x_wconf 87' lang='lat' dir='ltr'>concedimus,</span> <span class='ocrx_word' id='word_1_214' title='bbox 439 4882 484 4954; x_wconf 92' lang='lat' dir='ltr'>ut,</span> <span class='ocrx_word' id='word_1_215' title='bbox 497 4881 639 4959; x_wconf 87' lang='lat' dir='ltr'>receptis</span> <span class='ocrx_word' id='word_1_216' title='bbox 654 4880 758 4941; x_wconf 88' lang='lat' dir='ltr'>libera</span> <span class='ocrx_word' id='word_1_217' title='bbox 771 4880 806 4940; x_wconf 91' lang='lat' dir='ltr'>in</span> <span class='ocrx_word' id='word_1_218' title='bbox 819 4897 878 4941; x_wconf 93' lang='lat' dir='ltr'>ec-</span> 
     </span>
     <span class='ocr_line' id='line_1_45' title="bbox 39 4978 880 5065; baseline -0.008 -21"><span class='ocrx_word' id='word_1_219' title='bbox 39 5058 42 5065; x_wconf 22' lang='lat'><em>*</em></span> <span class='ocrx_word' id='word_1_220' title='bbox 81 4982 194 5044; x_wconf 89' lang='lat' dir='ltr'>closiis</span> <span class='ocrx_word' id='word_1_221' title='bbox 212 4981 381 5059; x_wconf 86' lang='lat' dir='ltr'>praedictis</span> <span class='ocrx_word' id='word_1_222' title='bbox 403 4978 586 5049; x_wconf 92' lang='lat' dir='ltr'>canonicis,</span> <span class='ocrx_word' id='word_1_223' title='bbox 612 4994 669 5040; x_wconf 85' lang='lat' dir='ltr'>eos</span> <span class='ocrx_word' id='word_1_224' title='bbox 689 4979 730 5039; x_wconf 92' lang='lat' dir='ltr'>ad</span> <span class='ocrx_word' id='word_1_225' title='bbox 752 4978 880 5039; x_wconf 87' lang='lat' dir='ltr'>lacien-</span> 
     </span>
     <span class='ocr_line' id='line_1_46' title="bbox 81 5076 881 5162; baseline -0.01 -20"><span class='ocrx_word' id='word_1_226' title='bbox 81 5081 158 5142; x_wconf 91' lang='lat' dir='ltr'>dam</span> <span class='ocrx_word' id='word_1_227' title='bbox 172 5080 208 5142; x_wconf 91' lang='lat' dir='ltr'>in</span> <span class='ocrx_word' id='word_1_228' title='bbox 222 5079 303 5156; x_wconf 91' lang='lat' dir='ltr'>ipsis</span> <span class='ocrx_word' id='word_1_229' title='bbox 318 5076 546 5162; x_wconf 76' lang='lat' dir='ltr'>residentiam,</span> <span class='ocrx_word' id='word_1_230' title='bbox 562 5076 590 5135; x_wconf 92' lang='lat' dir='ltr'>si</span> <span class='ocrx_word' id='word_1_231' title='bbox 606 5090 881 5137; x_wconf 87' lang='lat' dir='ltr'>earumconsue-</span> 
     </span>
     <span class='ocr_line' id='line_1_47' title="bbox 81 5171 878 5249; baseline -0.01 -10"><span class='ocrx_word' id='word_1_232' title='bbox 81 5177 162 5240; x_wconf 92' lang='lat' dir='ltr'>tudo</span> <span class='ocrx_word' id='word_1_233' title='bbox 186 5193 253 5238; x_wconf 92' lang='lat' dir='ltr'>non</span> <span class='ocrx_word' id='word_1_234' title='bbox 279 5175 398 5242; x_wconf 86' lang='lat' dir='ltr'>obstat,</span> <span class='ocrx_word' id='word_1_235' title='bbox 414 5174 528 5234; x_wconf 79' lang='lat' dir='ltr'>valeas</span> <span class='ocrx_word' id='word_1_236' title='bbox 546 5173 642 5249; x_wconf 90' lang='lat' dir='ltr'>prout</span> <span class='ocrx_word' id='word_1_237' title='bbox 663 5171 878 5233; x_wconf 88' lang='lat' dir='ltr'>ecclesiarum</span> 
     </span>
     <span class='ocr_line' id='line_1_48' title="bbox 80 5268 881 5353; baseline -0.007 -17"><span class='ocrx_word' id='word_1_238' title='bbox 80 5275 231 5353; x_wconf 89' lang='lat' dir='ltr'>ipsarum</span> <span class='ocrx_word' id='word_1_239' title='bbox 256 5272 398 5334; x_wconf 88' lang='lat' dir='ltr'>utilitate</span> <span class='ocrx_word' id='word_1_240' title='bbox 429 5269 587 5346; x_wconf 84' lang='lat' dir='ltr'>expedire</span> <span class='ocrx_word' id='word_1_241' title='bbox 610 5268 735 5331; x_wconf 85' lang='lat' dir='ltr'>videris</span> <span class='ocrx_word' id='word_1_242' title='bbox 764 5284 881 5330; x_wconf 91' lang='lat' dir='ltr'>coarc-</span> 
     </span>
     <span class='ocr_line' id='line_1_49' title="bbox 80 5365 881 5444; baseline -0.009 -9"><span class='ocrx_word' id='word_1_243' title='bbox 80 5374 168 5435; x_wconf 88' lang='lat' dir='ltr'>tare.</span> <span class='ocrx_word' id='word_1_244' title='bbox 198 5373 315 5434; x_wconf 87' lang='lat' dir='ltr'>Datum</span> <span class='ocrx_word' id='word_1_245' title='bbox 346 5368 515 5437; x_wconf 85' lang='lat' dir='ltr'>Laterani,</span> <span class='ocrx_word' id='word_1_246' title='bbox 537 5369 565 5428; x_wconf 88' lang='lat' dir='ltr'>V</span> <span class='ocrx_word' id='word_1_247' title='bbox 587 5365 662 5428; x_wconf 90' lang='lat' dir='ltr'>idus</span> <span class='ocrx_word' id='word_1_248' title='bbox 679 5365 768 5444; x_wconf 86' lang='lat' dir='ltr'>junii</span> <span class='ocrx_word' id='word_1_249' title='bbox 792 5381 881 5428; x_wconf 91' lang='lat' dir='ltr'>anno</span> 
     </span>
     <span class='ocr_line' id='line_1_50' title="bbox 82 5469 210 5549; baseline -0.008 -19"><span class='ocrx_word' id='word_1_250' title='bbox 82 5469 210 5549; x_wconf 84' lang='lat' dir='ltr'>quinte.</span> 
     </span>
    </p>
   </div>
   <div class='ocr_carea' id='block_1_7' title="bbox 706 292 1100 352">
    <p class='ocr_par' dir='ltr' id='par_1_9' title="bbox 706 292 1100 352">
     <span class='ocr_line' id='line_1_51' title="bbox 706 292 1100 352; baseline -0.003 -1"><span class='ocrx_word' id='word_1_251' title='bbox 706 292 936 352; x_wconf 83' lang='lat' dir='ltr'><strong>EPISTOLAE.</strong></span> <span class='ocrx_word' id='word_1_252' title='bbox 958 293 1037 352; x_wconf 86' lang='lat' dir='ltr'><strong>LIB.</strong></span> <span class='ocrx_word' id='word_1_253' title='bbox 1061 293 1100 351; x_wconf 81' lang='lat' dir='ltr'>V.</span> 
     </span>
    </p>
   </div>
   <div class='ocr_carea' id='block_1_8' title="bbox 1213 484 1442 573">
    <p class='ocr_par' dir='ltr' id='par_1_10' title="bbox 1213 484 1442 573">
     <span class='ocr_line' id='line_1_52' title="bbox 1213 484 1442 573; baseline 0.009 -2"><span class='ocrx_word' id='word_1_254' title='bbox 1213 484 1442 573; x_wconf 80' lang='lat' dir='ltr'>ccccxlv</span> 
     </span>
    </p>
   </div>
   <div class='ocr_carea' id='block_1_9' title="bbox 981 635 1672 795">
    <p class='ocr_par' dir='ltr' id='par_1_11' title="bbox 981 635 1672 795">
     <span class='ocr_line' id='line_1_53' title="bbox 981 635 1672 710; baseline -0.003 -14"><span class='ocrx_word' id='word_1_255' title='bbox 981 637 1033 696; x_wconf 85' lang='lat' dir='ltr'>Ad</span> <span class='ocrx_word' id='word_1_256' title='bbox 1054 636 1403 710; x_wconf 79' lang='lat' dir='ltr'>arcltipresopterum,</span> <span class='ocrx_word' id='word_1_257' title='bbox 1427 637 1618 709; x_wconf 70' lang='lat' dir='ltr'>officiatem,</span> <span class='ocrx_word' id='word_1_258' title='bbox 1639 635 1672 696; x_wconf 86' lang='lat' dir='ltr'>et</span> 
     </span>
     <span class='ocr_line' id='line_1_54' title="bbox 1016 734 1633 795; baseline -0.003 0"><span class='ocrx_word' id='word_1_259' title='bbox 1016 736 1059 795; x_wconf 91' lang='lat' dir='ltr'>P.</span> <span class='ocrx_word' id='word_1_260' title='bbox 1073 734 1158 794; x_wconf 78' lang='lat' dir='ltr'>Beda·</span> <span class='ocrx_word' id='word_1_261' title='bbox 1170 737 1374 795; x_wconf 75' lang='lat' dir='ltr'>canorztcom</span> <span class='ocrx_word' id='word_1_262' title='bbox 1385 734 1633 794; x_wconf 79' lang='lat' dir='ltr'>Bituriceases.</span> 
     </span>
    </p>
   </div>
   <div class='ocr_carea' id='block_1_10' title="bbox 962 864 1694 1054">
    <p class='ocr_par' dir='ltr' id='par_1_12' title="bbox 962 864 1694 1054">
     <span class='ocr_line' id='line_1_55' title="bbox 1213 864 1437 937; baseline -0.004 -16"><span class='ocrx_word' id='word_1_263' title='bbox 1213 864 1247 921; x_wconf 85' lang='lat' dir='ltr'>lt)</span> <span class='ocrx_word' id='word_1_264' title='bbox 1266 864 1338 937; x_wconf 87' lang='lat' dir='ltr'>junii</span> <span class='ocrx_word' id='word_1_265' title='bbox 1359 864 1437 922; x_wconf 74' lang='lat' dir='ltr'>lttl.</span> 
     </span>
     <span class='ocr_line' id='line_1_56' title="bbox 962 987 1694 1054; baseline 0.001 -17"><span class='ocrx_word' id='word_1_266' title='bbox 962 987 1694 1054; x_wconf 54' lang='lat' dir='ltr'>mmmmffimmfflbmmfflmmffiffl]</span> 
     </span>
    </p>
   </div>
   <div class='ocr_carea' id='block_1_11' title="bbox 928 1109 1724 1346">
    <p class='ocr_par' dir='ltr' id='par_1_13' title="bbox 928 1109 1724 1346">
     <span class='ocr_line' id='line_1_57' title="bbox 928 1109 1724 1184; baseline -0.001 -15"><span class='ocrx_word' id='word_1_267' title='bbox 928 1109 1044 1169; x_wconf 78' lang='lat' dir='ltr'>Mandat</span> <span class='ocrx_word' id='word_1_268' title='bbox 1059 1111 1102 1167; x_wconf 90' lang='lat' dir='ltr'>eis</span> <span class='ocrx_word' id='word_1_269' title='bbox 1120 1118 1151 1168; x_wconf 94' lang='lat' dir='ltr'>ut</span> <span class='ocrx_word' id='word_1_270' title='bbox 1169 1113 1340 1169; x_wconf 80' lang='lat' dir='ltr'>sententiam</span> <span class='ocrx_word' id='word_1_271' title='bbox 1353 1111 1548 1183; x_wconf 71' lang='lat' dir='ltr'>apostolicum</span> <span class='ocrx_word' id='word_1_272' title='bbox 1566 1127 1652 1184; x_wconf 88' lang='lat' dir='ltr'>super</span> <span class='ocrx_word' id='word_1_273' title='bbox 1671 1127 1724 1168; x_wconf 53' lang='lat' dir='ltr'>nu*</span> 
     </span>
     <span class='ocr_line' id='line_1_58' title="bbox 963 1200 1724 1259; baseline 0.004 -3"><span class='ocrx_word' id='word_1_274' title='bbox 963 1214 1074 1257; x_wconf 86' lang='lat' dir='ltr'>merum</span> <span class='ocrx_word' id='word_1_275' title='bbox 1096 1201 1300 1258; x_wconf 87' lang='lat' dir='ltr'>canonicorum</span> <span class='ocrx_word' id='word_1_276' title='bbox 1322 1201 1352 1257; x_wconf 91' lang='lat' dir='ltr'>iu</span> <span class='ocrx_word' id='word_1_277' title='bbox 1378 1200 1500 1259; x_wconf 86' lang='lat' dir='ltr'>ecclesia</span> <span class='ocrx_word' id='word_1_278' title='bbox 1525 1201 1724 1259; x_wconf 58' lang='lat' dir='ltr'>licmorieensi</span> 
     </span>
     <span class='ocr_line' id='line_1_59' title="bbox 963 1285 1244 1346; baseline 0.011 -3"><span class='ocrx_word' id='word_1_279' title='bbox 963 1285 1069 1345; x_wconf 84' lang='lat' dir='ltr'>iaciant</span> <span class='ocrx_word' id='word_1_280' title='bbox 1089 1288 1244 1346; x_wconf 81' lang='lat' dir='ltr'>observari.</span> 
     </span>
    </p>
   </div>
   <div class='ocr_carea' id='block_1_12' title="bbox 927 1413 1798 3340">
    <p class='ocr_par' dir='ltr' id='par_1_14' title="bbox 927 1413 1726 1582">
     <span class='ocr_line' id='line_1_60' title="bbox 968 1413 1726 1492; baseline 0.001 -18"><span class='ocrx_word' id='word_1_281' title='bbox 968 1413 1239 1486; x_wconf 74' lang='lat' dir='ltr'>Honorius,·etc.,</span> <span class='ocrx_word' id='word_1_282' title='bbox 1252 1414 1381 1476; x_wconf 87' lang='lat' dir='ltr'>dilectis</span> <span class='ocrx_word' id='word_1_283' title='bbox 1396 1414 1475 1476; x_wconf 88' lang='lat' dir='ltr'>tiliis</span> <span class='ocrx_word' id='word_1_284' title='bbox 1490 1413 1726 1492; x_wconf 89' lang='lat' dir='ltr'>archipresby-</span> 
     </span>
     <span class='ocr_line' id='line_1_61' title="bbox 927 1510 1722 1582; baseline -0.001 -9"><span class='ocrx_word' id='word_1_285' title='bbox 927 1514 1011 1578; x_wconf 89' lang='lat' dir='ltr'>tero,</span> <span class='ocrx_word' id='word_1_286' title='bbox 1025 1510 1169 1582; x_wconf 83' lang='lat' dir='ltr'>officiali,</span> <span class='ocrx_word' id='word_1_287' title='bbox 1184 1512 1217 1572; x_wconf 92' lang='lat' dir='ltr'>et</span> <span class='ocrx_word' id='word_1_288' title='bbox 1227 1515 1262 1572; x_wconf 92' lang='grc' dir='ltr'>Ρ.</span> <span class='ocrx_word' id='word_1_289' title='bbox 1274 1512 1358 1573; x_wconf 91' lang='lat' dir='ltr'>Belli</span> <span class='ocrx_word' id='word_1_290' title='bbox 1369 1512 1530 1573; x_wconf 90' lang='lat' dir='ltr'>canonico</span> <span class='ocrx_word' id='word_1_291' title='bbox 1542 1512 1722 1573; x_wconf 88' lang='lat' dir='ltr'>Bituricen.</span> 
     </span>
    </p>

    <p class='ocr_par' dir='ltr' id='par_1_15' title="bbox 928 1607 1798 3340">
     <span class='ocr_line' id='line_1_62' title="bbox 968 1607 1725 1684; baseline 0.003 -15"><span class='ocrx_word' id='word_1_292' title='bbox 968 1607 1053 1669; x_wconf 89' lang='lat' dir='ltr'>Olim</span> <span class='ocrx_word' id='word_1_293' title='bbox 1078 1609 1184 1684; x_wconf 89' lang='lat' dir='ltr'>primo</span> <span class='ocrx_word' id='word_1_294' title='bbox 1207 1609 1247 1669; x_wconf 90' lang='lat' dir='ltr'>ad</span> <span class='ocrx_word' id='word_1_295' title='bbox 1261 1608 1355 1670; x_wconf 86' lang='lat' dir='ltr'>bonae</span> <span class='ocrx_word' id='word_1_296' title='bbox 1369 1609 1537 1670; x_wconf 88' lang='lat' dir='ltr'>memoriae</span> <span class='ocrx_word' id='word_1_297' title='bbox 1549 1612 1585 1670; x_wconf 82' lang='lat' dir='ltr'>G.</span> <span class='ocrx_word' id='word_1_298' title='bbox 1600 1608 1725 1671; x_wconf 89' lang='lat' dir='ltr'>Bituri-</span> 
     </span>
     <span class='ocr_line' id='line_1_63' title="bbox 929 1705 1724 1782; baseline 0.001 -17"><span class='ocrx_word' id='word_1_299' title='bbox 929 1705 1724 1782; x_wconf 85' lang='lat' dir='ltr'>censemarchiepiscopum,secundoaddilactos</span> 
     </span>
     <span class='ocr_line' id='line_1_64' title="bbox 929 1799 1738 1880; baseline 0.005 -19"><span class='ocrx_word' id='word_1_300' title='bbox 929 1802 1026 1873; x_wconf 90' lang='lat' dir='ltr'>lilios,</span> <span class='ocrx_word' id='word_1_301' title='bbox 1035 1802 1196 1863; x_wconf 88' lang='lat' dir='ltr'>decanum</span> <span class='ocrx_word' id='word_1_302' title='bbox 1207 1799 1446 1865; x_wconf 76' lang='lat' dir='ltr'>bituricensem</span> <span class='ocrx_word' id='word_1_303' title='bbox 1458 1803 1640 1878; x_wconf 79' lang='lat' dir='ltr'>etcollegas</span> <span class='ocrx_word' id='word_1_304' title='bbox 1653 1805 1725 1880; x_wconf 81' lang='lat' dir='ltr'>ejus</span> <span class='ocrx_word' id='word_1_305' title='bbox 1737 1853 1738 1856; x_wconf 15' lang='grc' dir='ltr'>η</span> 
     </span>
     <span class='ocr_line' id='line_1_65' title="bbox 929 1900 1743 1976; baseline 0.001 -16"><span class='ocrx_word' id='word_1_306' title='bbox 929 1915 1029 1976; x_wconf 91' lang='lat' dir='ltr'>super</span> <span class='ocrx_word' id='word_1_307' title='bbox 1041 1900 1251 1962; x_wconf 87' lang='lat' dir='ltr'>ordinatione</span> <span class='ocrx_word' id='word_1_308' title='bbox 1260 1901 1507 1962; x_wconf 74' lang='lat' dir='ltr'>lemovicensis</span> <span class='ocrx_word' id='word_1_309' title='bbox 1521 1901 1726 1971; x_wconf 82' lang='lat' dir='ltr'>ecclesiaa,in</span> <span class='ocrx_word' id='word_1_310' title='bbox 1740 1901 1743 1905; x_wconf 83' lang='lat'>&#39;</span> 
     </span>
     <span class='ocr_line' id='line_1_66' title="bbox 929 1997 1728 2073; baseline 0.003 -16"><span class='ocrx_word' id='word_1_311' title='bbox 929 2013 993 2073; x_wconf 90' lang='lat' dir='ltr'>qna</span> <span class='ocrx_word' id='word_1_312' title='bbox 1007 1997 1105 2058; x_wconf 91' lang='lat' dir='ltr'>nimis</span> <span class='ocrx_word' id='word_1_313' title='bbox 1121 1998 1315 2058; x_wconf 91' lang='lat' dir='ltr'>imminutus</span> <span class='ocrx_word' id='word_1_314' title='bbox 1327 1997 1499 2060; x_wconf 85' lang='lat' dir='ltr'>dicebatur</span> <span class='ocrx_word' id='word_1_315' title='bbox 1518 2014 1591 2059; x_wconf 88' lang='lat' dir='ltr'>esse</span> <span class='ocrx_word' id='word_1_316' title='bbox 1608 2012 1728 2059; x_wconf 88' lang='lat' dir='ltr'>nume·</span> 
     </span>
     <span class='ocr_line' id='line_1_67' title="bbox 928 2093 1724 2170; baseline 0.001 -16"><span class='ocrx_word' id='word_1_317' title='bbox 928 2109 986 2154; x_wconf 92' lang='lat' dir='ltr'>rus</span> <span class='ocrx_word' id='word_1_318' title='bbox 1000 2109 1231 2169; x_wconf 90' lang='lat' dir='ltr'>personarum,</span> <span class='ocrx_word' id='word_1_319' title='bbox 1246 2094 1366 2155; x_wconf 92' lang='lat' dir='ltr'>litteris</span> <span class='ocrx_word' id='word_1_320' title='bbox 1387 2110 1406 2155; x_wconf 93' lang='lat' dir='ltr'>a</span> <span class='ocrx_word' id='word_1_321' title='bbox 1431 2094 1515 2156; x_wconf 88' lang='lat' dir='ltr'>Sede</span> <span class='ocrx_word' id='word_1_322' title='bbox 1533 2093 1724 2170; x_wconf 73' lang='lat' dir='ltr'>apostolica</span> 
     </span>
     <span class='ocr_line' id='line_1_68' title="bbox 929 2190 1728 2268; baseline 0.005 -19"><span class='ocrx_word' id='word_1_323' title='bbox 929 2190 1114 2267; x_wconf 90' lang='lat' dir='ltr'>impetratis</span> <span class='ocrx_word' id='word_1_324' title='bbox 1150 2193 1183 2253; x_wconf 90' lang='lat' dir='ltr'>et</span> <span class='ocrx_word' id='word_1_325' title='bbox 1213 2191 1305 2253; x_wconf 92' lang='lat' dir='ltr'>nullo</span> <span class='ocrx_word' id='word_1_326' title='bbox 1326 2207 1489 2267; x_wconf 66' lang='lat' dir='ltr'>‚processu</span> <span class='ocrx_word' id='word_1_327' title='bbox 1521 2191 1634 2253; x_wconf 86' lang='lat' dir='ltr'>babilo</span> <span class='ocrx_word' id='word_1_328' title='bbox 1667 2205 1728 2268; x_wconf 91' lang='lat' dir='ltr'>per</span> 
     </span>
     <span class='ocr_line' id='line_1_69' title="bbox 930 2288 1725 2366; baseline 0.004 -17"><span class='ocrx_word' id='word_1_329' title='bbox 930 2289 1073 2360; x_wconf 89' lang='lat' dir='ltr'>eosdem,</span> <span class='ocrx_word' id='word_1_330' title='bbox 1084 2289 1320 2351; x_wconf 81' lang='lat' dir='ltr'>Lemorioense</span> <span class='ocrx_word' id='word_1_331' title='bbox 1329 2290 1521 2366; x_wconf 88' lang='lat' dir='ltr'>capitulum,</span> <span class='ocrx_word' id='word_1_332' title='bbox 1530 2288 1570 2351; x_wconf 84' lang='lat' dir='ltr'>ad</span> <span class='ocrx_word' id='word_1_333' title='bbox 1583 2304 1725 2366; x_wconf 86' lang='lat' dir='ltr'>quorum</span> 
     </span>
     <span class='ocr_line' id='line_1_70' title="bbox 930 2387 1726 2465; baseline 0.001 -17"><span class='ocrx_word' id='word_1_334' title='bbox 930 2387 1080 2450; x_wconf 92' lang='lat' dir='ltr'>notitiam</span> <span class='ocrx_word' id='word_1_335' title='bbox 1095 2404 1161 2450; x_wconf 92' lang='lat' dir='ltr'>non</span> <span class='ocrx_word' id='word_1_336' title='bbox 1177 2389 1375 2465; x_wconf 85' lang='lat' dir='ltr'>pervenerat</span> <span class='ocrx_word' id='word_1_337' title='bbox 1390 2388 1578 2465; x_wconf 87' lang='lat' dir='ltr'>hujusmodi</span> <span class='ocrx_word' id='word_1_338' title='bbox 1595 2389 1726 2450; x_wconf 88' lang='lat' dir='ltr'>litteras</span> 
     </span>
     <span class='ocr_line' id='line_1_71' title="bbox 930 2483 1724 2567; baseline 0.003 -23"><span class='ocrx_word' id='word_1_339' title='bbox 930 2499 1120 2558; x_wconf 89' lang='lat' dir='ltr'>emanasse,</span> <span class='ocrx_word' id='word_1_340' title='bbox 1150 2483 1314 2567; x_wconf 84' lang='lat' dir='ltr'>[propter]</span> <span class='ocrx_word' id='word_1_341' title='bbox 1345 2485 1539 2548; x_wconf 87' lang='lat' dir='ltr'>instantiam</span> <span class='ocrx_word' id='word_1_342' title='bbox 1569 2483 1724 2567; x_wconf 88' lang='lat' dir='ltr'>[eorum],</span> 
     </span>
     <span class='ocr_line' id='line_1_72' title="bbox 929 2582 1726 2661; baseline 0.003 -18"><span class='ocrx_word' id='word_1_343' title='bbox 929 2582 986 2658; x_wconf 87' lang='lat' dir='ltr'>qui</span> <span class='ocrx_word' id='word_1_344' title='bbox 1008 2598 1065 2644; x_wconf 91' lang='lat' dir='ltr'>eos</span> <span class='ocrx_word' id='word_1_345' title='bbox 1093 2584 1379 2659; x_wconf 77' lang='lat' dir='ltr'>supertitiosum,</span> <span class='ocrx_word' id='word_1_346' title='bbox 1407 2585 1440 2644; x_wconf 88' lang='lat' dir='ltr'>et</span> <span class='ocrx_word' id='word_1_347' title='bbox 1466 2584 1726 2661; x_wconf 88' lang='lat' dir='ltr'>propinquorum</span> 
     </span>
     <span class='ocr_line' id='line_1_73' title="bbox 931 2680 1726 2757; baseline 0.005 -19"><span class='ocrx_word' id='word_1_348' title='bbox 931 2694 1066 2740; x_wconf 90' lang='lat' dir='ltr'>suorum</span> <span class='ocrx_word' id='word_1_349' title='bbox 1104 2681 1294 2757; x_wconf 90' lang='lat' dir='ltr'>receptione</span> <span class='ocrx_word' id='word_1_350' title='bbox 1322 2682 1470 2756; x_wconf 81' lang='lat' dir='ltr'>graviter</span> <span class='ocrx_word' id='word_1_351' title='bbox 1504 2680 1726 2753; x_wconf 78' lang='lat' dir='ltr'>infestabant,</span> 
     </span>
     <span class='ocr_line' id='line_1_74' title="bbox 931 2778 1729 2854; baseline 0.006 -19"><span class='ocrx_word' id='word_1_352' title='bbox 931 2792 1004 2836; x_wconf 89' lang='lat' dir='ltr'>cum</span> <span class='ocrx_word' id='word_1_353' title='bbox 1026 2792 1087 2838; x_wconf 89' lang='lat' dir='ltr'>nec</span> <span class='ocrx_word' id='word_1_354' title='bbox 1111 2780 1246 2854; x_wconf 89' lang='lat' dir='ltr'>possent</span> <span class='ocrx_word' id='word_1_355' title='bbox 1265 2778 1417 2840; x_wconf 88' lang='lat' dir='ltr'>omnibus</span> <span class='ocrx_word' id='word_1_356' title='bbox 1432 2779 1642 2848; x_wconf 82' lang='lat' dir='ltr'>satisfacere,</span> <span class='ocrx_word' id='word_1_357' title='bbox 1666 2792 1729 2840; x_wconf 82' lang='lat' dir='ltr'>neo</span> 
     </span>
     <span class='ocr_line' id='line_1_75' title="bbox 930 2873 1798 2951; baseline 0.002 -18"><span class='ocrx_word' id='word_1_358' title='bbox 930 2873 1113 2947; x_wconf 77' lang='lat' dir='ltr'>gratificari</span> <span class='ocrx_word' id='word_1_359' title='bbox 1147 2874 1313 2951; x_wconf 88' lang='lat' dir='ltr'>aliquibus</span> <span class='ocrx_word' id='word_1_360' title='bbox 1352 2876 1424 2937; x_wconf 87' lang='lat' dir='ltr'>sine</span> <span class='ocrx_word' id='word_1_361' title='bbox 1457 2875 1532 2937; x_wconf 93' lang='lat' dir='ltr'>odio</span> <span class='ocrx_word' id='word_1_362' title='bbox 1566 2875 1725 2948; x_wconf 89' lang='lat' dir='ltr'>aliorum,</span> <span class='ocrx_word' id='word_1_363' title='bbox 1790 2880 1798 2895; x_wconf 76' lang='lat'><em>⁶</em></span> 
     </span>
     <span class='ocr_line' id='line_1_76' title="bbox 931 2970 1729 3049; baseline 0.005 -19"><span class='ocrx_word' id='word_1_364' title='bbox 931 2970 1125 3032; x_wconf 84' lang='lat' dir='ltr'>vicesimum</span> <span class='ocrx_word' id='word_1_365' title='bbox 1161 2973 1311 3049; x_wconf 87' lang='lat' dir='ltr'>quintum</span> <span class='ocrx_word' id='word_1_366' title='bbox 1346 2974 1581 3034; x_wconf 90' lang='lat' dir='ltr'>canonicorum</span> <span class='ocrx_word' id='word_1_367' title='bbox 1610 2988 1729 3034; x_wconf 86' lang='lat' dir='ltr'>numa·</span> 
     </span>
     <span class='ocr_line' id='line_1_77' title="bbox 930 3069 1728 3147; baseline 0.005 -20"><span class='ocrx_word' id='word_1_368' title='bbox 930 3083 1003 3127; x_wconf 92' lang='lat' dir='ltr'>rum</span> <span class='ocrx_word' id='word_1_369' title='bbox 1026 3069 1214 3130; x_wconf 89' lang='lat' dir='ltr'>statuerunt</span> <span class='ocrx_word' id='word_1_370' title='bbox 1232 3069 1267 3129; x_wconf 92' lang='lat' dir='ltr'>iu</span> <span class='ocrx_word' id='word_1_371' title='bbox 1288 3070 1425 3146; x_wconf 85' lang='lat' dir='ltr'>praelata</span> <span class='ocrx_word' id='word_1_372' title='bbox 1444 3071 1596 3140; x_wconf 89' lang='lat' dir='ltr'>ecclesia,</span> <span class='ocrx_word' id='word_1_373' title='bbox 1615 3071 1648 3131; x_wconf 88' lang='lat' dir='ltr'>et</span> <span class='ocrx_word' id='word_1_374' title='bbox 1667 3073 1728 3147; x_wconf 89' lang='lat' dir='ltr'>ju·</span> 
     </span>
     <span class='ocr_line' id='line_1_78' title="bbox 930 3166 1726 3243; baseline 0.001 -17"><span class='ocrx_word' id='word_1_375' title='bbox 930 3167 1080 3226; x_wconf 89' lang='lat' dir='ltr'>ramento</span> <span class='ocrx_word' id='word_1_376' title='bbox 1096 3166 1244 3242; x_wconf 84' lang='lat' dir='ltr'>praestito</span> <span class='ocrx_word' id='word_1_377' title='bbox 1259 3167 1510 3238; x_wconf 86' lang='lat' dir='ltr'>confirmarunt,</span> <span class='ocrx_word' id='word_1_378' title='bbox 1529 3166 1631 3227; x_wconf 80' lang='lat' dir='ltr'>salvis</span> <span class='ocrx_word' id='word_1_379' title='bbox 1647 3166 1726 3243; x_wconf 88' lang='lat' dir='ltr'>qui·</span> 
     </span>
     <span class='ocr_line' id='line_1_79' title="bbox 930 3262 1727 3340; baseline 0.005 -18"><span class='ocrx_word' id='word_1_380' title='bbox 930 3262 1067 3324; x_wconf 90' lang='lat' dir='ltr'>busdam</span> <span class='ocrx_word' id='word_1_381' title='bbox 1093 3262 1279 3340; x_wconf 84' lang='lat' dir='ltr'>praebendis</span> <span class='ocrx_word' id='word_1_382' title='bbox 1306 3267 1402 3325; x_wconf 81' lang='lat' dir='ltr'>extra</span> <span class='ocrx_word' id='word_1_383' title='bbox 1430 3264 1559 3335; x_wconf 90' lang='lat' dir='ltr'>dandis,</span> <span class='ocrx_word' id='word_1_384' title='bbox 1584 3280 1658 3340; x_wconf 87' lang='lat' dir='ltr'>quae</span> <span class='ocrx_word' id='word_1_385' title='bbox 1686 3264 1727 3326; x_wconf 90' lang='lat' dir='ltr'>de</span> 
     </span>
    </p>
   </div>
   <div class='ocr_carea' id='block_1_13' title="bbox 931 3360 1839 3437">
    <p class='ocr_par' dir='ltr' id='par_1_16' title="bbox 931 3360 1839 3437">
     <span class='ocr_line' id='line_1_80' title="bbox 931 3360 1839 3437; baseline 0.007 -18"><span class='ocrx_word' id='word_1_386' title='bbox 931 3362 1066 3436; x_wconf 88' lang='lat' dir='ltr'>antiqua</span> <span class='ocrx_word' id='word_1_387' title='bbox 1092 3361 1330 3422; x_wconf 88' lang='lat' dir='ltr'>consuetudine</span> <span class='ocrx_word' id='word_1_388' title='bbox 1357 3361 1554 3437; x_wconf 86' lang='lat' dir='ltr'>quibusdam</span> <span class='ocrx_word' id='word_1_389' title='bbox 1580 3360 1727 3423; x_wconf 86' lang='lat' dir='ltr'>clericiis</span> <span class='ocrx_word' id='word_1_390' title='bbox 1835 3416 1839 3425; x_wconf 90' lang='lat'>.</span> 
     </span>
    </p>
   </div>
   <div class='ocr_carea' id='block_1_14' title="bbox 931 3458 1729 3633">
    <p class='ocr_par' dir='ltr' id='par_1_17' title="bbox 931 3458 1729 3633">
     <span class='ocr_line' id='line_1_81' title="bbox 931 3458 1728 3520; baseline 0.001 -2"><span class='ocrx_word' id='word_1_391' title='bbox 931 3461 964 3519; x_wconf 89' lang='lat' dir='ltr'>et</span> <span class='ocrx_word' id='word_1_392' title='bbox 993 3458 1088 3520; x_wconf 88' lang='lat' dir='ltr'>laicis</span> <span class='ocrx_word' id='word_1_393' title='bbox 1114 3458 1323 3520; x_wconf 85' lang='lat' dir='ltr'>exhibentur.</span> <span class='ocrx_word' id='word_1_394' title='bbox 1350 3458 1561 3519; x_wconf 89' lang='lat' dir='ltr'>Postmodum</span> <span class='ocrx_word' id='word_1_395' title='bbox 1582 3474 1663 3520; x_wconf 78' lang='lat' dir='ltr'>vero</span> <span class='ocrx_word' id='word_1_396' title='bbox 1686 3459 1728 3519; x_wconf 90' lang='lat' dir='ltr'>ad</span> 
     </span>
     <span class='ocr_line' id='line_1_82' title="bbox 931 3556 1729 3633; baseline 0.003 -18"><span class='ocrx_word' id='word_1_397' title='bbox 931 3556 1154 3617; x_wconf 80' lang='lat' dir='ltr'>venerabilem</span> <span class='ocrx_word' id='word_1_398' title='bbox 1188 3556 1324 3618; x_wconf 83' lang='lat' dir='ltr'>tratrem</span> <span class='ocrx_word' id='word_1_399' title='bbox 1354 3557 1501 3617; x_wconf 89' lang='lat' dir='ltr'>nostrum</span> <span class='ocrx_word' id='word_1_400' title='bbox 1535 3557 1729 3633; x_wconf 81' lang='lat' dir='ltr'>Petragori-</span> 
     </span>
    </p>
   </div>
   <div class='ocr_carea' id='block_1_15' title="bbox 932 3646 1839 3731">
    <p class='ocr_par' dir='ltr' id='par_1_18' title="bbox 932 3646 1839 3731">
     <span class='ocr_line' id='line_1_83' title="bbox 932 3646 1839 3731; baseline 0.001 -18"><span class='ocrx_word' id='word_1_401' title='bbox 932 3668 1061 3714; x_wconf 89' lang='lat' dir='ltr'>oensem</span> <span class='ocrx_word' id='word_1_402' title='bbox 1089 3650 1280 3731; x_wconf 85' lang='lat' dir='ltr'>episcopum</span> <span class='ocrx_word' id='word_1_403' title='bbox 1307 3656 1439 3731; x_wconf 90' lang='lat' dir='ltr'>atejus</span> <span class='ocrx_word' id='word_1_404' title='bbox 1473 3653 1618 3729; x_wconf 83' lang='lat' dir='ltr'>collegas</span> <span class='ocrx_word' id='word_1_405' title='bbox 1649 3653 1726 3714; x_wconf 88' lang='lat' dir='ltr'>lue·</span> <span class='ocrx_word' id='word_1_406' title='bbox 1831 3646 1839 3656; x_wconf 84' lang='grc'><strong><em>’</em></strong></span> 
     </span>
    </p>
   </div>
   <div class='ocr_carea' id='block_1_16' title="bbox 931 3750 1776 5672">
    <p class='ocr_par' dir='ltr' id='par_1_19' title="bbox 931 3750 1776 5672">
     <span class='ocr_line' id='line_1_84' title="bbox 931 3750 1729 3828; baseline 0.005 -20"><span class='ocrx_word' id='word_1_407' title='bbox 931 3751 1010 3810; x_wconf 87' lang='lat' dir='ltr'>runt</span> <span class='ocrx_word' id='word_1_408' title='bbox 1037 3750 1112 3810; x_wconf 79' lang='lat' dir='ltr'>aliae</span> <span class='ocrx_word' id='word_1_409' title='bbox 1146 3766 1248 3827; x_wconf 89' lang='lat' dir='ltr'>super</span> <span class='ocrx_word' id='word_1_410' title='bbox 1283 3751 1492 3812; x_wconf 90' lang='lat' dir='ltr'>ordinatione</span> <span class='ocrx_word' id='word_1_411' title='bbox 1532 3752 1637 3828; x_wconf 92' lang='lat' dir='ltr'>ipsius</span> <span class='ocrx_word' id='word_1_412' title='bbox 1669 3767 1729 3812; x_wconf 89' lang='lat' dir='ltr'>ec-</span> 
     </span>
     <span class='ocr_line' id='line_1_85' title="bbox 933 3846 1728 3924; baseline 0.003 -18"><span class='ocrx_word' id='word_1_413' title='bbox 933 3846 1044 3907; x_wconf 82' lang='lat' dir='ltr'>clesiae</span> <span class='ocrx_word' id='word_1_414' title='bbox 1068 3847 1188 3909; x_wconf 88' lang='lat' dir='ltr'>litterae</span> <span class='ocrx_word' id='word_1_415' title='bbox 1212 3849 1407 3923; x_wconf 88' lang='lat' dir='ltr'>impetratae,</span> <span class='ocrx_word' id='word_1_416' title='bbox 1433 3848 1469 3908; x_wconf 93' lang='lat' dir='ltr'>iu</span> <span class='ocrx_word' id='word_1_417' title='bbox 1492 3847 1610 3924; x_wconf 89' lang='lat' dir='ltr'>quibus</span> <span class='ocrx_word' id='word_1_418' title='bbox 1628 3849 1728 3910; x_wconf 90' lang='lat' dir='ltr'>etiam</span> 
     </span>
     <span class='ocr_line' id='line_1_86' title="bbox 932 3944 1730 4020; baseline 0.005 -18"><span class='ocrx_word' id='word_1_419' title='bbox 932 3944 972 4003; x_wconf 92' lang='lat' dir='ltr'>de</span> <span class='ocrx_word' id='word_1_420' title='bbox 986 3946 1076 4005; x_wconf 89' lang='lat' dir='ltr'>certo</span> <span class='ocrx_word' id='word_1_421' title='bbox 1090 3960 1239 4014; x_wconf 88' lang='lat' dir='ltr'>numero,</span> <span class='ocrx_word' id='word_1_422' title='bbox 1264 3945 1320 4020; x_wconf 86' lang='lat' dir='ltr'>qui</span> <span class='ocrx_word' id='word_1_423' title='bbox 1336 3947 1478 4006; x_wconf 90' lang='lat' dir='ltr'>statutus</span> <span class='ocrx_word' id='word_1_424' title='bbox 1492 3946 1527 4004; x_wconf 93' lang='lat' dir='ltr'>in</span> <span class='ocrx_word' id='word_1_425' title='bbox 1544 3945 1658 4006; x_wconf 90' lang='lat' dir='ltr'>eadem</span> <span class='ocrx_word' id='word_1_426' title='bbox 1673 3961 1730 4006; x_wconf 92' lang='lat' dir='ltr'>ec-</span> 
     </span>
     <span class='ocr_line' id='line_1_87' title="bbox 933 4039 1731 4117; baseline 0.004 -18"><span class='ocrx_word' id='word_1_427' title='bbox 933 4039 1034 4101; x_wconf 90' lang='lat' dir='ltr'>clesia</span> <span class='ocrx_word' id='word_1_428' title='bbox 1048 4041 1166 4111; x_wconf 86' lang='lat' dir='ltr'>luerat,</span> <span class='ocrx_word' id='word_1_429' title='bbox 1182 4041 1305 4102; x_wconf 90' lang='lat' dir='ltr'>mentio</span> <span class='ocrx_word' id='word_1_430' title='bbox 1321 4041 1407 4102; x_wconf 84' lang='lat' dir='ltr'>tacta</span> <span class='ocrx_word' id='word_1_431' title='bbox 1423 4042 1598 4103; x_wconf 83' lang='lat' dir='ltr'>luitUnde</span> <span class='ocrx_word' id='word_1_432' title='bbox 1613 4041 1731 4117; x_wconf 88' lang='lat' dir='ltr'>praela·</span> 
     </span>
     <span class='ocr_line' id='line_1_88' title="bbox 934 4136 1726 4215; baseline 0 -18"><span class='ocrx_word' id='word_1_433' title='bbox 934 4140 1002 4197; x_wconf 92' lang='lat' dir='ltr'>tum</span> <span class='ocrx_word' id='word_1_434' title='bbox 1015 4138 1197 4213; x_wconf 92' lang='lat' dir='ltr'>capitulum</span> <span class='ocrx_word' id='word_1_435' title='bbox 1215 4136 1393 4208; x_wconf 85' lang='lat' dir='ltr'>intellecto,</span> <span class='ocrx_word' id='word_1_436' title='bbox 1410 4138 1496 4215; x_wconf 84' lang='lat' dir='ltr'>quod</span> <span class='ocrx_word' id='word_1_437' title='bbox 1513 4154 1613 4214; x_wconf 89' lang='lat' dir='ltr'>super</span> <span class='ocrx_word' id='word_1_438' title='bbox 1630 4138 1726 4199; x_wconf 88' lang='lat' dir='ltr'>ordi-</span> 
     </span>
     <span class='ocr_line' id='line_1_89' title="bbox 933 4211 1728 4310; baseline 0.005 -17"><span class='ocrx_word' id='word_1_439' title='bbox 933 4211 1242 4310; x_wconf 67' lang='lat' dir='ltr'>nationepraimcta</span> <span class='ocrx_word' id='word_1_440' title='bbox 1257 4235 1361 4296; x_wconf 81' lang='lat' dir='ltr'>rariae</span> <span class='ocrx_word' id='word_1_441' title='bbox 1378 4227 1510 4295; x_wconf 82' lang='lat' dir='ltr'>inerant</span> <span class='ocrx_word' id='word_1_442' title='bbox 1525 4234 1644 4297; x_wconf 86' lang='lat' dir='ltr'>litterae</span> <span class='ocrx_word' id='word_1_443' title='bbox 1660 4235 1728 4296; x_wconf 90' lang='lat' dir='ltr'>im·</span> 
     </span>
     <span class='ocr_line' id='line_1_90' title="bbox 933 4332 1729 4408; baseline 0.005 -16"><span class='ocrx_word' id='word_1_444' title='bbox 933 4332 1083 4407; x_wconf 85' lang='lat' dir='ltr'>patratae,</span> <span class='ocrx_word' id='word_1_445' title='bbox 1107 4333 1264 4393; x_wconf 88' lang='lat' dir='ltr'>statutum</span> <span class='ocrx_word' id='word_1_446' title='bbox 1289 4333 1397 4408; x_wconf 90' lang='lat' dir='ltr'>ipsum</span> <span class='ocrx_word' id='word_1_447' title='bbox 1420 4348 1439 4393; x_wconf 94' lang='lat' dir='ltr'>a</span> <span class='ocrx_word' id='word_1_448' title='bbox 1464 4333 1560 4393; x_wconf 92' lang='lat' dir='ltr'>nobis</span> <span class='ocrx_word' id='word_1_449' title='bbox 1585 4332 1729 4396; x_wconf 83' lang='lat' dir='ltr'>obtinuit</span> 
     </span>
     <span class='ocr_line' id='line_1_91' title="bbox 933 4429 1729 4505; baseline 0.005 -16"><span class='ocrx_word' id='word_1_450' title='bbox 933 4429 1135 4500; x_wconf 82' lang='lat' dir='ltr'>confirmari,</span> <span class='ocrx_word' id='word_1_451' title='bbox 1157 4444 1316 4505; x_wconf 82' lang='lat' dir='ltr'>expresso</span> <span class='ocrx_word' id='word_1_452' title='bbox 1331 4429 1366 4489; x_wconf 88' lang='lat' dir='ltr'>in</span> <span class='ocrx_word' id='word_1_453' title='bbox 1382 4429 1646 4492; x_wconf 84' lang='lat' dir='ltr'>confirmationis</span> <span class='ocrx_word' id='word_1_454' title='bbox 1668 4431 1729 4493; x_wconf 93' lang='lat' dir='ltr'>lit·</span> 
     </span>
     <span class='ocr_line' id='line_1_92' title="bbox 934 4526 1776 4604; baseline 0.005 -18"><span class='ocrx_word' id='word_1_455' title='bbox 934 4526 1026 4598; x_wconf 90' lang='lat' dir='ltr'>teris,</span> <span class='ocrx_word' id='word_1_456' title='bbox 1043 4526 1128 4603; x_wconf 89' lang='lat' dir='ltr'>qnod</span> <span class='ocrx_word' id='word_1_457' title='bbox 1143 4527 1237 4587; x_wconf 91' lang='lat' dir='ltr'>multi</span> <span class='ocrx_word' id='word_1_458' title='bbox 1255 4543 1314 4604; x_wconf 90' lang='lat' dir='ltr'>per</span> <span class='ocrx_word' id='word_1_459' title='bbox 1328 4527 1457 4590; x_wconf 91' lang='lat' dir='ltr'>litteras</span> <span class='ocrx_word' id='word_1_460' title='bbox 1471 4544 1530 4604; x_wconf 94' lang='lat' dir='ltr'>pro</span> <span class='ocrx_word' id='word_1_461' title='bbox 1541 4528 1728 4590; x_wconf 88' lang='lat' dir='ltr'>ordinanda</span> <span class='ocrx_word' id='word_1_462' title='bbox 1765 4526 1776 4539; x_wconf 72' lang='grc'><strong>’</strong></span> 
     </span>
     <span class='ocr_line' id='line_1_93' title="bbox 933 4622 1732 4699; baseline 0.004 -17"><span class='ocrx_word' id='word_1_463' title='bbox 933 4624 1006 4699; x_wconf 89' lang='lat' dir='ltr'>ipsa</span> <span class='ocrx_word' id='word_1_464' title='bbox 1026 4622 1167 4684; x_wconf 91' lang='lat' dir='ltr'>ecclesia</span> <span class='ocrx_word' id='word_1_465' title='bbox 1183 4623 1376 4699; x_wconf 90' lang='lat' dir='ltr'>impetratas</span> <span class='ocrx_word' id='word_1_466' title='bbox 1393 4625 1479 4685; x_wconf 92' lang='lat' dir='ltr'>idem</span> <span class='ocrx_word' id='word_1_467' title='bbox 1501 4625 1658 4686; x_wconf 88' lang='lat' dir='ltr'>statutum</span> <span class='ocrx_word' id='word_1_468' title='bbox 1677 4624 1732 4685; x_wconf 89' lang='lat' dir='ltr'>tn-</span> 
     </span>
     <span class='ocr_line' id='line_1_94' title="bbox 934 4719 1731 4795; baseline 0.004 -15"><span class='ocrx_word' id='word_1_469' title='bbox 934 4720 1079 4795; x_wconf 80' lang='lat' dir='ltr'>lringere</span> <span class='ocrx_word' id='word_1_470' title='bbox 1098 4719 1300 4782; x_wconf 90' lang='lat' dir='ltr'>nitebantur.</span> <span class='ocrx_word' id='word_1_471' title='bbox 1323 4724 1438 4794; x_wconf 87' lang='lat' dir='ltr'>Porro,</span> <span class='ocrx_word' id='word_1_472' title='bbox 1452 4737 1532 4781; x_wconf 90' lang='lat' dir='ltr'>cum</span> <span class='ocrx_word' id='word_1_473' title='bbox 1541 4721 1648 4782; x_wconf 92' lang='lat' dir='ltr'>dictus</span> <span class='ocrx_word' id='word_1_474' title='bbox 1665 4724 1731 4783; x_wconf 90' lang='lat' dir='ltr'>Pe-</span> 
     </span>
     <span class='ocr_line' id='line_1_95' title="bbox 933 4817 1728 4894; baseline 0.004 -15"><span class='ocrx_word' id='word_1_475' title='bbox 933 4817 1134 4893; x_wconf 80' lang='lat' dir='ltr'>tragoricen.</span> <span class='ocrx_word' id='word_1_476' title='bbox 1149 4818 1324 4894; x_wconf 89' lang='lat' dir='ltr'>episcopus</span> <span class='ocrx_word' id='word_1_477' title='bbox 1346 4819 1379 4879; x_wconf 88' lang='lat' dir='ltr'>et</span> <span class='ocrx_word' id='word_1_478' title='bbox 1401 4818 1537 4894; x_wconf 75' lang='lat' dir='ltr'>college</span> <span class='ocrx_word' id='word_1_479' title='bbox 1553 4819 1605 4879; x_wconf 93' lang='lat' dir='ltr'>sui</span> <span class='ocrx_word' id='word_1_480' title='bbox 1621 4818 1728 4882; x_wconf 87' lang='lat' dir='ltr'>eidem</span> 
     </span>
     <span class='ocr_line' id='line_1_96' title="bbox 934 4915 1726 4993; baseline 0.005 -17"><span class='ocrx_word' id='word_1_481' title='bbox 934 4915 1078 4990; x_wconf 90' lang='lat' dir='ltr'>capitulo</span> <span class='ocrx_word' id='word_1_482' title='bbox 1114 4915 1239 4975; x_wconf 92' lang='lat' dir='ltr'>certum</span> <span class='ocrx_word' id='word_1_483' title='bbox 1271 4915 1448 4976; x_wconf 91' lang='lat' dir='ltr'>terminum</span> <span class='ocrx_word' id='word_1_484' title='bbox 1483 4916 1726 4993; x_wconf 85' lang='lat' dir='ltr'>assignassent,</span> 
     </span>
     <span class='ocr_line' id='line_1_97' title="bbox 933 5010 1727 5091; baseline 0.006 -19"><span class='ocrx_word' id='word_1_485' title='bbox 933 5012 1065 5072; x_wconf 90' lang='lat' dir='ltr'>tandem</span> <span class='ocrx_word' id='word_1_486' title='bbox 1075 5010 1162 5073; x_wconf 90' lang='lat' dir='ltr'>idem</span> <span class='ocrx_word' id='word_1_487' title='bbox 1174 5012 1361 5089; x_wconf 88' lang='lat' dir='ltr'>episcopus,</span> <span class='ocrx_word' id='word_1_488' title='bbox 1378 5017 1411 5074; x_wconf 92' lang='lat' dir='ltr'>et</span> <span class='ocrx_word' id='word_1_489' title='bbox 1425 5014 1510 5076; x_wconf 87' lang='lat' dir='ltr'>alter</span> <span class='ocrx_word' id='word_1_490' title='bbox 1522 5015 1727 5091; x_wconf 85' lang='lat' dir='ltr'>collegarum</span> 
     </span>
     <span class='ocr_line' id='line_1_98' title="bbox 935 5109 1729 5190; baseline 0.009 -22"><span class='ocrx_word' id='word_1_491' title='bbox 935 5109 1038 5185; x_wconf 91' lang='lat' dir='ltr'>ipsius</span> <span class='ocrx_word' id='word_1_492' title='bbox 1057 5109 1270 5170; x_wconf 83' lang='lat' dir='ltr'>Lemovicum</span> <span class='ocrx_word' id='word_1_493' title='bbox 1290 5113 1515 5177; x_wconf 83' lang='lat' dir='ltr'>accesserunt.</span> <span class='ocrx_word' id='word_1_494' title='bbox 1531 5113 1564 5174; x_wconf 92' lang='lat' dir='ltr'>et</span> <span class='ocrx_word' id='word_1_495' title='bbox 1578 5114 1653 5188; x_wconf 91' lang='lat' dir='ltr'>post</span> <span class='ocrx_word' id='word_1_496' title='bbox 1667 5129 1729 5190; x_wconf 89' lang='lat' dir='ltr'>ap-</span> 
     </span>
     <span class='ocr_line' id='line_1_99' title="bbox 935 5206 1728 5282; baseline 0.005 -15"><span class='ocrx_word' id='word_1_497' title='bbox 935 5206 1130 5282; x_wconf 87' lang='lat' dir='ltr'>pellationes</span> <span class='ocrx_word' id='word_1_498' title='bbox 1152 5207 1363 5282; x_wconf 90' lang='lat' dir='ltr'>multiplices,</span> <span class='ocrx_word' id='word_1_499' title='bbox 1378 5210 1513 5269; x_wconf 89' lang='lat' dir='ltr'>Petrum</span> <span class='ocrx_word' id='word_1_500' title='bbox 1535 5209 1575 5269; x_wconf 88' lang='lat' dir='ltr'>de</span> <span class='ocrx_word' id='word_1_501' title='bbox 1596 5211 1728 5272; x_wconf 88' lang='lat' dir='ltr'>Monta·</span> 
     </span>
     <span class='ocr_line' id='line_1_100' title="bbox 935 5303 1728 5376; baseline 0.008 -12"><span class='ocrx_word' id='word_1_502' title='bbox 935 5304 1056 5370; x_wconf 84' lang='lat' dir='ltr'>cuculi,</span> <span class='ocrx_word' id='word_1_503' title='bbox 1068 5307 1145 5365; x_wconf 88' lang='lat' dir='ltr'>etB.</span> <span class='ocrx_word' id='word_1_504' title='bbox 1157 5303 1507 5376; x_wconf 84' lang='lat' dir='ltr'>Reilier,actredacim</span> <span class='ocrx_word' id='word_1_505' title='bbox 1519 5305 1728 5370; x_wconf 89' lang='lat' dir='ltr'>aliosnomi·</span> 
     </span>
     <span class='ocr_line' id='line_1_101' title="bbox 935 5401 1731 5479; baseline 0.009 -17"><span class='ocrx_word' id='word_1_506' title='bbox 935 5403 1058 5463; x_wconf 87' lang='lat' dir='ltr'>narunt</span> <span class='ocrx_word' id='word_1_507' title='bbox 1070 5401 1104 5462; x_wconf 92' lang='lat' dir='ltr'>in</span> <span class='ocrx_word' id='word_1_508' title='bbox 1119 5402 1299 5463; x_wconf 87' lang='lat' dir='ltr'>canonicos</span> <span class='ocrx_word' id='word_1_509' title='bbox 1313 5402 1465 5464; x_wconf 80' lang='lat' dir='ltr'>ecclesiae</span> <span class='ocrx_word' id='word_1_510' title='bbox 1478 5403 1679 5479; x_wconf 83' lang='lat' dir='ltr'>saepadictae,</span> <span class='ocrx_word' id='word_1_511' title='bbox 1695 5406 1731 5469; x_wconf 87' lang='lat' dir='ltr'>in</span> 
     </span>
     <span class='ocr_line' id='line_1_102' title="bbox 935 5498 1732 5576; baseline 0.011 -18"><span class='ocrx_word' id='word_1_512' title='bbox 935 5514 975 5559; x_wconf 90' lang='lat' dir='ltr'>oa</span> <span class='ocrx_word' id='word_1_513' title='bbox 999 5498 1207 5576; x_wconf 89' lang='lat' dir='ltr'>quantumin</span> <span class='ocrx_word' id='word_1_514' title='bbox 1232 5498 1315 5575; x_wconf 91' lang='lat' dir='ltr'>ipsis</span> <span class='ocrx_word' id='word_1_515' title='bbox 1341 5499 1404 5559; x_wconf 82' lang='lat' dir='ltr'>tuit</span> <span class='ocrx_word' id='word_1_516' title='bbox 1422 5498 1636 5562; x_wconf 88' lang='lat' dir='ltr'>instituentes</span> <span class='ocrx_word' id='word_1_517' title='bbox 1655 5518 1732 5567; x_wconf 83' lang='lat' dir='ltr'>eos·</span> 
     </span>
     <span class='ocr_line' id='line_1_103' title="bbox 937 5595 1733 5672; baseline 0.01 -17"><span class='ocrx_word' id='word_1_518' title='bbox 937 5597 1020 5657; x_wconf 89' lang='lat' dir='ltr'>dem.</span> <span class='ocrx_word' id='word_1_519' title='bbox 1056 5596 1208 5672; x_wconf 83' lang='lat' dir='ltr'>capituto</span> <span class='ocrx_word' id='word_1_520' title='bbox 1232 5595 1335 5671; x_wconf 76' lang='lat' dir='ltr'>igitur</span> <span class='ocrx_word' id='word_1_521' title='bbox 1370 5598 1541 5660; x_wconf 85' lang='lat' dir='ltr'>asserente</span> <span class='ocrx_word' id='word_1_522' title='bbox 1576 5599 1733 5663; x_wconf 79' lang='lat' dir='ltr'>vitiosum</span> 
     </span>
    </p>
   </div>
   <div class='ocr_carea' id='block_1_17' title="bbox 0 0 1902 6180">
    <p class='ocr_par' dir='ltr' id='par_1_20' title="bbox 0 0 1902 6180">
     <span class='ocr_line' id='line_1_104' title="bbox 0 0 1902 6180; baseline 0 0"><span class='ocrx_word' id='word_1_523' title='bbox 0 0 1902 6180; x_wconf 95' lang='lat' dir='ltr'> </span> 
     </span>
    </p>
   </div>
  </div>
 </body>
</html>
