3774 6186
152 114 212 173 309
767 110 995 174 EPISTOLAE.
1019 105 1096 174 bio.
1122 116 1174 175 iv.
1735 102 1795 173 :lio

154 270 249 341 serit,
284 271 359 349 ipae
383 272 495 333 umen
527 284 718 349 processum
756 269 944 347 huiusmodi
1000 270 1794 349 liliivestrisjustispostulationibusgrctocon·

155 368 248 429 nisus
275 374 329 431 est
356 368 392 429 iu
416 369 518 429 ceros
542 367 806 444 possessionibus
823 383 946 429 execu-
999 373 1171 431 currentes
1193 383 1343 440 assensn,
1369 383 1529 444 personas
1548 368 1678 429 vestras
1692 367 1725 427 et
1739 367 1793 426 lo·

153 464 233 525 ttoni
258 465 430 533 mandare,
445 465 542 542 prout
561 465 729 539 colligitur
745 480 789 526 ex
804 466 945 541 quodam
1000 483 1072 526 cum
1085 467 1119 527 in
1131 482 1195 543 quo
1210 465 1323 526 divino
1334 466 1415 527 estis
1427 466 1585 542 obsequio
1601 460 1798 539 mancipati,

154 561 284 634 publico
300 563 520 623 instrumento
534 578 578 622 ex
592 564 685 638 parte
700 562 830 637 praefati
853 563 945 637 epis-
1000 563 1234 624 cumomnibus
1247 563 1343 624 bonis
1354 576 1427 639 quae
1436 562 1725 639 inpraesentiarum
1736 575 1794 620 ra-

154 660 224 734 copi
240 659 391 720 exhibito
412 674 522 720 coram
543 658 655 728 nobis,
675 659 760 735 qirod
776 659 835 719 sub
854 659 945 719 bulla
999 661 1203 722 tionabiliter
1217 660 1404 737 possidetis,
1417 662 1474 720 aut
1487 659 1520 719 in
1535 659 1682 720 futurum
1693 656 1794 733 justis

152 755 245 815 robis
260 757 516 817 transmittimus
540 756 771 827 interclusum3
786 758 819 816 et
833 757 867 815 in
881 755 944 815 ab·
1000 758 1116 828 modis,
1130 759 1308 834 praestante
1317 757 1466 827 Domino,
1477 757 1629 833 poteritis
1641 754 1791 835 adipisci,

145 848 260 914 batem
279 853 496 914 nihilominus
512 856 544 914 et
558 854 758 914 conventum
772 853 944 928 praedictos
1000 855 1060 914 snb
1074 854 1162 916 beati
1171 856 1261 917 Petri
1276 858 1309 916 et
1332 856 1444 915 nostra
1456 855 1659 930 protectione
1683 852 1792 912 susci·

141 952 175 1009 et
191 950 459 1011 contradictores
483 949 647 1026 quoslibet
671 950 944 1010 excommunica·
999 954 1118 1028 pimus
1134 953 1330 1029 specialiter
1344 955 1452 1012 autem
1470 952 1509 1011 de
1525 949 1743 1033 Altbiliingen
1758 950 1792 1009 et

132 1046 253 1106 tionis
268 1046 468 1117 sententiam
481 1046 713 1122 promulgavit.
1000 1051 1040 1107 dn
1056 1053 1159 1124 Berge
1181 1050 1337 1118 decimas,
1354 1051 1386 1109 et
1404 1049 1444 1108 de
1460 1048 1602 1109 Dnhtori
1613 1049 1737 1107 eudem
1753 1060 1793 1106 ac

182 1146 274 1204 Cum
289 1143 642 1213 autemdictusabbas,
659 1146 692 1204 et
707 1143 859 1204 Urbanus
875 1142 946 1218 ple-
1000 1148 1065 1205 alia
1088 1147 1172 1207 bona
1191 1148 1311 1218 vestra,
1340 1146 1426 1206 sicut
1451 1161 1491 1205 ea
1512 1144 1623 1206 omnia
1648 1146 1736 1219 juste
1761 1143 1794 1204 et

117 1240 258 1301 hairus
298 1241 410 1303 Sancti
445 1241 541 1302 Pauli
580 1242 775 1316 procurator
800 1240 944 1316 episcopi
1001 1244 1137 1318 pacifice
1153 1243 1338 1320 possidetis,
1355 1242 1449 1303 vobis
1465 1245 1566 1317 elper
1581 1240 1714 1316 vosipsi
1730 1256 1791 1300 ec·
1847 1312 1850 1319 ¹

116 1337 348 1412 Silitrssdissti,
366 1338 500 1413 propter
514 1337 585 1396 ¹¹aess
599 1336 754 1396 issss⁰stra
770 1336 945 1412 praesentia
1000 1341 1111 1401 clasiae
1137 1341 1332 1401 auctoritate
1345 1339 1532 1416 Apostolica
1558 1338 1792 1399 confirmamus

111 1434 334 1504 constituti,
349 1433 622 1509 procuratoripse
634 1448 823 1508 processum
833 1448 947 1508 supra·
1001 1443 1032 1498 et
1056 1438 1229 1514 praesentis
1254 1438 1368 1513 scripti
1395 1436 1579 1513 patrocinio
1603 1435 1791 1495 mmmm.

111 1532 230 1591 dicti
251 1530 380 1593 abbatis
395 1531 436 1591 de
451 1531 571 1601 Quiesa
586 1529 776 1590 confirmari
792 1530 896 1605 petiit,
914 1531 947 1589 et
1001 1552 1084 1594 mus.
1111 1535 1201 1595 Nulli
1225 1550 1304 1610 ergo
1324 1535 1458 1594 omnino
1491 1533 1661 1592 hominum
1692 1532 1793 1592 liceat

118 1644 231 1704 pars
252 1629 357 1689 altera
379 1628 553 1689 intirmari.
567 1629 636 1688 Nos
660 1627 763 1700 igitur
777 1627 898 1686 auditis
914 1628 947 1687 et
1001 1632 1086 1692 lianc
1100 1632 1253 1707 paginam
1277 1633 1398 1692 nostrae
1416 1629 1608 1706 protectinis
1624 1631 1657 1689 et
1670 1626 1793 1688 contir-

124 1726 342 1795 intellectis,
366 1741 440 1800 quae
462 1739 564 1800 super
586 1723 641 1782 liis
663 1723 756 1783 tuere
776 1725 945 1799 proposita
1002 1729 1155 1789 arationis
1169 1727 1360 1802 intringere,
1381 1727 1433 1787 vel
1460 1726 1491 1786 ei
1513 1724 1794 1786 ausu'temerario

127 1838 267 1882 <airam
278 1821 385 1893 nobis,
400 1823 440 1883 de
451 1822 591 1882 fratrum
606 1823 794 1881 nostrorum
807 1820 946 1880 consilio
1001 1826 1176 1886 contraire.
1194 1825 1228 1885 st
1244 1826 1433 1900 quisantem
1449 1823 1511 1883 boe
1527 1824 1689 1883 attentare
1705 1837 1793 1896 prae-

132 1935 344 1995 processum
376 1919 485 1995 ipsum
511 1918 720 1978 decrevimus
756 1918 889 1977 irritum
915 1918 947 1977 et
1001 1924 1188 1999 sumpserit,
1206 1922 1466 1997 indignationem
1484 1917 1789 1995 omnipotentisDei

141 2018 300 2086 inanem,
315 2017 508 2077 mandantes
524 2014 731 2090 omniaque
743 2030 801 2090 per
811 2014 948 2090 predic·
1001 2023 1033 2081 et
1067 2020 1236 2080 besorum
1259 2020 1347 2080 Petri
1373 2020 1406 2079 el
1435 2018 1530 2078 Penii
1562 2015 1791 2092 apostolorum

141 2115 222 2174 tum
251 2112 402 2175 abbatem
426 2112 467 2172 de
481 2112 600 2182 Quiesa
614 2112 664 2170 vel
681 2111 857 2170 occasione
870 2126 947 2186 pro-
1001 2117 1490 2192 ejussenoveritincnrsurnm.
1508 2115 1624 2175 Datum
1640 2111 1792 2180 viterbii,

148 2226 269 2270 cessus
293 2209 396 2285 ipsius
420 2211 534 2270 contra
559 2208 682 2269 dictum
711 2209 946 2269 monasterium
1002 2216 1090 2274 xi‘ss
1121 2214 1188 2274 kal.
1215 2212 1417 2284 novembris,
1446 2212 1656 2288 pontificatus
1687 2208 1791 2269 nostri

151 2309 316 2369 attentata
332 2322 405 2366 esse
420 2308 613 2375 noscuntur,
630 2306 665 2364 in
681 2305 773 2364 ilium
795 2305 946 2364 revocari
1002 2327 1088 2371 anno
1105 2313 1232 2387 quarto.

155 2404 617 2479 statum.inquoerant,cum
632 2401 949 2477 praetextupreedic-
1359 2454 1404 2476 „

154 2506 264 2562 tarum
280 2501 466 2561 litterarum
485 2501 672 2559 nostrarum
696 2499 947 2559 contradictum
1269 2492 1270 2495 ’
1337 2453 1463 2539 XXIX

154 2595 391 2657 monasterium
402 2595 537 2670 incoepit
550 2594 729 2670 procedere
737 2594 821 2654 idem
832 2593 945 2654 abbas.
1001 2592 1052 2648 rid
1070 2591 1207 2660 priores
1225 2588 1258 2647 et
1276 2590 1414 2661 callepio
1433 2588 1655 2645 eocoesiornm
1678 2583 1799 2644 Sorrctl

154 2693 316 2765 Quocirca
340 2691 534 2753 discretioni
546 2694 665 2751 restrae
683 2706 741 2767 per
757 2692 946 2766 apostolica
1040 2687 1153 2744 Murci
1176 2688 1218 2744 de
1243 2685 1399 2753 dialetico,
1434 2683 1551 2743 Soracte·
1578 2681 1730 2754 Spiritus
1755 2682 1797 2740 dc

156 2790 280 2867 scripta
313 2788 519 2859 mandamus,
547 2790 708 2864 quatenus
734 2787 819 2864 quod
848 2802 949 2863 super
1048 2786 1190 2852 Verona,
1207 2782 1270 2842 etc.

154 2887 208 2945 iris
237 2886 455 2956 decrevimus,
479 2884 609 2945 facialis
627 2884 822 2945 auctoritate
834 2884 948 2945 nostra
1284 2875 1318 2932 1⁹
1329 2874 1423 2932 octob.
1437 2875 1516 2932 iiiii.

153 2983 215 3043 sub
223 2983 412 3059 apostoliea
421 2981 607 3042 obedientia
616 2981 755 3043 tirmiter
764 2980 945 3051 observari,
1088 2981 1249 3045 [oianroiini
1260 2981 1380 3030 colendi
1395 2982 1502 3035 verum.
1514 2986 1533 3029 l·
1550 2980 1592 3035 ¹¹¹·
1602 2994 1628 3043 li·
1638 2979 1708 3043 ²6⁵·l

155 3080 415 3142 fflsstsafflefflsffl
443 3095 501 3155 lJ⁰¹⁸
516 3094 674 3139 censuras
705 3077 948 3139 ecclesiasticas
1003 3091 1142 3163 llrgiilam
1157 3088 1192 3145 ab
1207 3088 1374 3145 innocentio
1391 3089 1430 3144 ill
1445 3085 1604 3143 roboratam
1616 3093 1682 3142 ante
1694 3085 1795 3144 Conci·

123 3168 137 3191 ⁶
153 3178 411 3253 compescentes.
428 3176 519 3247 Quod
534 3176 563 3234 si
578 3191 644 3234 non
659 3191 774 3235 omnes
789 3174 841 3234 iiis
856 3189 949 3236 exse·
1037 3179 1105 3234 lium
1121 3177 1256 3249 generale
1276 3190 1309 3232 ac
1324 3174 1358 3231 ad
1373 3190 1472 3231 eorum
1486 3176 1651 3247 petitionem
1666 3180 1791 3246 postmo-

156 3273 298 3349 quendis
308 3272 481 3349 potueritis
494 3272 666 3342 interesse,
681 3272 746 3332 duo
753 3273 947 3333 vestrumea
1037 3266 1105 3323 dnm
1121 3274 1276 3322 collectim
1292 3263 1452 3321 confirmet·

154 3369 374 3433 nihilominus
385 3370 619 3445 exsequantur.
1043 3375 1209 3436 Honorius
1218 3374 1404 3450 episeopus,
1417 3387 1533 3432 servus
1546 3386 1716 3432 serrorum
1726 3370 1797 3441 Dei,

194 3469 313 3527 Datum
327 3465 465 3527 viterbii
474 3468 563 3526 livii
576 3465 736 3525 kalendas
746 3464 945 3532 novembris,
1003 3474 1133 3533 dilectis
1146 3472 1224 3531 liliis
1240 3470 1416 3547 prioribus,
1429 3471 1462 3530 et
1476 3469 1627 3544 collegiis
1642 3468 1798 3529 ecclesia·

154 3563 367 3641 pontificatus
381 3563 484 3625 nostri
501 3578 588 3623 anno
612 3564 741 3641 quarto.
1003 3587 1076 3630 rum
1091 3569 1204 3630 Sancti
1221 3568 1324 3627 Marci
1339 3567 1380 3628 de
1394 3569 1543 3636 Mantua,
1561 3565 1672 3626 Sancti
1690 3565 1798 3641 Spiri-

1004 3671 1056 3727 tus
1070 3667 1111 3726 de
1124 3668 1267 3735 Verona,
1286 3664 1403 3723 domus
1421 3663 1594 3737 religionis
1610 3662 1650 3722 de
1665 3665 1797 3734 Parma,

467 3730 635 3817 XXVIII
1005 3764 1117 3824 sancti
1132 3761 1264 3823 Eusebii
1286 3759 1490 3820 aesernino
1511 3759 1696 3819 vicentinae
1712 3759 1799 3819 uioe-

151 3857 206 3917 Ao
235 3855 463 3930 propositam
502 3855 535 3914 el
570 3855 757 3927 cespititium
797 3855 946 3915 cceleslae
1004 3860 1100 3930 cesis,
1130 3861 1260 3919 Sanctae
1287 3858 1459 3932 Perpetua
1486 3855 1526 3915 de
1561 3855 1731 3924 Faventia,
1766 3856 1800 3916 et

191 3955 252 4012 SS.
270 3952 508 4025 Apostolorum
525 3952 626 4012 Petri
641 3952 673 4011 el
686 3953 788 4013 Pauli
800 3954 840 4012 de
855 3953 950 4012 Mon
1005 3959 1134 4017 sanetae
1149 3956 1264 4015 Mariae
1280 3954 1320 4014 de
1334 3955 1449 4013 Castro
1463 3952 1618 4022 Yzerino,
1634 3953 1801 4011 veronen·

194 4050 283 4111 tcllo.
1004 4054 1050 4114 sis
1064 4053 1227 4122 dioecesis‚
1244 4053 1277 4112 et
1292 4048 1462 4116 omnibus,
1483 4049 1539 4125 qui
1555 4048 1638 4109 sein
1654 4047 1802 4108 tutorum

451 4127 485 4183 ¹⁶
504 4133 559 4182 ⁰⁰¹·
577 4126 656 4183 iiiii.
1004 4168 1118 4212 eorum
1132 4149 1241 4211 ordini
1257 4148 1385 4209 sociare
1405 4145 1583 4218 voluerint,
1605 4145 1746 4206 salutem
1769 4147 1801 4208 et

321 4230 506 4296 [wiennam.
518 4232 558 4283 ΗΒ
571 4232 613 4287 ¹¹¹·
626 4232 667 4288 ⁸⁶·
682 4246 708 4281 ¹¹·
719 4231 788 4295 ⁶¹⁰4
1005 4250 1219 4325 apostolicam
1230 4245 1504 4307 benedictionem.

207 4340 290 4411 ¹⁰⁸⁰⁸
304 4353 368 4396 ⁰1¹¹ss
384 4338 516 4397 ⁰¹¹¹ssibi¹⁸
531 4338 613 4395 1¹0⁰ss
628 4337 889 4411 t1¹0¹¹d⁰⁸³¹1⁸⁰5i>5b
1045 4348 1114 4407 Piae
1144 4344 1320 4422 postulatio
1346 4342 1529 4402 voluntatis
1556 4340 1677 4401 effectu
1705 4339 1802 4401 debet

192 4447 371 4518 Honorius,
388 4448 463 4517 etc,
476 4446 605 4507 dilectis
619 4447 708 4517 tiliis,
727 4446 904 4523 praeposito
917 4447 951 4507 et
1005 4445 1224 4521 prosequente
1235 4439 1404 4516 compleri,
1421 4439 1612 4499 utetsaorae
1625 4436 1800 4510 religionis

151 4545 300 4620 capitulo
323 4544 474 4607 ecclesie
505 4544 696 4606 sancwrum
725 4544 949 4619 apostolorum
1004 4543 1100 4615 vigor
1114 4540 1302 4601 succrescat
1317 4536 1464 4602 uberius,
1480 4536 1513 4594 et
1525 4533 1711 4621 devotionis
1726 4533 1798 4593 sin-

152 4642 244 4702 Petri
256 4644 290 4703 et
305 4640 399 4703 Pauli
414 4641 456 4701 de
475 4641 638 4710 Marteilo‚
657 4642 952 4702 Praemonstraten·
1005 4640 1126 4700 ceritas
1151 4635 1365 4697 laudabiliter
1390 4633 1562 4693 enitescat.
1586 4633 1631 4690 Ea
1654 4631 1798 4707 propter,

154 4740 203 4799 sis
225 4739 366 4810 ordinis,
392 4738 655 4800 consentiensis
677 4737 843 4808 dioecesis,
859 4738 951 4799 salu-
1005 4736 1116 4798 dilecti
1126 4735 1159 4813 in
1171 4729 1515 4799 Dominolilii‚vestris
1524 4726 1801 4804 postulationibus

152 4839 221 4897 tem
236 4835 497 4913 etapostolieam
510 4835 788 4896 benedictionem.
1005 4833 1168 4899 inclinati,
1182 4830 1342 4905 regulam,
1360 4842 1459 4903 quam
1470 4825 1709 4886 deliberatione
1723 4841 1802 4901 pro-

194 4935 415 4995 Sacrosaocta
435 4935 583 4994 Romana
599 4930 747 4993 Ecclesia
769 4931 904 4993 devotos
919 4933 952 4993 et
1004 4930 1081 4991 vida
1110 4930 1291 4990 statuentes
1318 4924 1536 4986 communiter
1548 4922 1801 4999 approbastis,a

153 5030 298 5091 humiles
326 5028 415 5090 tilios
441 5045 484 5090 ex
516 5032 657 5090 assuetae
685 5029 817 5105 pietatis
841 5028 950 5090 cilicio
1006 5029 1112 5089 ieiicis
1135 5023 1376 5087 recordationis
1397 5021 1578 5082 innocentii
1606 5035 1689 5096 papa
1709 5035 1800 5096 prae·

152 5129 352 5205 propensius
367 5127 509 5204 diligere
523 5127 707 5196 consuevit,
727 5129 760 5188 et
774 5142 815 5187 ne
830 5141 951 5202 pravo-
1005 5127 1180 5186 decessore
1216 5125 1329 5183 nostro
1362 5120 1456 5180 robis
1495 5117 1654 5179 iratribus
1688 5117 1801 5177 Sancti

154 5241 226 5287 rum
243 5224 415 5289 bominum
428 5225 591 5286 molestiis
604 5225 781 5300 agitentur,
803 5239 860 5283 eos
873 5227 949 5284 tan·
1006 5223 1109 5284 biarci
1142 5221 1265 5281 dudum
1298 5218 1487 5278 roboratam
1516 5217 1592 5276 ante
1617 5214 1800 5275 Concilium

152 5340 250 5401 quam
266 5324 520 5400 piamalersuae
535 5321 751 5399 protectionis
767 5321 951 5382 munimine
1005 5320 1174 5397 generale,
1200 5334 1239 5378 ac
1262 5316 1302 5376 ad
1326 5315 1516 5391 petitionem
1540 5313 1682 5372 vestram
1706 5315 1800 5388 post·

153 5422 341 5483 cliniovere.
373 5422 568 5497 liapropter,
599 5419 711 5479 ‹iilecti
739 5419 772 5478 in
810 5418 949 5479 Domino
1007 5418 1137 5477 modom
1164 5415 1204 5476 de
1229 5413 1383 5473 mandato
1407 5413 1519 5470 nostro
1546 5410 1580 5468 in
1606 5407 1800 5484 quibusdam
