3774 6186
125 302 216 389 ooe'

390 514 655 602 ccxxxvlll

145 650 199 709 Act
215 649 334 710 Olorem
354 652 649 723 archiepiscopum
672 648 899 723 upsalensem.

421 761 454 820 31
468 762 528 834 jan.
544 762 623 819 1121.

290 866 437 933 [1111161161.
448 867 558 920 Svsnskt
569 867 644 933 dipl,
658 867 678 925 l,
691 867 760 932 211]

125 973 245 1032 blendat
263 982 294 1032 ut
315 974 468 1049 diligenter
487 975 604 1049 colligat
625 975 792 1033 vicesimam
818 980 847 1032 st
865 973 918 1031 alla

159 1065 297 1121 Ecclesiae
312 1065 449 1122 Romanae
469 1063 564 1122 dehita
587 1070 617 1121 et
635 1064 728 1121 mittat
750 1078 801 1136 per
822 1061 921 1120 fideles

158 1153 285 1222 nuntios,
300 1153 345 1210 vel
361 1153 489 1226 assignet
505 1151 649 1211 Lundensi
661 1151 886 1226 archiepiscopo.

164 1270 333 1331 Honorius
344 1270 837 1347 episcopus,servnsservornm
846 1271 916 1343 Dei,

122 1367 206 1428 Olao
217 1367 469 1444 archiepiscopo
482 1367 668 1444 Upsalensi.

163 1463 379 1527 Fraternltati
399 1465 465 1525 tuas
487 1465 701 1541 praesentium
721 1463 918 1526 auctoritate

121 1560 346 1636 praecipiendo
380 1561 586 1634 mandamus,
609 1564 772 1639 quatenus
791 1561 917 1623 vicesi-

121 1673 211 1718 mam
249 1657 552 1720 ecclesiasticorum
587 1661 821 1736 proventuum,
856 1674 918 1720 nec

120 1771 188 1816 non
203 1757 236 1817 et
248 1771 384 1817 censum
400 1755 440 1817 de
454 1757 573 1818 Suecia
588 1757 748 1840 Ecclesiae
760 1759 917 1818 Romanae

122 1852 271 1914 debitum
295 1854 456 1929 colligens
473 1853 661 1929 diligenter,
681 1855 749 1916 tam
763 1870 804 1916 ea
819 1870 917 1932 qnam

121 1949 192 2011 alia
217 1950 312 2011 nobis
338 1951 367 2012 si
389 1950 559 2013 commode
579 1951 703 2029 poteris
721 1968 782 2029 per
802 1951 916 2013 fideles

121 2048 258 2109 nuntios
284 2048 418 2111 studeas
438 2048 616 2111 destinare.
639 2049 796 2128 Alioquin
815 2065 918 2111 vene-

121 2145 222 2206 rabili
246 2145 341 2207 fratri
362 2146 526 2219 nostro...,
543 2146 710 2207 Luniensi
724 2146 915 2223 arehiepis-

121 2258 217 2319 copo,
234 2242 376 2306 fideliler
398 2244 572 2320 assignare
591 2258 761 2321 procures,
778 2245 915 2322 quanti-

119 2341 223 2401 tatem
251 2354 366 2400 aorum
392 2340 488 2401 nohis
513 2339 655 2402 fideliler
680 2340 913 2416 rescripturus.

121 2437 241 2498 Datum
254 2437 421 2509 Laterani,
435 2439 463 2498 ll
472 2437 631 2498 kalendas
647 2436 819 2509 februarii,
831 2453 916 2515 pon-

121 2533 268 2596 tiflcatns
280 2533 387 2595 nostri
398 2548 487 2596 anno
500 2535 626 2612 quinto.

410 2738 633 2826 CCXXXlX

121 2875 175 2933 Act
200 2873 337 2934 abbates
352 2873 470 2934 Sancti
495 2873 662 2934 Vincentii
688 2873 854 2935 Maiensis
881 2874 915 2934 et

160 2971 202 3031 cle
225 2972 343 3036 Vitare,
366 2971 399 3031 et
413 2973 458 3032 ed
473 2974 632 3044 priorem
654 2973 695 3032 de
715 2973 916 3033 1111611116-

163 3067 271 3128 tensis
290 3070 455 3129 dioeecsis.

424 3182 437 3238 1
453 3179 522 3238 lebr.
537 3181 617 3239 1221.

153 3288 270 3350 [begeat.
281 3286 326 3337 lih.
337 3287 368 3345 v,
385 3287 460 3351 epist.
471 3285 593 3337 1161111.
606 3288 641 3337 La
653 3288 729 3338 Porta
739 3286 774 3338 de
787 3287 880 3352 Theti]

121 3393 248 3467 injungit
260 3393 302 3450 eis
316 3399 347 3450 ut
362 3391 528 3450 mandatum
543 3394 737 3466 apostolicum
749 3392 783 3452 de
792 3394 914 3453 viviano

155 3480 259 3537 clerico
277 3481 307 3537 in
323 3479 444 3538 ecelesia
466 3480 586 3538 blotensi
605 3479 788 3555 providendo,
807 3495 912 3540 execu-

156 3570 225 3625 tioni
239 3567 300 3626 dari
317 3567 494 3641 provideant.

757 326 985 389 EPISTOLAE.
1010 327 1087 387 Lln
1112 327 1149 386 V.

1707 331 1767 393 191

974 483 1072 548 tenus
1092 484 1177 562 quod
1199 501 1300 563 super
1315 486 1368 548 hle
1386 503 1406 549 a
1426 486 1521 550 noble
1541 487 1593 550 est
1613 462 1768 566 aequitate

974 581 1135 643 suadente
1157 582 1326 659 provisum
1347 583 1478 647 lactatis
1491 584 1631 648 tirmiter
1652 585 1770 648 ohser-

974 679 1057 740 vari.
1066 679 1334 741 contradictores
1344 681 1373 741 si
1383 683 1440 760 qui
1452 682 1576 744 fuerint
1586 683 1769 746 monitione

974 777 1146 854 praemissa
1165 793 1226 855 per
1244 794 1419 840 censuram
1433 780 1692 842 ecclesiasticam
1707 796 1769 859 ap-

974 874 1153 952 pellatione
1168 876 1352 953 postposita
1362 879 1619 953 compescentes.
1632 877 1723 950 Quod
1737 877 1766 941 si

975 987 1040 1033 non
1061 988 1186 1045 omnes,
1204 974 1266 1057 etc.
1288 975 1408 1035 Datum
1422 976 1589 1046 Laterani,
1605 974 1766 1037 kalendas

973 1067 1147 1143 fabruarii,
1164 1070 1373 1147 pontificatus
1387 1071 1494 1133 nostri
1515 1087 1603 1134 anno
1617 1072 1742 1150 quinto.

1306 1265 1435 1353 ccxl.

1085 1398 1137 1457 Act
1151 1397 1371 1459 calicianum
1384 1401 1656 1474 nidrosiensem

1213 1497 1521 1570 archiepiscopum.

1277 1616 1291 1672 1
1305 1613 1374 1672 sehr.
1390 1616 1469 1674 1221.

1109 1719 1215 1784 [Lange
1226 1720 1293 1786 bipl.
1306 1721 1481 1786 Norveqicnm,
1491 1721 1533 1780 vi,
1542 1735 1561 1781 r,
1573 1721 1624 1787 lt]

971 1824 1107 1885 Concedit
1126 1826 1270 1885 licentiam
1293 1826 1328 1885 ah
1352 1829 1646 1887 excommunicatione
1667 1828 1760 1888 absol·

1008 1913 1090 1971 vendi
1098 1914 1178 1988 juxta
1186 1913 1306 1974 termam
1317 1917 1452 1975 Ecclesiae
1463 1932 1514 1975 eos
1524 1917 1571 1990 qui
1579 1933 1635 1975 non
1645 1923 1763 1991 possent

1006 2001 1043 2058 ad
1057 2003 1160 2060 sedem
1174 2004 1368 2077 apostolicam
1382 2004 1471 2062 adire.

1010 2121 1676 2198 Honoriusepiscopus,servusservorum
1684 2123 1757 2195 Dei,

970 2216 1153 2278 venerabili
1179 2218 1312 2279 tratri...
1334 2219 1553 2298 Nydrosiensi
1569 2219 1758 2298 archiepis·-

970 2329 1063 2389 copo,
1086 2315 1237 2388 salutem,
1254 2318 1317 2378 etc.

1009 2414 1055 2472 De
1074 2411 1280 2474 subditorum
1308 2415 1440 2475 tuorum
1466 2415 1575 2477 salute
1596 2415 1760 2478 sollicitus

969 2508 1174 2585 supplicasti,
1184 2511 1221 2572 ut
1234 2527 1310 2573 cum
1326 2511 1476 2574 nonnulli
1492 2528 1606 2574 eorum
1621 2528 1681 2589 pro
1693 2513 1763 2575 vio·

970 2605 1059 2667 lenta
1068 2622 1224 2670 manuum
1233 2607 1412 2686 injectione
1423 2610 1622 2673 sententiam
1631 2625 1762 2674 excom·

969 2704 1203 2766 manicationis
1214 2706 1426 2778 incurrerint,
1434 2708 1467 2769 et
1480 2708 1614 2785 propter
1627 2706 1762 2783 longin-

969 2800 1127 2876 quitatem
1150 2802 1213 2864 viae
1237 2803 1289 2866 vel
1316 2806 1555 2881 paupertatem,
1576 2819 1635 2865 seu
1660 2804 1761 2866 etiam

968 2897 1124 2959 duritiam
1139 2915 1245 2971 suam,
1258 2900 1300 2961 ad
1319 2902 1544 2977 apostolicam
1561 2901 1678 2962 Sedem
1693 2917 1760 2962 non

968 2996 1104 3057 veniant
1134 2997 1355 3059 absolutionis
1385 2998 1582 3060 henellcium
1610 2998 1759 3077 petituri,
1840 3016 1856 3028 ²

968 3093 1024 3153 sed
1042 3094 1191 3172 plerique
1208 3094 1243 3155 in
1263 3096 1641 3158 excommunicationem
1656 3096 1757 3158 dece·

968 3189 1057 3261 dant,
1090 3207 1192 3269 snper
1226 3191 1288 3252 hoc
1307 3193 1481 3271 providere
1500 3192 1762 3255 misericorditer

968 3285 1193 3362 dignaremur.
1207 3288 1366 3350 volentes
1392 3288 1495 3365 igitur
1514 3304 1628 3350 eorum
1648 3289 1762 3365 provi-

968 3383 1046 3445 dere
1075 3385 1187 3458 saluti,
1227 3386 1441 3463 praesenlium
1467 3385 1528 3448 tihi
1563 3386 1761 3448 auctoritate

968 3481 1191 3555 concedimus,
1208 3485 1244 3545 ut
1265 3482 1386 3545 talibus
1401 3485 1574 3561 postquam
1585 3484 1692 3562 passis
1704 3483 1761 3544 in-

963 3579 1088 3656 iuriam
1101 3579 1323 3642 satisfecerint
1340 3583 1575 3659 competenter,
1589 3580 1761 3658 impendas

161 3687 338 3757 Honorius,
356 3688 431 3757 etc„
453 3685 584 3749 dilectis
606 3686 684 3748 filiis
704 3687 816 3749 sancit
830 3687 914 3748 uin.
963 3678 1061 3752 Juxta
1073 3676 1213 3739 termam
1227 3679 1384 3740 Ecclesiae
1397 3678 1617 3760 absolutionis
1631 3678 1761 3740 beneti-

119 3784 221 3844 centii
240 3785 373 3855 Metam,
393 3785 426 3846 et
445 3784 486 3845 de
507 3784 617 3846 Vilers
640 3783 825 3856 abbatibus,
843 3786 911 3847 et...

122 3882 229 3959 priori
244 3882 284 3942 de
295 3882 416 3953 Vilers,
433 3883 553 3944 Melan.
571 3882 734 3944 dioecesis.

161 3979 361 4055 scripsimus
380 3979 459 4040 olim
470 3979 600 4041 dilectis
615 3980 704 4052 tiliis,
717 3981 838 4043 Melan.
855 3997 914 4042 ca·

120 4077 236 4154 pitulo,
254 4078 290 4138 ut
307 4076 464 4140 dilectum
488 4077 594 4138 lilium
615 4077 792 4139 Vivianum
813 4078 914 4140 cleri-

120 4191 195 4235 cum
211 4174 398 4250 reciperent
412 4174 446 4235 in
461 4176 657 4236 canonicum
669 4176 701 4237 et
713 4176 747 4236 in
763 4176 911 4249 11111611,

119 4288 158 4332 ac
172 4272 302 4333 demum
317 4271 428 4334 abbati
450 4273 564 4360 Sancti
579 4273 764 4345 Michaelis,
779 4275 813 4336 et
827 4289 911 4335 con-

114 4368 285 4447 judicibus
297 4373 370 4445 ejus
385 4368 536 4431 dedimus
550 4371 586 4432 in
601 4371 778 4442 mandatis,
798 4372 834 4433 ut
855 4387 912 4433 eos

118 4469 160 4528 ad
183 4467 216 4527 id
242 4468 468 4529 ecclesiastica
495 4467 702 4530 districtione
730 4468 911 4544 compelle-

117 4567 204 4637 rent,
219 4565 284 4625 nisi
300 4564 384 4626 torte
399 4564 525 4643 aliquid
539 4566 735 4627 canonicum
750 4565 910 4629 obviaret.

118 4666 263 4740 Cumque
275 4678 390 4724 eorum
399 4663 481 4739 ipsis
494 4663 610 4725 luisset
620 4663 912 4739 diutiusdiscepta·

118 4764 198 4832 tum,
209 4760 338 4822 demum
349 4760 480 4822 dilectis
490 4760 567 4821 illlis
575 4761 767 4837 primicerio
775 4762 909 4834 Metam,

117 4864 150 4920 et
179 4858 316 4935 praefato
342 4858 463 4919 clerico
490 4859 624 4935 propter
650 4857 713 4919 hoc
737 4857 771 4918 in
797 4860 911 4920 nostra

117 4944 295 5032 praesentia
323 4955 511 5017 constitutis
542 4957 591 5016 sic
620 4954 777 5016 duximus
798 4956 913 5032 provi-

117 5052 480 5124 dendum,utvidelicet
489 5053 575 5113 idem
586 5052 767 5128 capitulum
776 5052 912 5131 quinde-

117 5151 180 5211 cim
200 5150 303 5211 lihras
320 5149 585 5226 provenientium
599 5151 748 5211 Franciae
762 5150 826 5228 ipsi
838 5150 910 5212 cle-

116 5249 188 5308 rico
198 5246 719 5323 conteratannuatlm,quousque
730 5246 793 5308 sibi
805 5248 913 5324 provi·

117 5345 202 5406 derit
214 5344 249 5404 in
263 5343 474 5421 aequlvalenti
490 5343 717 5405 ecclesiastico
735 5342 908 5417 beneflcio,

115 5443 168 5504 vel
181 5442 310 5518 majori,
323 5456 423 5518 super
438 5441 627 5518 receptione
639 5440 912 5519 6166166661-

115 5540 220 5602 tulum
233 5539 454 5601 absolventes.
468 5538 611 5616 Ideoque
625 5538 820 5602 discretioni
834 5556 912 5602 ves-

116 5642 175 5698 trae
190 5653 249 5715 per
261 5636 451 5713 apostolica
466 5636 591 5712 scripta
606 5636 812 5710 mandamus,
828 5654 912 5716 qua-

967 3772 1135 3835 clumvice
1146 3774 1344 3847 nostra‚nisi
1355 3774 1467 3837 forsan
1477 3775 1664 3853 aliquorum
1673 3774 1762 3836 esset

967 3868 1051 3930 adeo
1064 3871 1177 3945 gravis
1195 3872 1229 3933 et
1243 3871 1388 3933 enormia
1409 3888 1578 3945 excessus,
1593 3871 1679 3950 quod
1691 3887 1762 3933 me-

966 3966 1031 4027 rito
1054 3968 1166 4028 essent
1189 3966 1230 4028 ad
1259 3967 1377 4030 Sedem
1405 3968 1629 4046 apostolicam
1658 3967 1763 4030 desti-

967 4063 1080 4124 nandi.
1094 4066 1212 4124 Datum
1227 4064 1396 4137 Laterani,
1408 4063 1569 4127 kalendas
1586 4062 1759 4137 februarii,

967 4160 1177 4236 pontificatus
1187 4162 1293 4224 nostri
1308 4177 1396 4225 anno
1412 4163 1538 4243 quinto.

1290 4376 1438 4463 dcxli

986 4518 1037 4577 Ad
1056 4518 1252 4592 episcopum
1266 4517 1300 4578 ct
1313 4517 1501 4592 capitium
1518 4518 1739 4580 catamerica.

1261 4628 1364 4687 3lehr.
1380 4630 1461 4688 1221.

999 4744 1119 4808 [liegest.‚
1129 4741 1176 4794 lib.
1186 4745 1219 4802 v,
1231 4743 1306 4810 epist.
1319 4743 1443 4795 1111111.
1457 4746 1493 4796 Le
1504 4744 1579 4797 Porta
1589 4744 1623 4796 du
1634 4744 1729 4811 thail]

965 4851 1099 4924 Praecipit
1111 4851 1153 4907 eis
1167 4857 1199 4908 ut
1211 4852 1356 4925 hogerum
1371 4851 1506 4910 clericum
1521 4852 1758 4911 catalaunensem

1001 4952 1059 4995 non
1080 4937 1212 4996 obstante
1235 4938 1311 5011 qnod
1327 4940 1452 5014 proeliis
1466 4939 1552 4998 scribi
1567 4941 1716 5014 potuisset,
1730 4941 1760 4998 16
1862 4974 1868 4987 ·

999 5027 1169 5084 canonicum
1184 5034 1213 5083 et
1225 5024 1341 5085 tratrem
1356 5029 1504 5102 recipiant.

1005 5144 1182 5216 Honorius,
1199 5145 1274 5206 etc..
1293 5145 1478 5208 venerabili
1492 5144 1589 5208 fratri
1604 5145 1759 5223 episcopo

965 5241 998 5304 et
1017 5241 1147 5303 dilectis
1162 5241 1253 5314 liliis,
1269 5243 1414 5320 capitulo
1429 5243 1645 5306 catalaunen.

1005 5339 1041 5401 Si
1056 5338 1096 5400 de
1108 5339 1300 5416 provisione
1321 5340 1455 5401 illorum
1470 5341 1605 5403 solliciti
1621 5341 1677 5418 qui
1695 5343 1759 5405 ad·

965 5436 1081 5515 scripti
1101 5437 1250 5499 clericali
1266 5437 1393 5499 militia
1413 5438 1543 5500 millum
1557 5439 1634 5501 sunt
1651 5439 1759 5503 adhuc

965 5535 1228 5597 ecclesiasticum
1249 5533 1446 5596 heneficium
1466 5535 1622 5607 assecuti,
1639 5552 1709 5610 vos,
1726 5541 1759 5600 et

965 5633 1274 5695 aliosecclesiarum
1287 5632 1456 5694 ministros
1465 5632 1506 5694 ad
1519 5632 1550 5694 id
1560 5635 1758 5711 Apostolicis
