3774 6186
141 276 203 337 ers
450 242 453 253 '
759 277 934 339 nouonu
955 276 1001 336 111
1022 275 1169 336 ornan.
1739 272 1794 334 aro

143 435 241 498 candi
254 437 286 497 et
300 436 423 498 auditis
448 436 622 498 hincinde
645 436 833 513 propositis,
852 434 936 512 quod
993 433 1122 505 dilatat,
1137 433 1174 494 ut
1196 447 1270 494 cum
1295 445 1331 492 se
1355 430 1572 508 cousumptos
1587 430 1788 507 putaverint,

142 533 339 593 canonicum
360 532 471 605 fuerit,
495 532 718 610 appellatione
742 531 936 609 postposita,
993 529 1084 591 velut
1099 528 1232 591 Lucifer
1247 528 1408 589 oriantur.
1425 531 1509 589 ibcce
1523 528 1559 587 in
1575 542 1698 588 eorum
1725 544 1789 589 ma-

143 629 308 699 statuatis,
340 628 500 690 facientes
527 629 613 706 quod
640 627 856 690 decreveritis
881 642 940 703 per
994 625 1091 686 nibus
1107 628 1174 686 tam
1191 624 1389 685 mirabiliter
1403 639 1501 701 quarn
1527 624 1788 687 misericorditer

143 723 936 785 censuramecclesiasticamfirmiterobservari.
993 722 1192 783 antedictam
1230 721 1369 783 tradidit
1402 721 1590 792 civitatem,
1619 734 1690 782 non
1714 723 1785 784 solis

143 820 258 881 Testes
274 822 397 891 autem,
412 822 474 882 etc.
493 821 601 881 Nullis
625 820 745 882 litteris
759 819 891 880 veritati
907 819 939 878 et
994 818 1171 889 thesauris,
1183 818 1240 879 sed
1255 819 1354 880 etiam
1367 817 1582 889 victualibus,
1599 818 1704 893 longe
1722 819 1784 896 plus

140 916 278 993 justitiae
295 917 729 994 praejudicantibusaSede
750 914 939 992 Apostolica
994 931 1051 991 spe
1084 931 1123 976 ac
1159 915 1314 991 opinione
1344 914 1516 991 repletam.
1544 916 1585 976 nt
1621 917 1660 976 ut
1694 915 1782 994 bujm

143 1012 366 1089 impetratis...
393 1014 484 1086 Quod
514 1015 541 1074 si
564 1030 630 1075 non
659 1028 774 1073 omnes
788 1012 829 1071 iis
842 1027 941 1072 exse·
993 1012 1043 1072 rei
1071 1010 1211 1087 gloriam
1244 1011 1415 1072 evidenter
1437 1011 1567 1072 nomini
1592 1028 1658 1074 suo
1686 1012 1781 1087 daret,

144 1109 296 1187 quendis,
320 1112 382 1172 etc.
400 1113 517 1173 Datum
543 1113 655 1172 Romae
678 1109 763 1186 apud
782 1110 939 1169 Sanctum
994 1109 1105 1169 nullus
1132 1108 1389 1170 christianorum
1412 1108 1447 1168 in
1463 1111 1537 1185 ejus
1552 1109 1714 1185 captione
1735 1110 1780 1170 in-

144 1208 279 1267 Petrum
306 1209 336 1268 11
358 1207 518 1269 kalendas
541 1206 707 1284 januarii,
728 1205 939 1283 pontificatus
994 1205 1101 1278 teriit,
1128 1207 1186 1267 aut
1215 1205 1316 1267 etiam
1344 1205 1468 1267 lethale
1490 1206 1617 1266 vulnus
1646 1209 1780 1283 excepit

145 1304 252 1365 nostri
272 1305 500 1381 annoquarto.
994 1302 1080 1364 sicut
1105 1302 1349 1364 venerabilium
1371 1302 1511 1364 fratrum
1537 1307 1734 1364 nostrorum
1752 1307 1782 1365 P.

551 1453 562 1473 ,
993 1399 1192 1459 albanensis
1215 1399 1364 1477 episcopi
1388 1399 1592 1476 apostoncae
1620 1400 1721 1461 Sedis
1744 1402 1785 1463 le·

463 1452 627 1538 LXMH
993 1496 1074 1572 gati,
1101 1499 1196 1573 cujus
1233 1496 1419 1558 ministerio
1454 1499 1542 1557 Deus
1576 1494 1784 1572 potissimum

144 1587 197 1646 Ad
215 1587 397 1646 totitem&
415 1587 589 1658 episcopos
612 1598 680 1658 per
705 1587 940 1647 Tittodeiltt'm
994 1593 1043 1654 uti
1069 1594 1175 1654 voluit
1200 1594 1235 1653 in
1249 1593 1313 1654 boc
1327 1590 1425 1663 facto,
1440 1606 1569 1654 necnon
1584 1593 1784 1670 patriarche

319 1683 539 1754 propheciam
547 1681 759 1743 wnstttutos.
993 1690 1303 1767 ierosolymitaniet
1312 1690 1401 1766 regis
1413 1691 1447 1751 et
1456 1690 1600 1751 fratrum
1613 1688 1784 1768 hospitalis

466 1834 523 1851 .....
538 1794 619 1851 itti).
994 1790 1027 1850 et
1040 1787 1165 1863 templi,
1182 1803 1221 1848 ac
1236 1788 1355 1849 domus
1368 1788 1639 1855 teutonicorum,
1657 1791 1785 1851 deroso

270 1898 402 1963 [uerene
417 1899 538 1963 ampliss.
553 1898 669 1957 calet,
682 1900 715 1956 v,
733 1897 814 1962 stab]
995 1883 1093 1961 lymis
1119 1884 1237 1945 litterae
1270 1884 1365 1945 nobis
1391 1885 1502 1946 missae
1529 1885 1662 1963 liquido
1684 1889 1788 1949 mani·

147 1996 241 2069 Rogat
260 2004 291 2053 ut
312 1996 348 2054 ad
377 1997 596 2055 subventionem
625 1997 767 2053 exercitus
794 1994 941 2053 christiani
995 1980 1130 2053 festam,
1151 1981 1188 2041 ut
1209 1980 1383 2042 massisssste
1414 1980 1520 2042 divini
1544 1982 1677 2044 samiis
1697 1984 1790 2045 laeta-

182 2086 212 2142 in
230 2087 316 2143 'ferra
337 2086 440 2143 Sancta
464 2084 623 2154 intendant,
641 2083 788 2156 lucasque
803 2099 819 2141 a
835 2083 939 2156 princi·
995 2077 1110 2138 rentur
1143 2078 1176 2138 et
1197 2077 1465 2138 confortarentur
1505 2077 1660 2150 indicio,
1691 2097 1786 2156 quum

181 2175 228 2246 pio
242 2173 436 2247 indulgentias
448 2176 576 2232 innovet.
994 2174 1149 2235 timerent
1189 2188 1231 2234 ne
1264 2172 1345 2250 ipsis
1369 2173 1540 2236 civitatem
1570 2173 1786 2249 intrantibus,

186 2282 365 2353 Honorius,
376 2285 453 2354 etc,
470 2281 638 2342 universis
651 2281 815 2358 episcopis
830 2278 941 2340 fideli-
995 2270 1212 2331 circumstans
1222 2272 1481 2332 sarracenorum
1494 2273 1669 2334 exercitus
1682 2277 1787 2336 castra

145 2377 208 2440 bus
217 2380 508 2455 perTuronensem
520 2378 727 2456 provinciam
740 2376 938 2446 constitutis,
994 2367 1166 2429 invaderet
1187 2368 1398 2439 eorumdem,
1423 2367 1547 2430 flumen
1569 2368 1690 2431 (livino
1713 2374 1788 2433 nutu

147 2476 290 2537 saputem
305 2478 338 2537 et
352 2476 569 2552 aposmpcam
583 2474 859 2536 benedictionem,
995 2463 1077 2524 adeo
1088 2463 1261 2527 inundavit
1275 2460 1385 2527 subito
1401 2467 1438 2527 ut
1447 2467 1703 2530 inaccessibilia
1713 2470 1786 2529 red-

185 2573 320 2633 Exultat
334 2573 368 2633 in
379 2573 520 2633 Domino
535 2586 671 2631 suorum
684 2571 780 2630 turba
794 2568 940 2629 fidelium
995 2560 1115 2621 diderit
1142 2563 1251 2621 castra
1286 2561 1360 2638 ipsa
1384 2578 1391 2621 ἰ
1419 2563 1453 2623 et
1480 2562 1662 2626 manifeste
1689 2567 1789 2642 patuit

148 2671 182 2730 gt
205 2669 254 2729 οἱ,
274 2684 391 2729 vocem
414 2666 668 2737 benedictionis,
693 2667 877 2741 gratiarum
907 2666 942 2725 et
995 2656 1080 2733 quod
1092 2672 1151 2733 pro
1162 2657 1369 2719 Christicolis
1381 2661 1497 2720 contra
1511 2660 1707 2723 insensatos
1718 2663 1787 2739 ipsa

147 2765 259 2825 laudis
278 2763 467 2825 laetabunda
494 2777 723 2839 prorumpens,
740 2777 815 2823 cum
837 2776 939 2837 apos·
995 2752 1159 2815 elementa
1189 2756 1396 2831 pugnarent,
1425 2755 1579 2832 Pluribus
1619 2759 1788 2820 miraculis

147 2859 215 2920 tcto
240 2859 328 2921 dicat
346 2877 354 2920 ε
378 2860 583 2920 Benedictus
596 2862 698 2930 Deus,
716 2860 941 2931 etc.,‹1utnos
995 2848 1071 2909 aliis
1089 2847 1137 2910 ibi
1160 2848 1268 2923 factis,
1282 2867 1355 2928 quae
1376 2851 1513 2928 longum
1526 2856 1617 2915 esset
1638 2871 1701 2932 per
1723 2857 1789 2916 sin·

148 2958 186 3015 ta
215 2959 310 3016 onaret
340 2957 559 3017 tribulatione
595 2957 802 3016 retractat-ur.
832 2954 940 3014 Nimis
994 2945 1072 3021 gula
1096 2962 1265 3008 enarrare·
1287 2948 1428 3011 Psallite
1450 2964 1531 3025 0r80
1560 2948 1631 3013 000
1665 2954 1786 3024 nostro.

149 3050 280 3129 quidem
292 3053 390 3114 uatus
400 3054 451 3113 est
461 3051 608 3123 sibisoli,
618 3051 718 3113 nimis
734 3051 880 3112 intentus
890 3053 942 3111 est
995 3043 1125 3119 psallite
1138 3044 1287 3121 :psallite
1298 3045 1510 3122 quidemissed
1525 3048 1643 3125 utique
1656 3050 1788 3127 sapien·

150 3147 304 3224 propriis,
319 3147 419 3209 nimis
432 3147 571 3223 negligit
586 3162 792 3209 communem
806 3162 940 3207 causam
994 3146 1056 3213 ter,
1070 3157 1136 3202 non
1151 3140 1296 3203 elatione
1309 3142 1439 3215 tumidi,
1456 3145 1514 3205 sed
1531 3145 1725 3208 bumilitate
1738 3148 1789 3209 de·

149 3242 261 3320 populi
274 3242 459 3315 christiani,
473 3244 529 3321 qui
539 3243 655 3306 diebus
668 3245 792 3306 nostris
807 3244 842 3303 in
853 3259 941 3303 men·
994 3239 1073 3311 voti,
1088 3241 1361 3315 recognoscentes
1376 3241 1558 3317 prudenter
1572 3245 1608 3304 et
1620 3243 1789 3306 humiliter

148 3340 192 3401 tis
215 3340 369 3413 augustia
393 3342 426 3402 et
448 3340 664 3402 tribulatione
684 3357 751 3402 non
775 3341 848 3410 fuit,
865 3355 939 3400 cum
994 3336 1199 3407 confitentes,
1216 3334 1302 3413 quod
1329 3352 1528 3399 nonmanus
1550 3339 1713 3415 bumana,
1736 3343 1788 3404 sed

149 3437 250 3497 sciret
263 3435 481 3497 christianum
497 3438 681 3498 exercitum
695 3438 862 3498 civitatem
880 3438 941 3496 Da·
995 3433 1153 3495 Dominus
1167 3433 1246 3494 fecit
1262 3433 1334 3495 baec
1349 3435 1474 3505 omnia,
1489 3439 1526 3497 ut
1540 3437 1598 3514 qui
1613 3438 1787 3514 gloriatur,

149 3532 261 3593 mistae
276 3547 429 3606 magnam
442 3534 474 3593 et
489 3523 745 3593 munitissimam
757 3532 938 3605 obsedisse,
994 3531 1029 3590 in
1051 3531 1191 3593 Domino
1204 3531 1379 3605 glorietur,
1397 3532 1495 3610 eique
1519 3533 1639 3597 latvdes
1655 3537 1689 3598 et
1709 3552 1788 3612 gra·

149 3628 265 3705 inipso
273 3629 368 3705 quasi
376 3628 939 3705 mediopaganiami,ubiafidelibus
993 3627 1070 3698 tias,
1085 3626 1182 3688 factis
1196 3642 1256 3704 per
1270 3628 1404 3704 singula
1418 3632 1606 3707 opportuna
1626 3632 1703 3695 loca
1720 3650 1790 3711 pro

148 3724 226 3787 aliis
239 3726 331 3787 tanto
346 3727 511 3787 terrarum
526 3728 561 3787 et
574 3727 677 3786 maris
690 3726 866 3787 intervallo
882 3727 938 3788 di·
993 3723 1211 3796 cessionibus,
1228 3725 1422 3788 solemniter
1441 3727 1670 3790 exsolventes.
1686 3733 1790 3793 Porro

148 3822 253 3893 visus,
274 3824 308 3883 et
320 3821 362 3883 ab
378 3822 567 3883 infidelibus
593 3839 637 3884 ex
650 3823 740 3884 omni
760 3824 830 3884 fere
845 3826 939 3900 parte
993 3837 1068 3881 curn
1086 3821 1245 3882 Dominus
1265 3820 1382 3885 fecerit
1402 3824 1576 3886 nobiscum
1602 3826 1737 3903 signum
1756 3829 1788 3889 in

148 3918 381 3990 circumdatus,
392 3934 458 3981 uon
470 3922 538 3980 tam
548 3920 704 3981 obsidens
725 3921 791 3982 dici
811 3922 939 3997 poterat
993 3916 1129 3988 bonum,
1145 3933 1220 3980 cum
1234 3920 1364 3981 tantum
1380 3920 1477 3981 nobis
1499 3922 1625 3984 ostium
1647 3926 1788 4002 aperuit,

149 4031 247 4094 quarn
269 4014 434 4077 obsessus.
451 4019 552 4094 (lujns
574 4019 721 4079 vestrum
741 4019 874 4079 animus
896 4019 937 4079 ad
993 4014 1152 4091 numquid
1174 4014 1341 4077 deerimus
1352 4018 1470 4093 gratias
1481 4034 1579 4079 suam
1594 4021 1694 4083 nobis
1709 4022 1791 4084 dex·

149 4111 284 4174 dubium
303 4128 369 4173 non
387 4113 552 4189 pendebat
567 4116 601 4176 et
615 4114 757 4191 pavebat
770 4117 936 4187 eventum,
992 4113 1099 4172 teram
1114 4112 1327 4188 porrigentis,
1340 4116 1396 4190 qui
1416 4131 1544 4176 memor
1558 4120 1611 4179 est
1625 4119 1789 4198 imprope

149 4224 216 4271 nou
235 4209 302 4270 tam
322 4225 381 4284 pro
402 4210 608 4286 singulorum
627 4211 737 4272 salute
760 4211 936 4283 sollicitus,
993 4209 1119 4268 riorum
1132 4225 1279 4280 suorum,
1293 4226 1367 4287 quae
1378 4212 1487 4272 sunta
1504 4214 1706 4276 sarracenis
1717 4213 1792 4277 insi·

149 4320 247 4384 quam
263 4321 323 4382 pro
337 4306 493 4367 universo
508 4310 670 4378 exercitu,
686 4325 745 4385 spe
759 4325 799 4370 ac
819 4309 938 4370 umore
993 4304 1238 4382 pientibusiota
1251 4306 1315 4378 die,
1326 4322 1511 4383 exsurgens
1521 4310 1680 4386 iudicare
1695 4314 1792 4391 coepit

148 4403 347 4473 alternante,
373 4406 576 4479 suspensusf
605 4408 707 4466 imme
735 4406 811 4482 quis
830 4405 937 4480 ipsius
993 4416 1128 4462 causam
1142 4418 1238 4463 suam
1259 4404 1294 4465 et
1315 4404 1469 4467 inimicos
1490 4420 1573 4467 suos
1593 4409 1790 4470 terribiliter

148 4515 215 4561 nou
233 4498 489 4561 obliviscebatur
509 4502 691 4562 exercitus?
703 4502 784 4573 Quis
799 4505 872 4577 ejus
884 4517 939 4563 re·
993 4498 1181 4574 dissiparet
1209 4500 1306 4561 Nunc
1329 4505 1430 4573 certe,
1458 4518 1548 4563 nunc
1577 4506 1709 4582 tempus
1741 4510 1790 4568 est

148 4596 348 4658 cordubatur
374 4598 525 4672 periculi,
556 4615 700 4675 pensans
727 4598 789 4658 sub
815 4601 938 4675 quanto
993 4596 1033 4656 de
1049 4611 1165 4657 somno
1181 4598 1326 4674 torporis
1338 4613 1532 4674 exsurgere,
1547 4616 1641 4663 nnnc
1655 4618 1791 4665 necesse

149 4693 253 4755 staret
264 4693 467 4764 discrimine,
480 4710 622 4770 quamve
641 4696 732 4755 tenui
747 4694 804 4754 filo
814 4694 939 4771 pende·
993 4694 1044 4754 est
1057 4693 1192 4754 athletis
1207 4696 1331 4756 nostris
1346 4696 1568 4757 existentibus
1581 4698 1629 4759 ibi
1648 4716 1791 4762 succur-

149 4792 199 4851 ret
214 4790 321 4850 honor
342 4791 443 4851 totius
458 4792 571 4869 populi
586 4792 775 4853 christianil
785 4791 937 4853 Profecto
992 4804 1067 4850 rere
1093 4789 1303 4864 festinanter,
1320 4793 1353 4853 et
1376 4791 1563 4854 idololatris
1587 4811 1609 4856 a
1631 4797 1690 4857 bei
1707 4796 1791 4858 facie

148 4886 235 4949 ineo
246 4888 415 4949 eratstatu
426 4905 481 4949 res
493 4889 613 4965 posita,
624 4891 660 4951 ut
672 4889 759 4950 idem
770 4889 937 4951 exercitus
993 4886 1211 4961 fugientibus,
1226 4890 1295 4950 toto
1318 4890 1451 4960 conatu,
1469 4890 1548 4951 totis
1566 4892 1707 4965 viribus,
1722 4896 1792 4956 toto

147 4982 190 5045 de
211 4983 339 5044 viribus
367 4987 437 5046 suis
457 4989 528 5063 jam
555 4986 691 5048 omnino
712 4986 889 5058 diffideret,
906 4989 939 5048 et
992 4999 1092 5060 posse
1119 5001 1233 5046 rerum
1251 4988 1285 5047 et
1307 5000 1526 5063 personarum
1550 4988 1693 5060 instare,
1714 4992 1793 5052 dum

147 5083 570 5160 memormagnaliumquae
585 5083 699 5145 diviua
715 5084 860 5160 potentia
878 5101 938 5161 pro
992 5081 1119 5144 recenti
1147 5083 1257 5145 adbuc
1290 5084 1430 5146 vulnere
1448 5084 1631 5161 trepidant,
1646 5087 1725 5150 dum
1749 5105 1794 5151 ex

148 5175 300 5239 adium
323 5181 393 5240 suis
417 5179 528 5241 facere
552 5181 741 5253 consuevit,
767 5181 807 5242 de
831 5182 937 5258 ipsius
992 5179 1145 5254 captione
1167 5180 1314 5242 civitatis
1340 5180 1519 5257 praedictae,
1543 5198 1619 5259 quas
1640 5189 1795 5263 caputet

148 5271 219 5337 mit
233 5275 448 5337 miseratione
461 5279 621 5352 speraret.
637 5279 731 5339 Unde
742 5279 815 5355 ipse
828 5280 884 5356 qui
897 5280 938 5340 de
992 5276 1094 5337 robur
1116 5279 1254 5355 AEgypti
1281 5278 1406 5349 fuerat,
1422 5280 1642 5353 consternati,
1662 5284 1794 5347 nullum

76 5444 82 5454 Ι
148 5384 208 5434 an
225 5376 400 5447 sperantes
424 5375 654 5435 misericordia
679 5390 746 5436 non
766 5375 935 5453 relinquit,
993 5373 1300 5436 locumsibicontra
1309 5375 1703 5448 Christianorum,immo
1717 5396 1796 5442 con·

149 5466 208 5549 apt
217 5482 321 5547 prope
342 5473 395 5533 est
416 5471 571 5533 omnibus
585 5472 816 5534 invocantibus
830 5473 867 5532 in
880 5489 940 5534 ve·
994 5474 1044 5533 tra
1069 5472 1192 5533 Christi
1218 5473 1398 5549 potentiam
1428 5474 1540 5534 tntum
1563 5477 1695 5551 putant
1728 5482 1797 5540 De-

150 5564 393 5629 sumposion
421 5571 505 5647 ejus,
536 5569 592 5645 qui
619 5584 697 5631 suos
727 5568 938 5632 tribulatione
993 5568 1094 5645 nique
1109 5584 1287 5645 numquam
1300 5568 1522 5631 subventione
1535 5573 1684 5649 amplius
1699 5575 1794 5637 iudi-
