<?xml version="1.0" encoding="UTF-8"?>
<!DOCTYPE html PUBLIC "-//W3C//DTD XHTML 1.0 Transitional//EN"
    "http://www.w3.org/TR/xhtml1/DTD/xhtml1-transitional.dtd">
<html xmlns="http://www.w3.org/1999/xhtml" xml:lang="en" lang="en">
 <head>
  <title>
</title>
<meta http-equiv="Content-Type" content="text/html;charset=utf-8" />
  <meta name='ocr-system' content='tesseract 3.04.00' />
  <meta name='ocr-capabilities' content='ocr_page ocr_carea ocr_par ocr_line ocrx_word'/>
</head>
<body>
  <div class='ocr_page' id='page_1' title='image "./mediiaevibiblio00horogoog_0131.png"; bbox 0 0 3774 6186; ppageno 0'>
   <div class='ocr_carea' id='block_1_1' title="bbox 193 296 1830 374">
    <p class='ocr_par' dir='ltr' id='par_1_1' title="bbox 193 296 1830 374">
     <span class='ocr_line' id='line_1_1' title="bbox 193 296 1830 374; baseline 0.006 -10"><span class='ocrx_word' id='word_1_1' title='bbox 193 296 258 364; x_wconf 75' lang='lat'>‘227&#39;</span> <span class='ocrx_word' id='word_1_2' title='bbox 810 307 985 368; x_wconf 84' lang='lat' dir='ltr'><strong>HONORH</strong></span> <span class='ocrx_word' id='word_1_3' title='bbox 1007 308 1052 368; x_wconf 89' lang='lat'><strong>111</strong></span> <span class='ocrx_word' id='word_1_4' title='bbox 1074 309 1222 370; x_wconf 79' lang='lat' dir='ltr'><strong>OPERA.</strong></span> <span class='ocrx_word' id='word_1_5' title='bbox 1779 312 1830 374; x_wconf 78' lang='lat'><strong>228</strong></span> 
     </span>
    </p>
   </div>
   <div class='ocr_carea' id='block_1_2' title="bbox 181 463 1836 2688">
    <p class='ocr_par' dir='ltr' id='par_1_2' title="bbox 191 463 1831 1224">
     <span class='ocr_line' id='line_1_2' title="bbox 193 463 1829 543; baseline 0.005 -19"><span class='ocrx_word' id='word_1_6' title='bbox 193 465 254 534; x_wconf 89' lang='lat' dir='ltr'><strong>tes,</strong></span> <span class='ocrx_word' id='word_1_7' title='bbox 269 477 331 525; x_wconf 93' lang='lat' dir='ltr'><strong>nec</strong></span> <span class='ocrx_word' id='word_1_8' title='bbox 345 463 498 527; x_wconf 79' lang='lat' dir='ltr'><strong>verentes</strong></span> <span class='ocrx_word' id='word_1_9' title='bbox 519 463 665 526; x_wconf 88' lang='lat' dir='ltr'><strong>studium</strong></span> <span class='ocrx_word' id='word_1_10' title='bbox 679 464 882 538; x_wconf 74' lang='lat' dir='ltr'><strong>parisiense,</strong></span> <span class='ocrx_word' id='word_1_11' title='bbox 898 465 985 542; x_wconf 90' lang='lat' dir='ltr'><strong>quod</strong></span> <span class='ocrx_word' id='word_1_12' title='bbox 1040 465 1105 542; x_wconf 91' lang='lat' dir='ltr'><strong>ipsi</strong></span> <span class='ocrx_word' id='word_1_13' title='bbox 1128 466 1280 529; x_wconf 88' lang='lat' dir='ltr'><strong>doctores</strong></span> <span class='ocrx_word' id='word_1_14' title='bbox 1304 483 1371 528; x_wconf 92' lang='lat' dir='ltr'><strong>non</strong></span> <span class='ocrx_word' id='word_1_15' title='bbox 1394 466 1502 530; x_wconf 89' lang='lat' dir='ltr'><strong>solum</strong></span> <span class='ocrx_word' id='word_1_16' title='bbox 1525 466 1645 543; x_wconf 77' lang='lat' dir='ltr'><strong>verbo,</strong></span> <span class='ocrx_word' id='word_1_17' title='bbox 1669 469 1728 531; x_wconf 90' lang='lat' dir='ltr'><strong>sed</strong></span> <span class='ocrx_word' id='word_1_18' title='bbox 1754 468 1829 532; x_wconf 87' lang='lat' dir='ltr'><strong>iacto</strong></span> 
     </span>
     <span class='ocr_line' id='line_1_3' title="bbox 194 560 1828 643; baseline 0.004 -22"><span class='ocrx_word' id='word_1_19' title='bbox 194 560 353 623; x_wconf 79' lang='lat' dir='ltr'><strong>doctrinae</strong></span> <span class='ocrx_word' id='word_1_20' title='bbox 378 578 447 624; x_wconf 83' lang='lat' dir='ltr'><strong>suae</strong></span> <span class='ocrx_word' id='word_1_21' title='bbox 462 562 586 624; x_wconf 88' lang='lat' dir='ltr'><strong>fluenta</strong></span> <span class='ocrx_word' id='word_1_22' title='bbox 606 578 843 641; x_wconf 85' lang='lat' dir='ltr'><strong>usquequaque</strong></span> <span class='ocrx_word' id='word_1_23' title='bbox 861 563 987 624; x_wconf 83' lang='lat' dir='ltr'><strong>diffun·</strong></span> <span class='ocrx_word' id='word_1_24' title='bbox 1040 580 1190 641; x_wconf 88' lang='lat' dir='ltr'><strong>quoque,</strong></span> <span class='ocrx_word' id='word_1_25' title='bbox 1215 567 1362 626; x_wconf 84' lang='lat' dir='ltr'><strong>nostram</strong></span> <span class='ocrx_word' id='word_1_26' title='bbox 1386 565 1591 627; x_wconf 88' lang='lat' dir='ltr'><strong>audientiam</strong></span> <span class='ocrx_word' id='word_1_27' title='bbox 1617 565 1828 643; x_wconf 87' lang='lat' dir='ltr'><strong>appellarant,</strong></span> 
     </span>
     <span class='ocr_line' id='line_1_4' title="bbox 193 658 1830 736; baseline 0.004 -18"><span class='ocrx_word' id='word_1_28' title='bbox 193 658 284 730; x_wconf 90' lang='lat' dir='ltr'><strong>dens,</strong></span> <span class='ocrx_word' id='word_1_29' title='bbox 303 660 502 721; x_wconf 85' lang='lat' dir='ltr'><strong>universalis</strong></span> <span class='ocrx_word' id='word_1_30' title='bbox 517 660 667 721; x_wconf 84' lang='lat' dir='ltr'><strong>ecciesiae</strong></span> <span class='ocrx_word' id='word_1_31' title='bbox 682 662 804 721; x_wconf 90' lang='lat' dir='ltr'><strong>terram</strong></span> <span class='ocrx_word' id='word_1_32' title='bbox 823 661 941 736; x_wconf 80' lang='lat' dir='ltr'>irrigat</span> <span class='ocrx_word' id='word_1_33' title='bbox 953 663 986 722; x_wconf 89' lang='lat' dir='ltr'><strong>et</strong></span> <span class='ocrx_word' id='word_1_34' title='bbox 1040 677 1136 722; x_wconf 89' lang='lat' dir='ltr'><strong>suum</strong></span> <span class='ocrx_word' id='word_1_35' title='bbox 1152 662 1192 722; x_wconf 95' lang='lat' dir='ltr'><strong>ad</strong></span> <span class='ocrx_word' id='word_1_36' title='bbox 1208 677 1280 733; x_wconf 87' lang='lat' dir='ltr'><strong>nos,</strong></span> <span class='ocrx_word' id='word_1_37' title='bbox 1296 664 1331 722; x_wconf 90' lang='lat' dir='ltr'><strong>ut</strong></span> <span class='ocrx_word' id='word_1_38' title='bbox 1350 662 1549 731; x_wconf 90' lang='lat' dir='ltr'><strong>dictumest,</strong></span> <span class='ocrx_word' id='word_1_39' title='bbox 1567 664 1729 724; x_wconf 90' lang='lat' dir='ltr'><strong>nuncium</strong></span> <span class='ocrx_word' id='word_1_40' title='bbox 1744 663 1830 726; x_wconf 77' lang='lat' dir='ltr'><strong>desti</strong></span> 
     </span>
     <span class='ocr_line' id='line_1_5' title="bbox 193 755 1828 836; baseline 0.005 -20"><span class='ocrx_word' id='word_1_41' title='bbox 193 755 413 828; x_wconf 85' lang='lat' dir='ltr'><strong>foecundat,in</strong></span> <span class='ocrx_word' id='word_1_42' title='bbox 426 760 554 819; x_wconf 89' lang='lat' dir='ltr'><strong>montes</strong></span> <span class='ocrx_word' id='word_1_43' title='bbox 569 758 703 829; x_wconf 81' lang='lat' dir='ltr'><strong>Galboe,</strong></span> <span class='ocrx_word' id='word_1_44' title='bbox 714 774 815 835; x_wconf 88' lang='lat' dir='ltr'><strong>super</strong></span> <span class='ocrx_word' id='word_1_45' title='bbox 826 774 908 834; x_wconf 90' lang='lat' dir='ltr'><strong>quos</strong></span> <span class='ocrx_word' id='word_1_46' title='bbox 923 773 985 818; x_wconf 87' lang='lat' dir='ltr'><strong>nec</strong></span> <span class='ocrx_word' id='word_1_47' title='bbox 1041 759 1161 831; x_wconf 86' lang='lat' dir='ltr'><strong>nando,</strong></span> <span class='ocrx_word' id='word_1_48' title='bbox 1177 759 1283 835; x_wconf 90' lang='lat' dir='ltr'><strong>prima</strong></span> <span class='ocrx_word' id='word_1_49' title='bbox 1303 758 1470 820; x_wconf 86' lang='lat' dir='ltr'><strong>dominica</strong></span> <span class='ocrx_word' id='word_1_50' title='bbox 1489 760 1758 836; x_wconf 80' lang='lat' dir='ltr'><strong>quadragesima</strong></span> <span class='ocrx_word' id='word_1_51' title='bbox 1773 763 1828 824; x_wconf 88' lang='lat' dir='ltr'><strong>tam</strong></span> 
     </span>
     <span class='ocr_line' id='line_1_6' title="bbox 192 854 1828 935; baseline 0.004 -22"><span class='ocrx_word' id='word_1_52' title='bbox 192 868 248 914; x_wconf 91' lang='lat' dir='ltr'><strong>ros</strong></span> <span class='ocrx_word' id='word_1_53' title='bbox 264 855 362 921; x_wconf 86' lang='lat' dir='ltr'><strong>cadit,</strong></span> <span class='ocrx_word' id='word_1_54' title='bbox 379 869 440 915; x_wconf 89' lang='lat' dir='ltr'><strong>nec</strong></span> <span class='ocrx_word' id='word_1_55' title='bbox 460 854 584 932; x_wconf 89' lang='lat' dir='ltr'><strong>pluvia,</strong></span> <span class='ocrx_word' id='word_1_56' title='bbox 603 858 806 916; x_wconf 90' lang='lat' dir='ltr'><strong>commutare</strong></span> <span class='ocrx_word' id='word_1_57' title='bbox 826 856 984 931; x_wconf 89' lang='lat' dir='ltr'><strong>impetum</strong></span> <span class='ocrx_word' id='word_1_58' title='bbox 1040 856 1217 932; x_wconf 83' lang='lat' dir='ltr'><strong>magistros</strong></span> <span class='ocrx_word' id='word_1_59' title='bbox 1231 873 1329 935; x_wconf 89' lang='lat' dir='ltr'><strong>quam</strong></span> <span class='ocrx_word' id='word_1_60' title='bbox 1344 856 1526 929; x_wconf 77' lang='lat' dir='ltr'><strong>scholares,</strong></span> <span class='ocrx_word' id='word_1_61' title='bbox 1544 858 1600 934; x_wconf 90' lang='lat' dir='ltr'><strong>qui</strong></span> <span class='ocrx_word' id='word_1_62' title='bbox 1613 857 1828 920; x_wconf 82' lang='lat' dir='ltr'><strong>iecerantcoi·</strong></span> 
     </span>
     <span class='ocr_line' id='line_1_7' title="bbox 191 950 1829 1034; baseline 0.004 -24"><span class='ocrx_word' id='word_1_63' title='bbox 191 950 338 1011; x_wconf 83' lang='lat' dir='ltr'><strong>fluminis</strong></span> <span class='ocrx_word' id='word_1_64' title='bbox 376 952 433 1029; x_wconf 90' lang='lat' dir='ltr'><strong>qui</strong></span> <span class='ocrx_word' id='word_1_65' title='bbox 463 953 630 1013; x_wconf 87' lang='lat' dir='ltr'><strong>civitatem</strong></span> <span class='ocrx_word' id='word_1_66' title='bbox 660 953 790 1013; x_wconf 87' lang='lat' dir='ltr'><strong>Domini</strong></span> <span class='ocrx_word' id='word_1_67' title='bbox 819 952 982 1024; x_wconf 86' lang='lat' dir='ltr'><strong>iaetiiicat,</strong></span> <span class='ocrx_word' id='word_1_68' title='bbox 1040 953 1158 1014; x_wconf 87' lang='lat' dir='ltr'><strong>lectam</strong></span> <span class='ocrx_word' id='word_1_69' title='bbox 1181 954 1232 1015; x_wconf 86' lang='lat' dir='ltr'><strong>vei</strong></span> <span class='ocrx_word' id='word_1_70' title='bbox 1254 954 1424 1016; x_wconf 87' lang='lat' dir='ltr'><strong>solverant</strong></span> <span class='ocrx_word' id='word_1_71' title='bbox 1445 957 1486 1015; x_wconf 88' lang='lat' dir='ltr'><strong>ad</strong></span> <span class='ocrx_word' id='word_1_72' title='bbox 1503 955 1770 1033; x_wconf 89' lang='lat' dir='ltr'><strong>prosequendam</strong></span> <span class='ocrx_word' id='word_1_73' title='bbox 1784 973 1829 1034; x_wconf 89' lang='lat' dir='ltr'><strong>ap-</strong></span> 
     </span>
     <span class='ocr_line' id='line_1_8' title="bbox 191 1049 1830 1128; baseline 0.005 -20"><span class='ocrx_word' id='word_1_74' title='bbox 191 1064 324 1110; x_wconf 89' lang='lat' dir='ltr'><strong>cursum</strong></span> <span class='ocrx_word' id='word_1_75' title='bbox 333 1050 492 1112; x_wconf 72' lang='lat' dir='ltr'><strong>doctrinas</strong></span> <span class='ocrx_word' id='word_1_76' title='bbox 501 1049 656 1112; x_wconf 88' lang='lat' dir='ltr'><strong>videlicet</strong></span> <span class='ocrx_word' id='word_1_77' title='bbox 667 1051 796 1123; x_wconf 88' lang='lat' dir='ltr'><strong>sistere,</strong></span> <span class='ocrx_word' id='word_1_78' title='bbox 806 1065 986 1128; x_wconf 87' lang='lat' dir='ltr'><strong>praesump·</strong></span> <span class='ocrx_word' id='word_1_79' title='bbox 1040 1050 1253 1127; x_wconf 85' lang='lat' dir='ltr'><strong>pellationem</strong></span> <span class='ocrx_word' id='word_1_80' title='bbox 1293 1052 1497 1128; x_wconf 88' lang='lat' dir='ltr'><strong>praedictam,</strong></span> <span class='ocrx_word' id='word_1_81' title='bbox 1534 1054 1830 1116; x_wconf 80' lang='lat' dir='ltr'><strong>excommunicatos</strong></span> 
     </span>
     <span class='ocr_line' id='line_1_9' title="bbox 191 1146 1831 1224; baseline 0.004 -18"><span class='ocrx_word' id='word_1_82' title='bbox 191 1148 316 1208; x_wconf 87' lang='lat' dir='ltr'><strong>serunt.</strong></span> <span class='ocrx_word' id='word_1_83' title='bbox 1040 1146 1189 1209; x_wconf 86' lang='lat' dir='ltr'><strong>iecerunt</strong></span> <span class='ocrx_word' id='word_1_84' title='bbox 1202 1147 1333 1224; x_wconf 90' lang='lat' dir='ltr'><strong>publice</strong></span> <span class='ocrx_word' id='word_1_85' title='bbox 1346 1149 1512 1221; x_wconf 91' lang='lat' dir='ltr'><strong>nunciari,</strong></span> <span class='ocrx_word' id='word_1_86' title='bbox 1529 1150 1618 1211; x_wconf 87' lang='lat' dir='ltr'><strong>unde</strong></span> <span class='ocrx_word' id='word_1_87' title='bbox 1628 1165 1693 1211; x_wconf 93' lang='lat' dir='ltr'><strong>nec</strong></span> <span class='ocrx_word' id='word_1_88' title='bbox 1704 1149 1747 1211; x_wconf 89' lang='lat' dir='ltr'><strong>ad</strong></span> <span class='ocrx_word' id='word_1_89' title='bbox 1760 1166 1831 1213; x_wconf 89' lang='lat' dir='ltr'><strong>cou-</strong></span> 
     </span>
    </p>

    <p class='ocr_par' dir='ltr' id='par_1_3' title="bbox 181 1242 1836 2688">
     <span class='ocr_line' id='line_1_10' title="bbox 233 1242 1829 1324; baseline 0.001 -18"><span class='ocrx_word' id='word_1_90' title='bbox 233 1244 428 1306; x_wconf 82' lang='lat' dir='ltr'><strong>sicutenim</strong></span> <span class='ocrx_word' id='word_1_91' title='bbox 449 1245 561 1320; x_wconf 80' lang='lat' dir='ltr'><strong>gravis</strong></span> <span class='ocrx_word' id='word_1_92' title='bbox 579 1244 674 1305; x_wconf 90' lang='lat' dir='ltr'><strong>nobis</strong></span> <span class='ocrx_word' id='word_1_93' title='bbox 695 1244 888 1306; x_wconf 89' lang='lat' dir='ltr'><strong>eorumdem</strong></span> <span class='ocrx_word' id='word_1_94' title='bbox 902 1245 985 1305; x_wconf 86' lang='lat' dir='ltr'><strong>‹ioc-</strong></span> <span class='ocrx_word' id='word_1_95' title='bbox 1040 1242 1197 1304; x_wconf 86' lang='lat' dir='ltr'><strong>fessionis</strong></span> <span class='ocrx_word' id='word_1_96' title='bbox 1208 1244 1391 1305; x_wconf 91' lang='lat' dir='ltr'><strong>remedium</strong></span> <span class='ocrx_word' id='word_1_97' title='bbox 1404 1247 1482 1306; x_wconf 92' lang='lat' dir='ltr'><strong>sunt</strong></span> <span class='ocrx_word' id='word_1_98' title='bbox 1503 1246 1655 1307; x_wconf 87' lang='lat' dir='ltr'><strong>admissi.</strong></span> <span class='ocrx_word' id='word_1_99' title='bbox 1673 1248 1763 1307; x_wconf 87' lang='lat' dir='ltr'><strong>Sane</strong></span> <span class='ocrx_word' id='word_1_100' title='bbox 1774 1247 1829 1324; x_wconf 88' lang='lat' dir='ltr'><strong>ipsi</strong></span> 
     </span>
     <span class='ocr_line' id='line_1_11' title="bbox 193 1338 1828 1420; baseline 0.001 -16"><span class='ocrx_word' id='word_1_101' title='bbox 193 1343 300 1404; x_wconf 88' lang='lat' dir='ltr'><strong>torum</strong></span> <span class='ocrx_word' id='word_1_102' title='bbox 321 1341 528 1419; x_wconf 85' lang='lat' dir='ltr'><strong>querimonia</strong></span> <span class='ocrx_word' id='word_1_103' title='bbox 545 1340 709 1420; x_wconf 82' lang='lat' dir='ltr'><strong>patefecit,</strong></span> <span class='ocrx_word' id='word_1_104' title='bbox 731 1357 805 1402; x_wconf 92' lang='lat' dir='ltr'><strong>cum</strong></span> <span class='ocrx_word' id='word_1_105' title='bbox 821 1357 984 1418; x_wconf 89' lang='lat' dir='ltr'><strong>procura·</strong></span> <span class='ocrx_word' id='word_1_106' title='bbox 1040 1338 1202 1412; x_wconf 91' lang='lat' dir='ltr'><strong>doctores,</strong></span> <span class='ocrx_word' id='word_1_107' title='bbox 1217 1357 1317 1418; x_wconf 89' lang='lat' dir='ltr'><strong>super</strong></span> <span class='ocrx_word' id='word_1_108' title='bbox 1332 1343 1382 1403; x_wconf 91' lang='lat' dir='ltr'><strong>sni</strong></span> <span class='ocrx_word' id='word_1_109' title='bbox 1407 1343 1506 1404; x_wconf 90' lang='lat' dir='ltr'><strong>ruina</strong></span> <span class='ocrx_word' id='word_1_110' title='bbox 1528 1343 1631 1406; x_wconf 90' lang='lat' dir='ltr'><strong>studii</strong></span> <span class='ocrx_word' id='word_1_111' title='bbox 1650 1343 1828 1417; x_wconf 68' lang='lat' dir='ltr'><strong>sumentes,</strong></span> 
     </span>
     <span class='ocr_line' id='line_1_12' title="bbox 188 1437 1831 1518; baseline 0.001 -17"><span class='ocrx_word' id='word_1_112' title='bbox 188 1440 280 1501; x_wconf 88' lang='lat' dir='ltr'><strong>tores</strong></span> <span class='ocrx_word' id='word_1_113' title='bbox 305 1439 453 1516; x_wconf 84' lang='lat' dir='ltr'><strong>praedicti</strong></span> <span class='ocrx_word' id='word_1_114' title='bbox 477 1439 525 1501; x_wconf 93' lang='lat' dir='ltr'><strong>eis</strong></span> <span class='ocrx_word' id='word_1_115' title='bbox 557 1439 661 1517; x_wconf 87' lang='lat' dir='ltr'><strong>ipsius</strong></span> <span class='ocrx_word' id='word_1_116' title='bbox 683 1440 830 1517; x_wconf 86' lang='lat' dir='ltr'><strong>episcopi</strong></span> <span class='ocrx_word' id='word_1_117' title='bbox 856 1439 985 1501; x_wconf 88' lang='lat' dir='ltr'><strong>litteras</strong></span> <span class='ocrx_word' id='word_1_118' title='bbox 1039 1437 1103 1513; x_wconf 91' lang='lat' dir='ltr'><strong>ipsi</strong></span> <span class='ocrx_word' id='word_1_119' title='bbox 1117 1438 1319 1500; x_wconf 89' lang='lat' dir='ltr'><strong>cancellario</strong></span> <span class='ocrx_word' id='word_1_120' title='bbox 1332 1442 1364 1501; x_wconf 89' lang='lat' dir='ltr'><strong>et</strong></span> <span class='ocrx_word' id='word_1_121' title='bbox 1380 1441 1481 1501; x_wconf 90' lang='lat' dir='ltr'><strong>sociis</strong></span> <span class='ocrx_word' id='word_1_122' title='bbox 1495 1443 1581 1518; x_wconf 82' lang='lat' dir='ltr'><strong>ejus,</strong></span> <span class='ocrx_word' id='word_1_123' title='bbox 1597 1456 1688 1502; x_wconf 93' lang='lat' dir='ltr'><strong>nunc</strong></span> <span class='ocrx_word' id='word_1_124' title='bbox 1703 1442 1831 1502; x_wconf 67' lang='lat' dir='ltr'><strong>univer</strong></span> 
     </span>
     <span class='ocr_line' id='line_1_13' title="bbox 188 1535 1832 1620; baseline 0.003 -23"><span class='ocrx_word' id='word_1_125' title='bbox 188 1536 400 1620; x_wconf 89' lang='lat' dir='ltr'><strong>obtulissent,</strong></span> <span class='ocrx_word' id='word_1_126' title='bbox 415 1539 623 1599; x_wconf 85' lang='lat' dir='ltr'><strong>continentes</strong></span> <span class='ocrx_word' id='word_1_127' title='bbox 638 1537 725 1615; x_wconf 92' lang='lat' dir='ltr'><strong>quod</strong></span> <span class='ocrx_word' id='word_1_128' title='bbox 747 1538 834 1599; x_wconf 91' lang='lat' dir='ltr'><strong>idem</strong></span> <span class='ocrx_word' id='word_1_129' title='bbox 855 1539 986 1614; x_wconf 88' lang='lat' dir='ltr'><strong>episco-</strong></span> <span class='ocrx_word' id='word_1_130' title='bbox 1040 1535 1097 1606; x_wconf 90' lang='lat' dir='ltr'><strong>sis,</strong></span> <span class='ocrx_word' id='word_1_131' title='bbox 1111 1552 1200 1597; x_wconf 89' lang='lat' dir='ltr'><strong>nunc</strong></span> <span class='ocrx_word' id='word_1_132' title='bbox 1214 1536 1367 1612; x_wconf 79' lang='lat' dir='ltr'><strong>singulis,</strong></span> <span class='ocrx_word' id='word_1_133' title='bbox 1382 1539 1614 1614; x_wconf 86' lang='lat' dir='ltr'><strong>supplicarunt</strong></span> <span class='ocrx_word' id='word_1_134' title='bbox 1625 1538 1796 1600; x_wconf 89' lang='lat' dir='ltr'><strong>humiliter</strong></span> <span class='ocrx_word' id='word_1_135' title='bbox 1803 1543 1832 1602; x_wconf 87' lang='lat' dir='ltr'><strong>et</strong></span> 
     </span>
     <span class='ocr_line' id='line_1_14' title="bbox 191 1633 1829 1713; baseline 0.001 -18"><span class='ocrx_word' id='word_1_136' title='bbox 191 1651 263 1713; x_wconf 90' lang='lat' dir='ltr'><strong>pus,</strong></span> <span class='ocrx_word' id='word_1_137' title='bbox 291 1635 455 1696; x_wconf 90' lang='lat' dir='ltr'><strong>innovans</strong></span> <span class='ocrx_word' id='word_1_138' title='bbox 481 1636 514 1695; x_wconf 92' lang='lat' dir='ltr'><strong>id</strong></span> <span class='ocrx_word' id='word_1_139' title='bbox 537 1635 623 1713; x_wconf 92' lang='lat' dir='ltr'><strong>quod</strong></span> <span class='ocrx_word' id='word_1_140' title='bbox 649 1652 669 1697; x_wconf 88' lang='lat' dir='ltr'><strong>a</strong></span> <span class='ocrx_word' id='word_1_141' title='bbox 695 1634 790 1697; x_wconf 82' lang='lat' dir='ltr'><strong>bonae</strong></span> <span class='ocrx_word' id='word_1_142' title='bbox 817 1636 984 1696; x_wconf 81' lang='lat' dir='ltr'><strong>memoriae</strong></span> <span class='ocrx_word' id='word_1_143' title='bbox 1039 1633 1214 1704; x_wconf 88' lang='lat' dir='ltr'><strong>instanter,</strong></span> <span class='ocrx_word' id='word_1_144' title='bbox 1233 1636 1268 1695; x_wconf 94' lang='lat' dir='ltr'><strong>ut</strong></span> <span class='ocrx_word' id='word_1_145' title='bbox 1282 1634 1426 1710; x_wconf 83' lang='lat' dir='ltr'><strong>rigorem</strong></span> <span class='ocrx_word' id='word_1_146' title='bbox 1450 1635 1642 1712; x_wconf 91' lang='lat' dir='ltr'><strong>hujusmodi</strong></span> <span class='ocrx_word' id='word_1_147' title='bbox 1664 1639 1829 1713; x_wconf 88' lang='lat' dir='ltr'><strong>tempera-</strong></span> 
     </span>
     <span class='ocr_line' id='line_1_15' title="bbox 186 1731 1830 1811; baseline 0.001 -18"><span class='ocrx_word' id='word_1_148' title='bbox 186 1733 370 1794; x_wconf 84' lang='lat' dir='ltr'><strong>Octaviano</strong></span> <span class='ocrx_word' id='word_1_149' title='bbox 396 1734 568 1795; x_wconf 87' lang='lat' dir='ltr'><strong>Hostiensi</strong></span> <span class='ocrx_word' id='word_1_150' title='bbox 592 1735 759 1811; x_wconf 90' lang='lat' dir='ltr'><strong>episcopo,</strong></span> <span class='ocrx_word' id='word_1_151' title='bbox 787 1733 984 1810; x_wconf 79' lang='lat' dir='ltr'><strong>apostolicae</strong></span> <span class='ocrx_word' id='word_1_152' title='bbox 1040 1731 1129 1805; x_wconf 87' lang='lat' dir='ltr'><strong>rent;</strong></span> <span class='ocrx_word' id='word_1_153' title='bbox 1156 1731 1214 1792; x_wconf 90' lang='lat' dir='ltr'><strong>sed</strong></span> <span class='ocrx_word' id='word_1_154' title='bbox 1234 1747 1295 1793; x_wconf 89' lang='lat' dir='ltr'><strong>nec</strong></span> <span class='ocrx_word' id='word_1_155' title='bbox 1319 1733 1400 1803; x_wconf 90' lang='lat' dir='ltr'><strong>suis,</strong></span> <span class='ocrx_word' id='word_1_156' title='bbox 1423 1748 1484 1793; x_wconf 93' lang='lat' dir='ltr'><strong>nec</strong></span> <span class='ocrx_word' id='word_1_157' title='bbox 1503 1733 1709 1794; x_wconf 81' lang='lat' dir='ltr'><strong>venerabilis</strong></span> <span class='ocrx_word' id='word_1_158' title='bbox 1724 1734 1830 1795; x_wconf 84' lang='lat' dir='ltr'><strong>fratris</strong></span> 
     </span>
     <span class='ocr_line' id='line_1_16' title="bbox 187 1828 1832 1909; baseline 0 -17"><span class='ocrx_word' id='word_1_159' title='bbox 187 1831 286 1892; x_wconf 83' lang='lat' dir='ltr'><strong>sedis</strong></span> <span class='ocrx_word' id='word_1_160' title='bbox 299 1832 420 1907; x_wconf 81' lang='lat' dir='ltr'><strong>legato,</strong></span> <span class='ocrx_word' id='word_1_161' title='bbox 438 1833 471 1892; x_wconf 92' lang='lat' dir='ltr'><strong>et</strong></span> <span class='ocrx_word' id='word_1_162' title='bbox 490 1832 734 1909; x_wconf 86' lang='lat' dir='ltr'><strong>praedecessore</strong></span> <span class='ocrx_word' id='word_1_163' title='bbox 750 1831 901 1909; x_wconf 90' lang='lat' dir='ltr'><strong>jamdicti</strong></span> <span class='ocrx_word' id='word_1_164' title='bbox 919 1835 986 1893; x_wconf 87' lang='lat' dir='ltr'><strong>Pa·</strong></span> <span class='ocrx_word' id='word_1_165' title='bbox 1040 1829 1145 1890; x_wconf 86' lang='lat' dir='ltr'><strong>nostri</strong></span> <span class='ocrx_word' id='word_1_166' title='bbox 1157 1828 1416 1890; x_wconf 81' lang='lat' dir='ltr'><strong>Silvanectensis</strong></span> <span class='ocrx_word' id='word_1_167' title='bbox 1426 1831 1584 1907; x_wconf 90' lang='lat' dir='ltr'><strong>episcopi,</strong></span> <span class='ocrx_word' id='word_1_168' title='bbox 1596 1833 1631 1892; x_wconf 92' lang='lat' dir='ltr'><strong>et</strong></span> <span class='ocrx_word' id='word_1_169' title='bbox 1640 1831 1832 1893; x_wconf 89' lang='lat' dir='ltr'><strong>dilectorum</strong></span> 
     </span>
     <span class='ocr_line' id='line_1_17' title="bbox 184 1925 1832 2008; baseline 0.001 -19"><span class='ocrx_word' id='word_1_170' title='bbox 184 1929 339 1989; x_wconf 89' lang='lat' dir='ltr'><strong>risiensis</strong></span> <span class='ocrx_word' id='word_1_171' title='bbox 354 1929 501 2006; x_wconf 88' lang='lat' dir='ltr'><strong>episcopi</strong></span> <span class='ocrx_word' id='word_1_172' title='bbox 514 1928 640 2007; x_wconf 90' lang='lat' dir='ltr'><strong>(Odone</strong></span> <span class='ocrx_word' id='word_1_173' title='bbox 655 1930 698 1990; x_wconf 93' lang='lat' dir='ltr'><strong>de</strong></span> <span class='ocrx_word' id='word_1_174' title='bbox 718 1929 891 2008; x_wconf 79' lang='lat' dir='ltr'><strong>Sollium),</strong></span> <span class='ocrx_word' id='word_1_175' title='bbox 909 1929 983 1990; x_wconf 83' lang='lat' dir='ltr'><strong>iac·</strong></span> <span class='ocrx_word' id='word_1_176' title='bbox 1040 1925 1184 1986; x_wconf 89' lang='lat' dir='ltr'><strong>illiorum</strong></span> <span class='ocrx_word' id='word_1_177' title='bbox 1199 1925 1317 1987; x_wconf 89' lang='lat' dir='ltr'><strong>decani</strong></span> <span class='ocrx_word' id='word_1_178' title='bbox 1339 1929 1373 1989; x_wconf 89' lang='lat' dir='ltr'><strong>et</strong></span> <span class='ocrx_word' id='word_1_179' title='bbox 1390 1928 1526 2004; x_wconf 91' lang='lat' dir='ltr'><strong>capituli</strong></span> <span class='ocrx_word' id='word_1_180' title='bbox 1542 1929 1759 1999; x_wconf 87' lang='lat' dir='ltr'><strong>Parisiensis,</strong></span> <span class='ocrx_word' id='word_1_181' title='bbox 1779 1931 1832 2008; x_wconf 89' lang='lat' dir='ltr'><strong>qui</strong></span> 
     </span>
     <span class='ocr_line' id='line_1_18' title="bbox 188 2023 1832 2103; baseline 0.001 -17"><span class='ocrx_word' id='word_1_182' title='bbox 188 2027 356 2097; x_wconf 83' lang='lat' dir='ltr'><strong>tumeret,</strong></span> <span class='ocrx_word' id='word_1_183' title='bbox 374 2027 681 2088; x_wconf 85' lang='lat' dir='ltr'><strong>excommunicabat</strong></span> <span class='ocrx_word' id='word_1_184' title='bbox 705 2043 819 2088; x_wconf 90' lang='lat' dir='ltr'><strong>omnes</strong></span> <span class='ocrx_word' id='word_1_185' title='bbox 837 2026 912 2087; x_wconf 89' lang='lat' dir='ltr'><strong>illos</strong></span> <span class='ocrx_word' id='word_1_186' title='bbox 928 2027 984 2103; x_wconf 92' lang='lat' dir='ltr'><strong>qui</strong></span> <span class='ocrx_word' id='word_1_187' title='bbox 1039 2023 1162 2099; x_wconf 86' lang='lat' dir='ltr'><strong>prosis</strong></span> <span class='ocrx_word' id='word_1_188' title='bbox 1184 2024 1422 2086; x_wconf 88' lang='lat' dir='ltr'><strong>intercessores</strong></span> <span class='ocrx_word' id='word_1_189' title='bbox 1442 2024 1585 2087; x_wconf 84' lang='lat' dir='ltr'><strong>humiles</strong></span> <span class='ocrx_word' id='word_1_190' title='bbox 1608 2030 1832 2098; x_wconf 88' lang='lat' dir='ltr'><strong>accesserunt,</strong></span> 
     </span>
     <span class='ocr_line' id='line_1_19' title="bbox 185 2120 1836 2202; baseline 0.002 -20"><span class='ocrx_word' id='word_1_191' title='bbox 185 2122 365 2185; x_wconf 87' lang='lat' dir='ltr'><strong>decaetero</strong></span> <span class='ocrx_word' id='word_1_192' title='bbox 380 2123 451 2184; x_wconf 91' lang='lat' dir='ltr'><strong>sine</strong></span> <span class='ocrx_word' id='word_1_193' title='bbox 471 2140 635 2185; x_wconf 90' lang='lat' dir='ltr'><strong>consensu</strong></span> <span class='ocrx_word' id='word_1_194' title='bbox 656 2126 688 2186; x_wconf 89' lang='lat' dir='ltr'><strong>et</strong></span> <span class='ocrx_word' id='word_1_195' title='bbox 709 2125 906 2187; x_wconf 86' lang='lat' dir='ltr'><strong>auctoritate</strong></span> <span class='ocrx_word' id='word_1_196' title='bbox 931 2125 985 2200; x_wconf 90' lang='lat' dir='ltr'><strong>ip·</strong></span> <span class='ocrx_word' id='word_1_197' title='bbox 1038 2120 1216 2196; x_wconf 91' lang='lat' dir='ltr'><strong>potuerunt</strong></span> <span class='ocrx_word' id='word_1_198' title='bbox 1233 2121 1387 2197; x_wconf 88' lang='lat' dir='ltr'><strong>precibus</strong></span> <span class='ocrx_word' id='word_1_199' title='bbox 1398 2122 1558 2194; x_wconf 89' lang='lat' dir='ltr'><strong>obtinere,</strong></span> <span class='ocrx_word' id='word_1_200' title='bbox 1572 2124 1750 2202; x_wconf 81' lang='lat' dir='ltr'><strong>utpraeiati</strong></span> <span class='ocrx_word' id='word_1_201' title='bbox 1766 2141 1836 2185; x_wconf 91' lang='lat' dir='ltr'><strong>ma-</strong></span> 
     </span>
     <span class='ocr_line' id='line_1_20' title="bbox 186 2218 1836 2299; baseline 0.001 -18"><span class='ocrx_word' id='word_1_202' title='bbox 186 2220 270 2290; x_wconf 90' lang='lat' dir='ltr'><strong>sius,</strong></span> <span class='ocrx_word' id='word_1_203' title='bbox 286 2221 338 2281; x_wconf 85' lang='lat' dir='ltr'><strong>vel</strong></span> <span class='ocrx_word' id='word_1_204' title='bbox 355 2220 555 2282; x_wconf 76' lang='lat' dir='ltr'><strong>parisiensis</strong></span> <span class='ocrx_word' id='word_1_205' title='bbox 569 2221 730 2293; x_wconf 88' lang='lat' dir='ltr'><strong>ecclesiae,</strong></span> <span class='ocrx_word' id='word_1_206' title='bbox 754 2221 843 2282; x_wconf 86' lang='lat' dir='ltr'><strong>circa</strong></span> <span class='ocrx_word' id='word_1_207' title='bbox 862 2223 983 2283; x_wconf 90' lang='lat' dir='ltr'><strong>statum</strong></span> <span class='ocrx_word' id='word_1_208' title='bbox 1037 2218 1134 2293; x_wconf 81' lang='lat' dir='ltr'><strong>gistri</strong></span> <span class='ocrx_word' id='word_1_209' title='bbox 1149 2222 1181 2280; x_wconf 92' lang='lat' dir='ltr'><strong>et</strong></span> <span class='ocrx_word' id='word_1_210' title='bbox 1196 2219 1366 2281; x_wconf 88' lang='lat' dir='ltr'><strong>scholares</strong></span> <span class='ocrx_word' id='word_1_211' title='bbox 1381 2220 1504 2282; x_wconf 92' lang='lat' dir='ltr'><strong>artium</strong></span> <span class='ocrx_word' id='word_1_212' title='bbox 1517 2221 1707 2297; x_wconf 84' lang='lat' dir='ltr'><strong>reciperent</strong></span> <span class='ocrx_word' id='word_1_213' title='bbox 1719 2222 1836 2299; x_wconf 89' lang='lat' dir='ltr'><strong>adpoe·</strong></span> 
     </span>
     <span class='ocr_line' id='line_1_21' title="bbox 181 2315 1836 2397; baseline 0 -17"><span class='ocrx_word' id='word_1_214' title='bbox 181 2318 983 2397; x_wconf 85' lang='lat' dir='ltr'><strong>scholarumvelmagistrorumiacerentaliquam</strong></span> <span class='ocrx_word' id='word_1_215' title='bbox 1038 2315 1222 2386; x_wconf 81' lang='lat' dir='ltr'><strong>nitentium,</strong></span> <span class='ocrx_word' id='word_1_216' title='bbox 1238 2332 1304 2376; x_wconf 91' lang='lat' dir='ltr'><strong>non</strong></span> <span class='ocrx_word' id='word_1_217' title='bbox 1319 2317 1471 2378; x_wconf 89' lang='lat' dir='ltr'><strong>obstante</strong></span> <span class='ocrx_word' id='word_1_218' title='bbox 1483 2318 1736 2380; x_wconf 89' lang='lat' dir='ltr'><strong>denuntiatione</strong></span> <span class='ocrx_word' id='word_1_219' title='bbox 1751 2335 1836 2396; x_wconf 79' lang='lat' dir='ltr'><strong>prae-</strong></span> 
     </span>
     <span class='ocr_line' id='line_1_22' title="bbox 181 2412 1835 2494; baseline 0.001 -18"><span class='ocrx_word' id='word_1_220' title='bbox 181 2416 542 2492; x_wconf 88' lang='lat' dir='ltr'><strong>conspirationem,seu</strong></span> <span class='ocrx_word' id='word_1_221' title='bbox 555 2417 823 2477; x_wconf 89' lang='lat' dir='ltr'><strong>constitutionem</strong></span> <span class='ocrx_word' id='word_1_222' title='bbox 834 2416 893 2476; x_wconf 89' lang='lat' dir='ltr'><strong>aut</strong></span> <span class='ocrx_word' id='word_1_223' title='bbox 905 2415 985 2476; x_wconf 92' lang='lat' dir='ltr'><strong>obli·</strong></span> <span class='ocrx_word' id='word_1_224' title='bbox 1038 2412 1136 2483; x_wconf 91' lang='lat' dir='ltr'><strong>dicta,</strong></span> <span class='ocrx_word' id='word_1_225' title='bbox 1147 2430 1221 2474; x_wconf 89' lang='lat' dir='ltr'><strong>cum</strong></span> <span class='ocrx_word' id='word_1_226' title='bbox 1233 2429 1272 2474; x_wconf 89' lang='lat' dir='ltr'><strong>ea</strong></span> <span class='ocrx_word' id='word_1_227' title='bbox 1290 2415 1469 2490; x_wconf 88' lang='lat' dir='ltr'><strong>appellatio</strong></span> <span class='ocrx_word' id='word_1_228' title='bbox 1486 2415 1635 2491; x_wconf 84' lang='lat' dir='ltr'><strong>legitima</strong></span> <span class='ocrx_word' id='word_1_229' title='bbox 1649 2417 1835 2494; x_wconf 89' lang='lat' dir='ltr'><strong>processis-</strong></span> 
     </span>
     <span class='ocr_line' id='line_1_23' title="bbox 182 2510 1833 2591; baseline 0.001 -18"><span class='ocrx_word' id='word_1_230' title='bbox 182 2514 354 2588; x_wconf 74' lang='lat' dir='ltr'><strong>gationem</strong></span> <span class='ocrx_word' id='word_1_231' title='bbox 367 2514 753 2591; x_wconf 69' lang='lat' dir='ltr'><strong>quamlibet3juramento</strong></span> <span class='ocrx_word' id='word_1_232' title='bbox 766 2513 820 2574; x_wconf 85' lang='lat' dir='ltr'><strong>vei</strong></span> <span class='ocrx_word' id='word_1_233' title='bbox 840 2512 983 2584; x_wconf 88' lang='lat' dir='ltr'><strong>iide‚seu</strong></span> <span class='ocrx_word' id='word_1_234' title='bbox 1038 2511 1098 2570; x_wconf 89' lang='lat' dir='ltr'><strong>set.</strong></span> <span class='ocrx_word' id='word_1_235' title='bbox 1115 2510 1208 2570; x_wconf 91' lang='lat' dir='ltr'><strong>Unde</strong></span> <span class='ocrx_word' id='word_1_236' title='bbox 1223 2526 1291 2587; x_wconf 89' lang='lat' dir='ltr'><strong>prae</strong></span> <span class='ocrx_word' id='word_1_237' title='bbox 1320 2510 1515 2574; x_wconf 83' lang='lat' dir='ltr'><strong>contusione</strong></span> <span class='ocrx_word' id='word_1_238' title='bbox 1534 2513 1634 2574; x_wconf 83' lang='lat' dir='ltr'><strong>faciei</strong></span> <span class='ocrx_word' id='word_1_239' title='bbox 1657 2515 1692 2575; x_wconf 91' lang='lat' dir='ltr'><strong>et</strong></span> <span class='ocrx_word' id='word_1_240' title='bbox 1715 2515 1833 2575; x_wconf 90' lang='lat' dir='ltr'><strong>mentis</strong></span> 
     </span>
     <span class='ocr_line' id='line_1_24' title="bbox 183 2605 1834 2688; baseline 0.001 -19"><span class='ocrx_word' id='word_1_241' title='bbox 183 2610 256 2670; x_wconf 88' lang='lat' dir='ltr'><strong>alia</strong></span> <span class='ocrx_word' id='word_1_242' title='bbox 272 2627 476 2688; x_wconf 91' lang='lat' dir='ltr'><strong>quacumque</strong></span> <span class='ocrx_word' id='word_1_243' title='bbox 492 2626 600 2687; x_wconf 86' lang='lat' dir='ltr'><strong>poena,</strong></span> <span class='ocrx_word' id='word_1_244' title='bbox 614 2611 788 2683; x_wconf 82' lang='lat' dir='ltr'><strong>vallatam;</strong></span> <span class='ocrx_word' id='word_1_245' title='bbox 813 2610 876 2687; x_wconf 85' lang='lat' dir='ltr'><strong>ipsi</strong></span> <span class='ocrx_word' id='word_1_246' title='bbox 898 2611 982 2671; x_wconf 89' lang='lat' dir='ltr'><strong>doc·</strong></span> <span class='ocrx_word' id='word_1_247' title='bbox 1038 2606 1191 2681; x_wconf 82' lang='lat' dir='ltr'><strong>angustia</strong></span> <span class='ocrx_word' id='word_1_248' title='bbox 1205 2605 1326 2669; x_wconf 86' lang='lat' dir='ltr'><strong>deiecit</strong></span> <span class='ocrx_word' id='word_1_249' title='bbox 1338 2608 1373 2668; x_wconf 93' lang='lat' dir='ltr'><strong>in</strong></span> <span class='ocrx_word' id='word_1_250' title='bbox 1388 2609 1471 2685; x_wconf 87' lang='lat' dir='ltr'><strong>ipsis</strong></span> <span class='ocrx_word' id='word_1_251' title='bbox 1487 2610 1682 2671; x_wconf 90' lang='lat' dir='ltr'><strong>doctoribus</strong></span> <span class='ocrx_word' id='word_1_252' title='bbox 1700 2610 1834 2688; x_wconf 88' lang='lat' dir='ltr'><strong>spiritus</strong></span> 
     </span>
    </p>
   </div>
   <div class='ocr_carea' id='block_1_3' title="bbox 62 2704 1836 2784">
    <p class='ocr_par' dir='ltr' id='par_1_4' title="bbox 62 2704 1836 2784">
     <span class='ocr_line' id='line_1_25' title="bbox 62 2704 1836 2784; baseline 0.001 -17"><span class='ocrx_word' id='word_1_253' title='bbox 62 2741 65 2746; x_wconf 92' lang='lat'><em>-</em></span> <span class='ocrx_word' id='word_1_254' title='bbox 188 2706 295 2778; x_wconf 87' lang='lat' dir='ltr'><strong>tores,</strong></span> <span class='ocrx_word' id='word_1_255' title='bbox 324 2707 529 2768; x_wconf 87' lang='lat' dir='ltr'><strong>attendentes</strong></span> <span class='ocrx_word' id='word_1_256' title='bbox 557 2707 642 2784; x_wconf 89' lang='lat' dir='ltr'><strong>quod</strong></span> <span class='ocrx_word' id='word_1_257' title='bbox 665 2706 813 2784; x_wconf 88' lang='lat' dir='ltr'><strong>ejusdem</strong></span> <span class='ocrx_word' id='word_1_258' title='bbox 835 2705 982 2783; x_wconf 90' lang='lat' dir='ltr'><strong>episcopi</strong></span> <span class='ocrx_word' id='word_1_259' title='bbox 1037 2704 1077 2763; x_wconf 89' lang='lat' dir='ltr'><strong>ad</strong></span> <span class='ocrx_word' id='word_1_260' title='bbox 1095 2704 1278 2779; x_wconf 84' lang='lat' dir='ltr'><strong>legendum,</strong></span> <span class='ocrx_word' id='word_1_261' title='bbox 1296 2707 1339 2777; x_wconf 92' lang='lat' dir='ltr'><strong>et,</strong></span> <span class='ocrx_word' id='word_1_262' title='bbox 1354 2706 1439 2783; x_wconf 90' lang='lat' dir='ltr'><strong>quod</strong></span> <span class='ocrx_word' id='word_1_263' title='bbox 1457 2707 1554 2769; x_wconf 80' lang='lat' dir='ltr'><strong>valde</strong></span> <span class='ocrx_word' id='word_1_264' title='bbox 1569 2707 1721 2769; x_wconf 90' lang='lat' dir='ltr'><strong>dolentes</strong></span> <span class='ocrx_word' id='word_1_265' title='bbox 1741 2709 1836 2769; x_wconf 88' lang='lat' dir='ltr'><strong>audi-</strong></span> 
     </span>
    </p>
   </div>
   <div class='ocr_carea' id='block_1_4' title="bbox 185 2801 1838 3465">
    <p class='ocr_par' dir='ltr' id='par_1_5' title="bbox 185 2801 1838 3465">
     <span class='ocr_line' id='line_1_26' title="bbox 190 2801 1837 2880; baseline 0.002 -17"><span class='ocrx_word' id='word_1_266' title='bbox 190 2802 314 2864; x_wconf 89' lang='lat' dir='ltr'><strong>iactum</strong></span> <span class='ocrx_word' id='word_1_267' title='bbox 342 2803 545 2864; x_wconf 89' lang='lat' dir='ltr'><strong>innitebatur</strong></span> <span class='ocrx_word' id='word_1_268' title='bbox 570 2803 657 2865; x_wconf 88' lang='lat' dir='ltr'><strong>iacto</strong></span> <span class='ocrx_word' id='word_1_269' title='bbox 682 2803 865 2880; x_wconf 86' lang='lat' dir='ltr'><strong>supradicti</strong></span> <span class='ocrx_word' id='word_1_270' title='bbox 887 2803 982 2880; x_wconf 90' lang='lat' dir='ltr'><strong>epis·</strong></span> <span class='ocrx_word' id='word_1_271' title='bbox 1036 2801 1156 2873; x_wconf 87' lang='lat' dir='ltr'><strong>vimus,</strong></span> <span class='ocrx_word' id='word_1_272' title='bbox 1174 2801 1208 2862; x_wconf 91' lang='lat' dir='ltr'><strong>in</strong></span> <span class='ocrx_word' id='word_1_273' title='bbox 1223 2803 1313 2863; x_wconf 91' lang='lat' dir='ltr'><strong>omni</strong></span> <span class='ocrx_word' id='word_1_274' title='bbox 1334 2804 1491 2865; x_wconf 77' lang='lat' dir='ltr'><strong>facultate</strong></span> <span class='ocrx_word' id='word_1_275' title='bbox 1510 2803 1586 2866; x_wconf 89' lang='lat' dir='ltr'><strong>silet</strong></span> <span class='ocrx_word' id='word_1_276' title='bbox 1601 2805 1758 2867; x_wconf 88' lang='lat' dir='ltr'><strong>Parisius</strong></span> <span class='ocrx_word' id='word_1_277' title='bbox 1773 2822 1837 2868; x_wconf 81' lang='lat' dir='ltr'><strong>uox</strong></span> 
     </span>
     <span class='ocr_line' id='line_1_27' title="bbox 192 2898 1834 2980; baseline 0.001 -19"><span class='ocrx_word' id='word_1_278' title='bbox 192 2900 266 2977; x_wconf 92' lang='lat' dir='ltr'><strong>copi</strong></span> <span class='ocrx_word' id='word_1_279' title='bbox 281 2900 477 2971; x_wconf 88' lang='lat' dir='ltr'><strong>Hosiiensis,</strong></span> <span class='ocrx_word' id='word_1_280' title='bbox 495 2904 566 2978; x_wconf 89' lang='lat' dir='ltr'><strong>ejus</strong></span> <span class='ocrx_word' id='word_1_281' title='bbox 583 2917 683 2979; x_wconf 89' lang='lat' dir='ltr'><strong>super</strong></span> <span class='ocrx_word' id='word_1_282' title='bbox 697 2902 760 2962; x_wconf 93' lang='lat' dir='ltr'><strong>hoc</strong></span> <span class='ocrx_word' id='word_1_283' title='bbox 775 2902 903 2963; x_wconf 88' lang='lat' dir='ltr'><strong>litteras</strong></span> <span class='ocrx_word' id='word_1_284' title='bbox 918 2901 982 2962; x_wconf 92' lang='lat' dir='ltr'><strong>sihi</strong></span> <span class='ocrx_word' id='word_1_285' title='bbox 1037 2898 1207 2970; x_wconf 90' lang='lat' dir='ltr'><strong>doctrinae,</strong></span> <span class='ocrx_word' id='word_1_286' title='bbox 1234 2903 1277 2971; x_wconf 87' lang='lat' dir='ltr'><strong>et,</strong></span> <span class='ocrx_word' id='word_1_287' title='bbox 1302 2903 1421 2976; x_wconf 80' lang='lat' dir='ltr'><strong>negata</strong></span> <span class='ocrx_word' id='word_1_288' title='bbox 1441 2901 1709 2963; x_wconf 88' lang='lat' dir='ltr'><strong>desiderantibus</strong></span> <span class='ocrx_word' id='word_1_289' title='bbox 1732 2902 1834 2980; x_wconf 81' lang='lat' dir='ltr'><strong>poeni·</strong></span> 
     </span>
     <span class='ocr_line' id='line_1_28' title="bbox 188 2994 1837 3075; baseline 0.002 -17"><span class='ocrx_word' id='word_1_290' title='bbox 188 2997 686 3074; x_wconf 79' lang='lat' dir='ltr'><strong>exhiberipetierunthnmditer</strong></span> <span class='ocrx_word' id='word_1_291' title='bbox 696 3001 729 3060; x_wconf 92' lang='lat' dir='ltr'><strong>et</strong></span> <span class='ocrx_word' id='word_1_292' title='bbox 739 2999 911 3071; x_wconf 87' lang='lat' dir='ltr'><strong>instanter,</strong></span> <span class='ocrx_word' id='word_1_293' title='bbox 921 3014 982 3059; x_wconf 90' lang='lat' dir='ltr'><strong>nec</strong></span> <span class='ocrx_word' id='word_1_294' title='bbox 1036 2994 1152 3063; x_wconf 83' lang='lat' dir='ltr'><strong>tentia,</strong></span> <span class='ocrx_word' id='word_1_295' title='bbox 1170 2996 1337 3072; x_wconf 86' lang='lat' dir='ltr'><strong>perceptio</strong></span> <span class='ocrx_word' id='word_1_296' title='bbox 1354 2997 1516 3059; x_wconf 86' lang='lat' dir='ltr'><strong>Dominici</strong></span> <span class='ocrx_word' id='word_1_297' title='bbox 1539 2999 1692 3075; x_wconf 88' lang='lat' dir='ltr'><strong>corporis</strong></span> <span class='ocrx_word' id='word_1_298' title='bbox 1709 2999 1837 3061; x_wconf 89' lang='lat' dir='ltr'><strong>eisdem</strong></span> 
     </span>
     <span class='ocr_line' id='line_1_29' title="bbox 187 3092 1834 3175; baseline 0.001 -20"><span class='ocrx_word' id='word_1_299' title='bbox 187 3096 367 3173; x_wconf 91' lang='lat' dir='ltr'><strong>potuerunt</strong></span> <span class='ocrx_word' id='word_1_300' title='bbox 377 3095 543 3156; x_wconf 90' lang='lat' dir='ltr'><strong>ullatenus</strong></span> <span class='ocrx_word' id='word_1_301' title='bbox 550 3094 982 3175; x_wconf 87' lang='lat' dir='ltr'><strong>obtinere(i).Deindecum</strong></span> <span class='ocrx_word' id='word_1_302' title='bbox 1038 3092 1071 3152; x_wconf 90' lang='lat' dir='ltr'><strong>in</strong></span> <span class='ocrx_word' id='word_1_303' title='bbox 1087 3092 1159 3168; x_wconf 92' lang='lat' dir='ltr'><strong>ipso</strong></span> <span class='ocrx_word' id='word_1_304' title='bbox 1170 3094 1350 3155; x_wconf 81' lang='lat' dir='ltr'><strong>Dominicae</strong></span> <span class='ocrx_word' id='word_1_305' title='bbox 1363 3095 1620 3156; x_wconf 88' lang='lat' dir='ltr'><strong>resurrectionis</strong></span> <span class='ocrx_word' id='word_1_306' title='bbox 1637 3095 1693 3158; x_wconf 92' lang='lat' dir='ltr'><strong>die</strong></span> <span class='ocrx_word' id='word_1_307' title='bbox 1703 3095 1834 3174; x_wconf 87' lang='lat' dir='ltr'><strong>luitper</strong></span> 
     </span>
     <span class='ocr_line' id='line_1_30' title="bbox 185 3190 1835 3271; baseline -0.001 -16"><span class='ocrx_word' id='word_1_308' title='bbox 185 3191 497 3255; x_wconf 88' lang='lat' dir='ltr'><strong>eademconstantia</strong></span> <span class='ocrx_word' id='word_1_309' title='bbox 517 3193 719 3271; x_wconf 89' lang='lat' dir='ltr'><strong>quaesierunt</strong></span> <span class='ocrx_word' id='word_1_310' title='bbox 738 3193 984 3270; x_wconf 88' lang='lat' dir='ltr'><strong>interpretatio·</strong></span> <span class='ocrx_word' id='word_1_311' title='bbox 1037 3190 1426 3266; x_wconf 79' lang='lat' dir='ltr'><strong>consequensdenegata.</strong></span> <span class='ocrx_word' id='word_1_312' title='bbox 1438 3192 1600 3254; x_wconf 71' lang='lat' dir='ltr'><strong>Caeterum</strong></span> <span class='ocrx_word' id='word_1_313' title='bbox 1611 3194 1835 3255; x_wconf 88' lang='lat' dir='ltr'><strong>cancellarius</strong></span> 
     </span>
     <span class='ocr_line' id='line_1_31' title="bbox 186 3286 1838 3363; baseline 0.001 -12"><span class='ocrx_word' id='word_1_314' title='bbox 186 3307 262 3352; x_wconf 90' lang='lat' dir='ltr'><strong>nem</strong></span> <span class='ocrx_word' id='word_1_315' title='bbox 279 3291 411 3362; x_wconf 88' lang='lat' dir='ltr'><strong>illorum</strong></span> <span class='ocrx_word' id='word_1_316' title='bbox 427 3290 614 3361; x_wconf 87' lang='lat' dir='ltr'><strong>verborum,</strong></span> <span class='ocrx_word' id='word_1_317' title='bbox 634 3291 903 3351; x_wconf 89' lang='lat' dir='ltr'><strong>constitutionem</strong></span> <span class='ocrx_word' id='word_1_318' title='bbox 925 3291 983 3352; x_wconf 89' lang='lat' dir='ltr'><strong>aut</strong></span> <span class='ocrx_word' id='word_1_319' title='bbox 1036 3286 1120 3362; x_wconf 85' lang='lat' dir='ltr'><strong>ipse,</strong></span> <span class='ocrx_word' id='word_1_320' title='bbox 1137 3303 1236 3363; x_wconf 86' lang='lat' dir='ltr'><strong>super</strong></span> <span class='ocrx_word' id='word_1_321' title='bbox 1250 3287 1397 3348; x_wconf 90' lang='lat' dir='ltr'><strong>dolorem</strong></span> <span class='ocrx_word' id='word_1_322' title='bbox 1417 3305 1532 3349; x_wconf 90' lang='lat' dir='ltr'><strong>eorum</strong></span> <span class='ocrx_word' id='word_1_323' title='bbox 1546 3290 1671 3352; x_wconf 87' lang='lat' dir='ltr'><strong>addere</strong></span> <span class='ocrx_word' id='word_1_324' title='bbox 1686 3306 1756 3352; x_wconf 91' lang='lat' dir='ltr'><strong>non</strong></span> <span class='ocrx_word' id='word_1_325' title='bbox 1779 3291 1838 3352; x_wconf 90' lang='lat' dir='ltr'><strong>de-</strong></span> 
     </span>
     <span class='ocr_line' id='line_1_32' title="bbox 186 3382 1833 3465; baseline -0.001 -15"><span class='ocrx_word' id='word_1_326' title='bbox 186 3388 422 3465; x_wconf 82' lang='lat' dir='ltr'><strong>obligationem</strong></span> <span class='ocrx_word' id='word_1_327' title='bbox 438 3386 981 3464; x_wconf 78' lang='lat' dir='ltr'><strong>quamlibetutrumvidelicetin-</strong></span> <span class='ocrx_word' id='word_1_328' title='bbox 1037 3382 1168 3455; x_wconf 91' lang='lat' dir='ltr'><strong>sistens,</strong></span> <span class='ocrx_word' id='word_1_329' title='bbox 1193 3386 1391 3460; x_wconf 90' lang='lat' dir='ltr'><strong>contemptis</strong></span> <span class='ocrx_word' id='word_1_330' title='bbox 1413 3386 1545 3448; x_wconf 88' lang='lat' dir='ltr'><strong>statutis</strong></span> <span class='ocrx_word' id='word_1_331' title='bbox 1561 3403 1634 3463; x_wconf 83' lang='lat' dir='ltr'><strong>quae</strong></span> <span class='ocrx_word' id='word_1_332' title='bbox 1664 3404 1769 3465; x_wconf 89' lang='lat' dir='ltr'><strong>super</strong></span> <span class='ocrx_word' id='word_1_333' title='bbox 1783 3389 1833 3449; x_wconf 92' lang='lat' dir='ltr'><strong>his</strong></span> 
     </span>
    </p>
   </div>
   <div class='ocr_carea' id='block_1_5' title="bbox 60 3479 1841 3562">
    <p class='ocr_par' dir='ltr' id='par_1_6' title="bbox 60 3479 1841 3562">
     <span class='ocr_line' id='line_1_33' title="bbox 60 3479 1841 3562; baseline 0 -14"><span class='ocrx_word' id='word_1_334' title='bbox 60 3502 64 3507; x_wconf 88' lang='lat'><em>·</em></span> <span class='ocrx_word' id='word_1_335' title='bbox 186 3483 588 3560; x_wconf 79' lang='lat' dir='ltr'><strong>telligerentgeneraiiter</strong></span> <span class='ocrx_word' id='word_1_336' title='bbox 606 3485 673 3545; x_wconf 90' lang='lat' dir='ltr'><strong>tam</strong></span> <span class='ocrx_word' id='word_1_337' title='bbox 689 3484 729 3543; x_wconf 91' lang='lat' dir='ltr'><strong>de</strong></span> <span class='ocrx_word' id='word_1_338' title='bbox 747 3484 982 3544; x_wconf 91' lang='lat' dir='ltr'><strong>constitutione</strong></span> <span class='ocrx_word' id='word_1_339' title='bbox 1037 3479 1124 3541; x_wconf 84' lang='lat' dir='ltr'><strong>iacta</strong></span> <span class='ocrx_word' id='word_1_340' title='bbox 1140 3479 1273 3542; x_wconf 83' lang='lat' dir='ltr'><strong>fuerunt</strong></span> <span class='ocrx_word' id='word_1_341' title='bbox 1287 3498 1347 3558; x_wconf 90' lang='lat' dir='ltr'><strong>per</strong></span> <span class='ocrx_word' id='word_1_342' title='bbox 1356 3482 1522 3558; x_wconf 85' lang='lat' dir='ltr'><strong>judicesa</strong></span> <span class='ocrx_word' id='word_1_343' title='bbox 1543 3484 1628 3545; x_wconf 86' lang='lat' dir='ltr'><strong>Sede</strong></span> <span class='ocrx_word' id='word_1_344' title='bbox 1641 3486 1841 3562; x_wconf 83' lang='lat' dir='ltr'><strong>Apostolica</strong></span> 
     </span>
    </p>
   </div>
   <div class='ocr_carea' id='block_1_6' title="bbox 111 3563 1845 5505">
    <p class='ocr_par' dir='ltr' id='par_1_7' title="bbox 111 3563 1845 5505">
     <span class='ocr_line' id='line_1_34' title="bbox 186 3563 1840 3660; baseline 0.001 -19"><span class='ocrx_word' id='word_1_345' title='bbox 186 3581 289 3653; x_wconf 89' lang='lat' dir='ltr'><strong>licita,</strong></span> <span class='ocrx_word' id='word_1_346' title='bbox 303 3581 377 3642; x_wconf 89' lang='lat' dir='ltr'><strong>utili</strong></span> <span class='ocrx_word' id='word_1_347' title='bbox 397 3582 430 3642; x_wconf 92' lang='lat' dir='ltr'><strong>et</strong></span> <span class='ocrx_word' id='word_1_348' title='bbox 446 3581 597 3652; x_wconf 88' lang='lat' dir='ltr'><strong>honesta,</strong></span> <span class='ocrx_word' id='word_1_349' title='bbox 613 3563 713 3658; x_wconf 87' lang='lat' dir='ltr'><strong>quam</strong></span> <span class='ocrx_word' id='word_1_350' title='bbox 728 3580 769 3641; x_wconf 90' lang='lat' dir='ltr'><strong>de</strong></span> <span class='ocrx_word' id='word_1_351' title='bbox 783 3580 912 3653; x_wconf 88' lang='lat' dir='ltr'><strong>illicita,</strong></span> <span class='ocrx_word' id='word_1_352' title='bbox 928 3596 984 3641; x_wconf 94' lang='lat' dir='ltr'><strong>er-</strong></span> <span class='ocrx_word' id='word_1_353' title='bbox 1037 3577 1217 3653; x_wconf 77' lang='lat' dir='ltr'><strong>delegatos,</strong></span> <span class='ocrx_word' id='word_1_354' title='bbox 1233 3579 1409 3654; x_wconf 82' lang='lat' dir='ltr'><strong>magistros</strong></span> <span class='ocrx_word' id='word_1_355' title='bbox 1423 3579 1464 3640; x_wconf 91' lang='lat' dir='ltr'><strong>ab</strong></span> <span class='ocrx_word' id='word_1_356' title='bbox 1478 3581 1586 3643; x_wconf 85' lang='lat' dir='ltr'><strong>officio</strong></span> <span class='ocrx_word' id='word_1_357' title='bbox 1608 3597 1671 3643; x_wconf 90' lang='lat' dir='ltr'><strong>suo</strong></span> <span class='ocrx_word' id='word_1_358' title='bbox 1693 3599 1840 3660; x_wconf 88' lang='lat' dir='ltr'><strong>suspen-</strong></span> 
     </span>
     <span class='ocr_line' id='line_1_35' title="bbox 187 3675 1840 3754; baseline 0.002 -15"><span class='ocrx_word' id='word_1_359' title='bbox 187 3693 291 3740; x_wconf 89' lang='lat' dir='ltr'><strong>ronea</strong></span> <span class='ocrx_word' id='word_1_360' title='bbox 320 3679 353 3739; x_wconf 93' lang='lat' dir='ltr'><strong>et</strong></span> <span class='ocrx_word' id='word_1_361' title='bbox 379 3677 516 3754; x_wconf 90' lang='lat' dir='ltr'><strong>injusta.</strong></span> <span class='ocrx_word' id='word_1_362' title='bbox 544 3676 669 3750; x_wconf 89' lang='lat' dir='ltr'><strong>Quibus</strong></span> <span class='ocrx_word' id='word_1_363' title='bbox 694 3676 980 3754; x_wconf 91' lang='lat' dir='ltr'><strong>respondentibus,</strong></span> <span class='ocrx_word' id='word_1_364' title='bbox 1037 3675 1116 3736; x_wconf 89' lang='lat' dir='ltr'><strong>dere</strong></span> <span class='ocrx_word' id='word_1_365' title='bbox 1137 3678 1170 3737; x_wconf 93' lang='lat' dir='ltr'><strong>et</strong></span> <span class='ocrx_word' id='word_1_366' title='bbox 1197 3677 1365 3737; x_wconf 87' lang='lat' dir='ltr'><strong>scholares</strong></span> <span class='ocrx_word' id='word_1_367' title='bbox 1397 3677 1588 3754; x_wconf 89' lang='lat' dir='ltr'><strong>mancipare</strong></span> <span class='ocrx_word' id='word_1_368' title='bbox 1613 3679 1747 3741; x_wconf 88' lang='lat' dir='ltr'><strong>carceri</strong></span> <span class='ocrx_word' id='word_1_369' title='bbox 1772 3696 1840 3742; x_wconf 87' lang='lat' dir='ltr'><strong>non</strong></span> 
     </span>
     <span class='ocr_line' id='line_1_36' title="bbox 111 3773 1182 3853; baseline -0.001 -18"><span class='ocrx_word' id='word_1_370' title='bbox 111 3782 128 3810; x_wconf 73' lang='lat'><strong>‘·</strong></span> <span class='ocrx_word' id='word_1_371' title='bbox 188 3774 274 3853; x_wconf 92' lang='lat' dir='ltr'><strong>quod</strong></span> <span class='ocrx_word' id='word_1_372' title='bbox 289 3773 729 3851; x_wconf 80' lang='lat' dir='ltr'><strong>intelligebantgeneraiiter</strong></span> <span class='ocrx_word' id='word_1_373' title='bbox 740 3774 780 3834; x_wconf 93' lang='lat' dir='ltr'><strong>de</strong></span> <span class='ocrx_word' id='word_1_374' title='bbox 792 3775 882 3835; x_wconf 89' lang='lat' dir='ltr'><strong>omni</strong></span> <span class='ocrx_word' id='word_1_375' title='bbox 890 3775 981 3835; x_wconf 91' lang='lat' dir='ltr'><strong>licita</strong></span> <span class='ocrx_word' id='word_1_376' title='bbox 1037 3775 1182 3834; x_wconf 85' lang='lat' dir='ltr'><strong>veretur.</strong></span> 
     </span>
     <span class='ocr_line' id='line_1_37' title="bbox 187 3869 1840 3947; baseline 0.002 -15"><span class='ocrx_word' id='word_1_377' title='bbox 187 3872 240 3932; x_wconf 83' lang='lat' dir='ltr'><strong>vei</strong></span> <span class='ocrx_word' id='word_1_378' title='bbox 263 3872 391 3943; x_wconf 88' lang='lat' dir='ltr'><strong>illicita,</strong></span> <span class='ocrx_word' id='word_1_379' title='bbox 412 3870 498 3932; x_wconf 88' lang='lat' dir='ltr'><strong>bona</strong></span> <span class='ocrx_word' id='word_1_380' title='bbox 517 3871 570 3933; x_wconf 86' lang='lat' dir='ltr'><strong>vel</strong></span> <span class='ocrx_word' id='word_1_381' title='bbox 593 3871 692 3942; x_wconf 90' lang='lat' dir='ltr'><strong>mala,</strong></span> <span class='ocrx_word' id='word_1_382' title='bbox 717 3870 781 3947; x_wconf 89' lang='lat' dir='ltr'><strong>ipsi</strong></span> <span class='ocrx_word' id='word_1_383' title='bbox 802 3886 982 3946; x_wconf 80' lang='lat' dir='ltr'><strong>gravamen</strong></span> <span class='ocrx_word' id='word_1_384' title='bbox 1078 3869 1236 3931; x_wconf 89' lang='lat' dir='ltr'><strong>Nolentes</strong></span> <span class='ocrx_word' id='word_1_385' title='bbox 1252 3870 1354 3946; x_wconf 81' lang='lat' dir='ltr'><strong>igitur</strong></span> <span class='ocrx_word' id='word_1_386' title='bbox 1365 3871 1494 3933; x_wconf 89' lang='lat' dir='ltr'><strong>tantum</strong></span> <span class='ocrx_word' id='word_1_387' title='bbox 1507 3871 1680 3935; x_wconf 90' lang='lat' dir='ltr'><strong>doctorum</strong></span> <span class='ocrx_word' id='word_1_388' title='bbox 1694 3876 1730 3936; x_wconf 89' lang='lat' dir='ltr'><strong>et</strong></span> <span class='ocrx_word' id='word_1_389' title='bbox 1744 3874 1840 3935; x_wconf 90' lang='lat' dir='ltr'><strong>scho-</strong></span> 
     </span>
     <span class='ocr_line' id='line_1_38' title="bbox 186 3966 1840 4046; baseline 0.001 -14"><span class='ocrx_word' id='word_1_390' title='bbox 186 3986 254 4032; x_wconf 90' lang='lat' dir='ltr'><strong>uon</strong></span> <span class='ocrx_word' id='word_1_391' title='bbox 270 3968 405 4030; x_wconf 89' lang='lat' dir='ltr'><strong>dubium</strong></span> <span class='ocrx_word' id='word_1_392' title='bbox 415 3968 632 4038; x_wconf 89' lang='lat' dir='ltr'><strong>attendentes,</strong></span> <span class='ocrx_word' id='word_1_393' title='bbox 645 3983 681 4030; x_wconf 91' lang='lat' dir='ltr'><strong>se</strong></span> <span class='ocrx_word' id='word_1_394' title='bbox 691 3968 731 4028; x_wconf 91' lang='lat' dir='ltr'><strong>ad</strong></span> <span class='ocrx_word' id='word_1_395' title='bbox 749 3967 982 4045; x_wconf 89' lang='lat' dir='ltr'><strong>appellationis</strong></span> <span class='ocrx_word' id='word_1_396' title='bbox 1038 3966 1159 4027; x_wconf 89' lang='lat' dir='ltr'><strong>larium</strong></span> <span class='ocrx_word' id='word_1_397' title='bbox 1191 3967 1446 4044; x_wconf 80' lang='lat' dir='ltr'><strong>saepedictorum</strong></span> <span class='ocrx_word' id='word_1_398' title='bbox 1473 3985 1672 4046; x_wconf 75' lang='lat' dir='ltr'><strong>grosmec,</strong></span> <span class='ocrx_word' id='word_1_399' title='bbox 1708 3972 1840 4032; x_wconf 86' lang='lat' dir='ltr'><strong>tantam</strong></span> 
     </span>
     <span class='ocr_line' id='line_1_39' title="bbox 187 4062 1842 4142; baseline -0.001 -14"><span class='ocrx_word' id='word_1_400' title='bbox 187 4066 352 4142; x_wconf 83' lang='lat' dir='ltr'><strong>refugium</strong></span> <span class='ocrx_word' id='word_1_401' title='bbox 367 4067 613 4128; x_wconf 84' lang='lat' dir='ltr'><strong>converterunt.</strong></span> <span class='ocrx_word' id='word_1_402' title='bbox 1037 4077 1117 4122; x_wconf 81' lang='lat' dir='ltr'><strong>vero</strong></span> <span class='ocrx_word' id='word_1_403' title='bbox 1133 4062 1239 4138; x_wconf 89' lang='lat' dir='ltr'><strong>ipsius</strong></span> <span class='ocrx_word' id='word_1_404' title='bbox 1255 4063 1449 4124; x_wconf 88' lang='lat' dir='ltr'><strong>cancellarii</strong></span> <span class='ocrx_word' id='word_1_405' title='bbox 1459 4065 1493 4126; x_wconf 89' lang='lat' dir='ltr'><strong>et</strong></span> <span class='ocrx_word' id='word_1_406' title='bbox 1502 4065 1720 4140; x_wconf 84' lang='lat' dir='ltr'><strong>praeiatorum</strong></span> <span class='ocrx_word' id='word_1_407' title='bbox 1735 4066 1842 4128; x_wconf 90' lang='lat' dir='ltr'><strong>socio·</strong></span> 
     </span>
     <span class='ocr_line' id='line_1_40' title="bbox 224 4159 1842 4240; baseline -0.001 -15"><span class='ocrx_word' id='word_1_408' title='bbox 224 4167 340 4236; x_wconf 89' lang='lat' dir='ltr'><strong>Porro,</strong></span> <span class='ocrx_word' id='word_1_409' title='bbox 348 4180 422 4225; x_wconf 90' lang='lat' dir='ltr'><strong>cum</strong></span> <span class='ocrx_word' id='word_1_410' title='bbox 429 4163 470 4225; x_wconf 89' lang='lat' dir='ltr'><strong>ad</strong></span> <span class='ocrx_word' id='word_1_411' title='bbox 476 4162 984 4240; x_wconf 88' lang='lat' dir='ltr'><strong>prosecutionemappellationis</strong></span> <span class='ocrx_word' id='word_1_412' title='bbox 1038 4174 1112 4219; x_wconf 91' lang='lat' dir='ltr'><strong>rum</strong></span> <span class='ocrx_word' id='word_1_413' title='bbox 1128 4162 1199 4235; x_wconf 89' lang='lat' dir='ltr'><strong>ejus</strong></span> <span class='ocrx_word' id='word_1_414' title='bbox 1214 4159 1439 4232; x_wconf 87' lang='lat' dir='ltr'><strong>insolentiam,</strong></span> <span class='ocrx_word' id='word_1_415' title='bbox 1453 4161 1594 4223; x_wconf 87' lang='lat' dir='ltr'><strong>ulterius</strong></span> <span class='ocrx_word' id='word_1_416' title='bbox 1606 4163 1667 4224; x_wconf 92' lang='lat' dir='ltr'><strong>sub</strong></span> <span class='ocrx_word' id='word_1_417' title='bbox 1678 4163 1842 4225; x_wconf 89' lang='lat' dir='ltr'><strong>dissimu-</strong></span> 
     </span>
     <span class='ocr_line' id='line_1_41' title="bbox 187 4255 1841 4339; baseline 0.001 -18"><span class='ocrx_word' id='word_1_418' title='bbox 187 4262 355 4339; x_wconf 85' lang='lat' dir='ltr'><strong>praedictae</strong></span> <span class='ocrx_word' id='word_1_419' title='bbox 370 4261 455 4322; x_wconf 83' lang='lat' dir='ltr'><strong>foret</strong></span> <span class='ocrx_word' id='word_1_420' title='bbox 467 4261 608 4323; x_wconf 89' lang='lat' dir='ltr'><strong>nuncius</strong></span> <span class='ocrx_word' id='word_1_421' title='bbox 626 4261 667 4321; x_wconf 89' lang='lat' dir='ltr'><strong>ad</strong></span> <span class='ocrx_word' id='word_1_422' title='bbox 683 4261 800 4322; x_wconf 82' lang='lat' dir='ltr'><strong>sedem</strong></span> <span class='ocrx_word' id='word_1_423' title='bbox 815 4261 985 4338; x_wconf 82' lang='lat' dir='ltr'><strong>Apostoli·</strong></span> <span class='ocrx_word' id='word_1_424' title='bbox 1039 4255 1162 4318; x_wconf 84' lang='lat' dir='ltr'><strong>latione</strong></span> <span class='ocrx_word' id='word_1_425' title='bbox 1170 4257 1327 4328; x_wconf 89' lang='lat' dir='ltr'><strong>transire,</strong></span> <span class='ocrx_word' id='word_1_426' title='bbox 1339 4273 1400 4334; x_wconf 89' lang='lat' dir='ltr'><strong>per</strong></span> <span class='ocrx_word' id='word_1_427' title='bbox 1407 4259 1597 4334; x_wconf 76' lang='lat' dir='ltr'><strong>apostoliea</strong></span> <span class='ocrx_word' id='word_1_428' title='bbox 1605 4259 1699 4321; x_wconf 84' lang='lat' dir='ltr'><strong>vobis</strong></span> <span class='ocrx_word' id='word_1_429' title='bbox 1713 4260 1841 4337; x_wconf 86' lang='lat' dir='ltr'><strong>scripta</strong></span> 
     </span>
     <span class='ocr_line' id='line_1_42' title="bbox 187 4355 1840 4431; baseline 0 -11"><span class='ocrx_word' id='word_1_430' title='bbox 187 4374 260 4420; x_wconf 85' lang='lat' dir='ltr'><strong>cam</strong></span> <span class='ocrx_word' id='word_1_431' title='bbox 275 4358 502 4430; x_wconf 88' lang='lat' dir='ltr'><strong>destinandus,</strong></span> <span class='ocrx_word' id='word_1_432' title='bbox 515 4360 549 4419; x_wconf 90' lang='lat' dir='ltr'><strong>et</strong></span> <span class='ocrx_word' id='word_1_433' title='bbox 563 4360 636 4418; x_wconf 92' lang='lat' dir='ltr'><strong>sine</strong></span> <span class='ocrx_word' id='word_1_434' title='bbox 651 4359 789 4419; x_wconf 89' lang='lat' dir='ltr'><strong>collecta</strong></span> <span class='ocrx_word' id='word_1_435' title='bbox 811 4358 982 4419; x_wconf 87' lang='lat' dir='ltr'><strong>universi·</strong></span> <span class='ocrx_word' id='word_1_436' title='bbox 1037 4355 1243 4425; x_wconf 86' lang='lat' dir='ltr'><strong>mandamus,</strong></span> <span class='ocrx_word' id='word_1_437' title='bbox 1256 4357 1418 4431; x_wconf 90' lang='lat' dir='ltr'><strong>quatenus</strong></span> <span class='ocrx_word' id='word_1_438' title='bbox 1429 4355 1606 4431; x_wconf 80' lang='lat' dir='ltr'><strong>magistros</strong></span> <span class='ocrx_word' id='word_1_439' title='bbox 1617 4358 1651 4419; x_wconf 91' lang='lat' dir='ltr'><strong>et</strong></span> <span class='ocrx_word' id='word_1_440' title='bbox 1662 4357 1840 4420; x_wconf 87' lang='lat' dir='ltr'><strong>scholares</strong></span> 
     </span>
     <span class='ocr_line' id='line_1_43' title="bbox 187 4450 1843 4531; baseline 0.004 -14"><span class='ocrx_word' id='word_1_441' title='bbox 187 4458 239 4517; x_wconf 90' lang='lat' dir='ltr'><strong>tas</strong></span> <span class='ocrx_word' id='word_1_442' title='bbox 254 4470 320 4516; x_wconf 93' lang='lat' dir='ltr'><strong>non</strong></span> <span class='ocrx_word' id='word_1_443' title='bbox 339 4452 477 4516; x_wconf 88' lang='lat' dir='ltr'><strong>haberet</strong></span> <span class='ocrx_word' id='word_1_444' title='bbox 491 4470 665 4531; x_wconf 86' lang='lat' dir='ltr'><strong>expensas,</strong></span> <span class='ocrx_word' id='word_1_445' title='bbox 683 4455 835 4530; x_wconf 78' lang='lat' dir='ltr'><strong>magistri</strong></span> <span class='ocrx_word' id='word_1_446' title='bbox 859 4454 985 4517; x_wconf 86' lang='lat' dir='ltr'><strong>libera·</strong></span> <span class='ocrx_word' id='word_1_447' title='bbox 1039 4450 1140 4527; x_wconf 78' lang='lat' dir='ltr'><strong>ipsos,</strong></span> <span class='ocrx_word' id='word_1_448' title='bbox 1155 4451 1285 4513; x_wconf 75' lang='lat' dir='ltr'><strong>sublatO</strong></span> <span class='ocrx_word' id='word_1_449' title='bbox 1300 4452 1533 4529; x_wconf 74' lang='lat' dir='ltr'><strong>appellatiffllis</strong></span> <span class='ocrx_word' id='word_1_450' title='bbox 1553 4453 1740 4524; x_wconf 67' lang='lat' dir='ltr'><strong>obstaculo,</strong></span> <span class='ocrx_word' id='word_1_451' title='bbox 1757 4471 1843 4518; x_wconf 76' lang='lat' dir='ltr'><strong>auo-</strong></span> 
     </span>
     <span class='ocr_line' id='line_1_44' title="bbox 188 4548 1845 4629; baseline 0 -16"><span class='ocrx_word' id='word_1_452' title='bbox 188 4552 271 4613; x_wconf 91' lang='lat' dir='ltr'><strong>lium</strong></span> <span class='ocrx_word' id='word_1_453' title='bbox 286 4551 490 4621; x_wconf 80' lang='lat' dir='ltr'><strong>artiumilde</strong></span> <span class='ocrx_word' id='word_1_454' title='bbox 503 4551 758 4628; x_wconf 89' lang='lat' dir='ltr'><strong>interposita‚se</strong></span> <span class='ocrx_word' id='word_1_455' title='bbox 772 4566 812 4613; x_wconf 90' lang='lat' dir='ltr'><strong>ac</strong></span> <span class='ocrx_word' id='word_1_456' title='bbox 827 4552 985 4614; x_wconf 88' lang='lat' dir='ltr'><strong>suosdis-</strong></span> <span class='ocrx_word' id='word_1_457' title='bbox 1038 4548 1172 4609; x_wconf 87' lang='lat' dir='ltr'><strong>toritate</strong></span> <span class='ocrx_word' id='word_1_458' title='bbox 1196 4551 1312 4609; x_wconf 88' lang='lat' dir='ltr'><strong>nostra</strong></span> <span class='ocrx_word' id='word_1_459' title='bbox 1332 4548 1464 4626; x_wconf 89' lang='lat' dir='ltr'><strong>publice</strong></span> <span class='ocrx_word' id='word_1_460' title='bbox 1492 4550 1692 4612; x_wconf 86' lang='lat' dir='ltr'><strong>nunciantes</strong></span> <span class='ocrx_word' id='word_1_461' title='bbox 1719 4551 1845 4629; x_wconf 81' lang='lat' dir='ltr'><strong>hujus-</strong></span> 
     </span>
     <span class='ocr_line' id='line_1_45' title="bbox 190 4645 1843 4727; baseline -0.001 -16"><span class='ocrx_word' id='word_1_462' title='bbox 190 4649 320 4727; x_wconf 90' lang='lat' dir='ltr'><strong>cipulos</strong></span> <span class='ocrx_word' id='word_1_463' title='bbox 345 4648 575 4710; x_wconf 85' lang='lat' dir='ltr'><strong>astrinxerunt</strong></span> <span class='ocrx_word' id='word_1_464' title='bbox 604 4649 646 4709; x_wconf 89' lang='lat' dir='ltr'><strong>ad</strong></span> <span class='ocrx_word' id='word_1_465' title='bbox 675 4649 873 4710; x_wconf 83' lang='lat' dir='ltr'><strong>servandum</strong></span> <span class='ocrx_word' id='word_1_466' title='bbox 898 4649 983 4726; x_wconf 91' lang='lat' dir='ltr'><strong>quod</strong></span> <span class='ocrx_word' id='word_1_467' title='bbox 1039 4645 1128 4706; x_wconf 92' lang='lat' dir='ltr'><strong>modi</strong></span> <span class='ocrx_word' id='word_1_468' title='bbox 1150 4647 1313 4707; x_wconf 89' lang='lat' dir='ltr'><strong>sententia</strong></span> <span class='ocrx_word' id='word_1_469' title='bbox 1338 4662 1404 4708; x_wconf 88' lang='lat' dir='ltr'><strong>non</strong></span> <span class='ocrx_word' id='word_1_470' title='bbox 1430 4646 1566 4723; x_wconf 81' lang='lat' dir='ltr'><strong>ligatos,</strong></span> <span class='ocrx_word' id='word_1_471' title='bbox 1583 4662 1624 4708; x_wconf 86' lang='lat' dir='ltr'><strong>ac</strong></span> <span class='ocrx_word' id='word_1_472' title='bbox 1647 4647 1843 4712; x_wconf 87' lang='lat' dir='ltr'><strong>inhibentes</strong></span> 
     </span>
     <span class='ocr_line' id='line_1_46' title="bbox 190 4741 1843 4824; baseline 0.004 -15"><span class='ocrx_word' id='word_1_473' title='bbox 190 4763 290 4824; x_wconf 89' lang='lat' dir='ltr'><strong>super</strong></span> <span class='ocrx_word' id='word_1_474' title='bbox 304 4748 398 4809; x_wconf 87' lang='lat' dir='ltr'><strong>hoca</strong></span> <span class='ocrx_word' id='word_1_475' title='bbox 411 4747 481 4807; x_wconf 88' lang='lat' dir='ltr'><strong>suis</strong></span> <span class='ocrx_word' id='word_1_476' title='bbox 493 4745 766 4823; x_wconf 89' lang='lat' dir='ltr'><strong>procuratoribus</strong></span> <span class='ocrx_word' id='word_1_477' title='bbox 778 4748 986 4822; x_wconf 78' lang='lat' dir='ltr'><strong>conungeret</strong></span> <span class='ocrx_word' id='word_1_478' title='bbox 1040 4741 1201 4815; x_wconf 64' lang='lat' dir='ltr'><strong>districte,</strong></span> <span class='ocrx_word' id='word_1_479' title='bbox 1225 4759 1266 4804; x_wconf 77' lang='lat'><strong>110</strong></span> <span class='ocrx_word' id='word_1_480' title='bbox 1292 4743 1367 4819; x_wconf 72' lang='lat' dir='ltr'><strong>(iuis</strong></span> <span class='ocrx_word' id='word_1_481' title='bbox 1393 4742 1433 4804; x_wconf 72' lang='lat' dir='ltr'><strong>de</strong></span> <span class='ocrx_word' id='word_1_482' title='bbox 1455 4747 1575 4805; x_wconf 79' lang='lat' dir='ltr'><strong>caet0r0</strong></span> <span class='ocrx_word' id='word_1_483' title='bbox 1602 4745 1675 4806; x_wconf 69' lang='lat' dir='ltr'><strong>sine</strong></span> <span class='ocrx_word' id='word_1_484' title='bbox 1699 4746 1843 4824; x_wconf 74' lang='lat' dir='ltr'><strong>speciali</strong></span> 
     </span>
     <span class='ocr_line' id='line_1_47' title="bbox 191 4840 1839 4922; baseline 0.001 -17"><span class='ocrx_word' id='word_1_485' title='bbox 191 4844 351 4905; x_wconf 90' lang='lat' dir='ltr'><strong>ordinari.</strong></span> <span class='ocrx_word' id='word_1_486' title='bbox 388 4845 533 4922; x_wconf 84' lang='lat' dir='ltr'><strong>Cumque</strong></span> <span class='ocrx_word' id='word_1_487' title='bbox 561 4842 641 4905; x_wconf 90' lang='lat' dir='ltr'><strong>dicti</strong></span> <span class='ocrx_word' id='word_1_488' title='bbox 670 4845 902 4920; x_wconf 87' lang='lat' dir='ltr'><strong>procuratores</strong></span> <span class='ocrx_word' id='word_1_489' title='bbox 931 4845 986 4904; x_wconf 89' lang='lat' dir='ltr'><strong>in·</strong></span> <span class='ocrx_word' id='word_1_490' title='bbox 1039 4840 1238 4917; x_wconf 79' lang='lat' dir='ltr'><strong>apostolicae</strong></span> <span class='ocrx_word' id='word_1_491' title='bbox 1254 4841 1348 4902; x_wconf 87' lang='lat' dir='ltr'><strong>Sedis</strong></span> <span class='ocrx_word' id='word_1_492' title='bbox 1370 4842 1527 4903; x_wconf 89' lang='lat' dir='ltr'><strong>mandato</strong></span> <span class='ocrx_word' id='word_1_493' title='bbox 1540 4842 1576 4902; x_wconf 89' lang='lat' dir='ltr'><strong>in</strong></span> <span class='ocrx_word' id='word_1_494' title='bbox 1591 4842 1745 4920; x_wconf 88' lang='lat' dir='ltr'><strong>ipsorum</strong></span> <span class='ocrx_word' id='word_1_495' title='bbox 1758 4845 1839 4906; x_wconf 88' lang='lat' dir='ltr'><strong>uni-</strong></span> 
     </span>
     <span class='ocr_line' id='line_1_48' title="bbox 187 4937 1841 5020; baseline 0.001 -18"><span class='ocrx_word' id='word_1_496' title='bbox 187 4941 380 5020; x_wconf 81' lang='lat' dir='ltr'><strong>junxissent</strong></span> <span class='ocrx_word' id='word_1_497' title='bbox 404 4942 540 5014; x_wconf 89' lang='lat' dir='ltr'><strong>eisdem,</strong></span> <span class='ocrx_word' id='word_1_498' title='bbox 561 4943 597 5003; x_wconf 89' lang='lat' dir='ltr'><strong>ut</strong></span> <span class='ocrx_word' id='word_1_499' title='bbox 618 4940 659 5002; x_wconf 90' lang='lat' dir='ltr'><strong>ad</strong></span> <span class='ocrx_word' id='word_1_500' title='bbox 682 4956 846 5017; x_wconf 83' lang='lat' dir='ltr'><strong>expensas</strong></span> <span class='ocrx_word' id='word_1_501' title='bbox 871 4941 985 5002; x_wconf 94' lang='lat' dir='ltr'><strong>nuncii</strong></span> <span class='ocrx_word' id='word_1_502' title='bbox 1039 4937 1232 5000; x_wconf 81' lang='lat' dir='ltr'><strong>versitatem</strong></span> <span class='ocrx_word' id='word_1_503' title='bbox 1244 4939 1329 4999; x_wconf 85' lang='lat' dir='ltr'><strong>tales</strong></span> <span class='ocrx_word' id='word_1_504' title='bbox 1341 4937 1487 5001; x_wconf 86' lang='lat' dir='ltr'><strong>audeant</strong></span> <span class='ocrx_word' id='word_1_505' title='bbox 1501 4940 1684 5002; x_wconf 85' lang='lat' dir='ltr'><strong>sententias</strong></span> <span class='ocrx_word' id='word_1_506' title='bbox 1693 4943 1841 5018; x_wconf 81' lang='lat' dir='ltr'><strong>prumul·</strong></span> 
     </span>
     <span class='ocr_line' id='line_1_49' title="bbox 191 5035 1841 5115; baseline 0.003 -18"><span class='ocrx_word' id='word_1_507' title='bbox 191 5037 379 5099; x_wconf 90' lang='lat' dir='ltr'><strong>destinandi</strong></span> <span class='ocrx_word' id='word_1_508' title='bbox 393 5040 639 5115; x_wconf 82' lang='lat' dir='ltr'><strong>contingentem</strong></span> <span class='ocrx_word' id='word_1_509' title='bbox 662 5038 846 5100; x_wconf 88' lang='lat' dir='ltr'><strong>tribuerent</strong></span> <span class='ocrx_word' id='word_1_510' title='bbox 860 5038 986 5115; x_wconf 89' lang='lat' dir='ltr'><strong>portio-</strong></span> <span class='ocrx_word' id='word_1_511' title='bbox 1039 5052 1130 5112; x_wconf 86' lang='lat' dir='ltr'><strong>gare,</strong></span> <span class='ocrx_word' id='word_1_512' title='bbox 1158 5035 1342 5112; x_wconf 81' lang='lat' dir='ltr'><strong>injungatis</strong></span> <span class='ocrx_word' id='word_1_513' title='bbox 1368 5036 1556 5112; x_wconf 82' lang='lat' dir='ltr'><strong>saepedictis</strong></span> <span class='ocrx_word' id='word_1_514' title='bbox 1580 5038 1841 5102; x_wconf 89' lang='lat' dir='ltr'><strong>cancellarioet</strong></span> 
     </span>
     <span class='ocr_line' id='line_1_50' title="bbox 191 5133 1837 5211; baseline 0.002 -16"><span class='ocrx_word' id='word_1_515' title='bbox 191 5135 329 5206; x_wconf 76' lang='lat' dir='ltr'><strong>nemet,</strong></span> <span class='ocrx_word' id='word_1_516' title='bbox 340 5134 432 5210; x_wconf 88' lang='lat' dir='ltr'><strong>ipsis,</strong></span> <span class='ocrx_word' id='word_1_517' title='bbox 445 5136 530 5211; x_wconf 91' lang='lat' dir='ltr'><strong>quod</strong></span> <span class='ocrx_word' id='word_1_518' title='bbox 546 5136 732 5211; x_wconf 90' lang='lat' dir='ltr'><strong>injunctum</strong></span> <span class='ocrx_word' id='word_1_519' title='bbox 748 5135 865 5207; x_wconf 88' lang='lat' dir='ltr'><strong>luerat,</strong></span> <span class='ocrx_word' id='word_1_520' title='bbox 878 5135 986 5195; x_wconf 87' lang='lat' dir='ltr'><strong>adim·</strong></span> <span class='ocrx_word' id='word_1_521' title='bbox 1040 5133 1140 5194; x_wconf 75' lang='lat' dir='ltr'><strong>sociIs</strong></span> <span class='ocrx_word' id='word_1_522' title='bbox 1150 5135 1234 5209; x_wconf 77' lang='lat' dir='ltr'><strong>eJus,</strong></span> <span class='ocrx_word' id='word_1_523' title='bbox 1243 5135 1279 5194; x_wconf 91' lang='lat' dir='ltr'><strong>ut</strong></span> <span class='ocrx_word' id='word_1_524' title='bbox 1287 5133 1360 5210; x_wconf 91' lang='lat' dir='ltr'><strong>ipse</strong></span> <span class='ocrx_word' id='word_1_525' title='bbox 1369 5133 1592 5195; x_wconf 87' lang='lat' dir='ltr'><strong>cancellarius</strong></span> <span class='ocrx_word' id='word_1_526' title='bbox 1601 5138 1837 5211; x_wconf 86' lang='lat' dir='ltr'><strong>personaliter,</strong></span> 
     </span>
     <span class='ocr_line' id='line_1_51' title="bbox 191 5229 1837 5310; baseline 0.002 -18"><span class='ocrx_word' id='word_1_527' title='bbox 191 5231 367 5310; x_wconf 70' lang='lat' dir='ltr'><strong>mentibus,</strong></span> <span class='ocrx_word' id='word_1_528' title='bbox 383 5232 524 5293; x_wconf 88' lang='lat' dir='ltr'><strong>nuncius</strong></span> <span class='ocrx_word' id='word_1_529' title='bbox 539 5233 610 5308; x_wconf 89' lang='lat' dir='ltr'><strong>ipse</strong></span> <span class='ocrx_word' id='word_1_530' title='bbox 624 5233 687 5294; x_wconf 85' lang='lat' dir='ltr'><strong>iter</strong></span> <span class='ocrx_word' id='word_1_531' title='bbox 698 5232 740 5293; x_wconf 91' lang='lat' dir='ltr'><strong>ad</strong></span> <span class='ocrx_word' id='word_1_532' title='bbox 754 5249 815 5293; x_wconf 91' lang='lat' dir='ltr'><strong>nos</strong></span> <span class='ocrx_word' id='word_1_533' title='bbox 830 5233 985 5294; x_wconf 83' lang='lat' dir='ltr'><strong>veniendi</strong></span> <span class='ocrx_word' id='word_1_534' title='bbox 1040 5229 1217 5307; x_wconf 91' lang='lat' dir='ltr'><strong>complices</strong></span> <span class='ocrx_word' id='word_1_535' title='bbox 1238 5244 1320 5292; x_wconf 86' lang='lat' dir='ltr'><strong>vero</strong></span> <span class='ocrx_word' id='word_1_536' title='bbox 1339 5232 1413 5308; x_wconf 80' lang='lat' dir='ltr'><strong>eJ‘us</strong></span> <span class='ocrx_word' id='word_1_537' title='bbox 1432 5247 1492 5308; x_wconf 92' lang='lat' dir='ltr'><strong>per</strong></span> <span class='ocrx_word' id='word_1_538' title='bbox 1508 5234 1745 5309; x_wconf 87' lang='lat' dir='ltr'><strong>procuratores</strong></span> <span class='ocrx_word' id='word_1_539' title='bbox 1759 5234 1837 5296; x_wconf 89' lang='lat' dir='ltr'><strong>ido·</strong></span> 
     </span>
     <span class='ocr_line' id='line_1_52' title="bbox 186 5327 1839 5410; baseline 0.001 -19"><span class='ocrx_word' id='word_1_540' title='bbox 186 5329 383 5407; x_wconf 88' lang='lat' dir='ltr'><strong>jamdudum</strong></span> <span class='ocrx_word' id='word_1_541' title='bbox 394 5331 482 5390; x_wconf 89' lang='lat' dir='ltr'><strong>esset</strong></span> <span class='ocrx_word' id='word_1_542' title='bbox 496 5345 683 5404; x_wconf 80' lang='lat' dir='ltr'><strong>aggressus,</strong></span> <span class='ocrx_word' id='word_1_543' title='bbox 694 5330 842 5406; x_wconf 87' lang='lat' dir='ltr'><strong>praedicti</strong></span> <span class='ocrx_word' id='word_1_544' title='bbox 858 5331 986 5391; x_wconf 91' lang='lat' dir='ltr'><strong>cancel·</strong></span> <span class='ocrx_word' id='word_1_545' title='bbox 1040 5344 1131 5399; x_wconf 88' lang='lat' dir='ltr'><strong>neos,</strong></span> <span class='ocrx_word' id='word_1_546' title='bbox 1144 5328 1180 5388; x_wconf 93' lang='lat' dir='ltr'><strong>in</strong></span> <span class='ocrx_word' id='word_1_547' title='bbox 1191 5327 1317 5389; x_wconf 84' lang='lat' dir='ltr'><strong>octavis</strong></span> <span class='ocrx_word' id='word_1_548' title='bbox 1330 5329 1367 5388; x_wconf 90' lang='lat' dir='ltr'><strong>B.</strong></span> <span class='ocrx_word' id='word_1_549' title='bbox 1380 5328 1555 5391; x_wconf 84' lang='lat' dir='ltr'><strong>Michaelis</strong></span> <span class='ocrx_word' id='word_1_550' title='bbox 1567 5331 1745 5407; x_wconf 84' lang='lat' dir='ltr'><strong>proximis,</strong></span> <span class='ocrx_word' id='word_1_551' title='bbox 1755 5347 1839 5410; x_wconf 81' lang='lat' dir='ltr'><strong>quas</strong></span> 
     </span>
     <span class='ocr_line' id='line_1_53' title="bbox 190 5425 1840 5505; baseline 0.002 -19"><span class='ocrx_word' id='word_1_552' title='bbox 190 5427 297 5488; x_wconf 88' lang='lat' dir='ltr'><strong>larius</strong></span> <span class='ocrx_word' id='word_1_553' title='bbox 319 5429 352 5490; x_wconf 87' lang='lat' dir='ltr'><strong>et</strong></span> <span class='ocrx_word' id='word_1_554' title='bbox 374 5427 553 5503; x_wconf 89' lang='lat' dir='ltr'><strong>complices</strong></span> <span class='ocrx_word' id='word_1_555' title='bbox 574 5429 662 5503; x_wconf 88' lang='lat' dir='ltr'><strong>ejus,</strong></span> <span class='ocrx_word' id='word_1_556' title='bbox 688 5429 875 5505; x_wconf 89' lang='lat' dir='ltr'><strong>contempto</strong></span> <span class='ocrx_word' id='word_1_557' title='bbox 899 5427 984 5504; x_wconf 92' lang='lat' dir='ltr'><strong>quod</strong></span> <span class='ocrx_word' id='word_1_558' title='bbox 1040 5426 1089 5488; x_wconf 90' lang='lat' dir='ltr'><strong>eis</strong></span> <span class='ocrx_word' id='word_1_559' title='bbox 1104 5425 1361 5503; x_wconf 89' lang='lat' dir='ltr'><strong>peremptorium</strong></span> <span class='ocrx_word' id='word_1_560' title='bbox 1373 5425 1596 5501; x_wconf 80' lang='lat' dir='ltr'><strong>assignamus,</strong></span> <span class='ocrx_word' id='word_1_561' title='bbox 1605 5428 1840 5505; x_wconf 82' lang='lat' dir='ltr'><strong>apostolicose</strong></span> 
     </span>
    </p>
   </div>
   <div class='ocr_carea' id='block_1_7' title="bbox 226 5626 1799 5701">
    <p class='ocr_par' dir='ltr' id='par_1_8' title="bbox 226 5626 1799 5701">
     <span class='ocr_line' id='line_1_54' title="bbox 226 5626 1799 5701; baseline 0.001 -17"><span class='ocrx_word' id='word_1_562' title='bbox 226 5630 265 5698; x_wconf 79' lang='lat' dir='ltr'><strong>tl)</strong></span> <span class='ocrx_word' id='word_1_563' title='bbox 280 5628 490 5686; x_wconf 79' lang='lat' dir='ltr'><strong>Recurrendum</strong></span> <span class='ocrx_word' id='word_1_564' title='bbox 505 5628 538 5686; x_wconf 85' lang='lat' dir='ltr'><strong>ad</strong></span> <span class='ocrx_word' id='word_1_565' title='bbox 550 5630 620 5686; x_wconf 87' lang='lat' dir='ltr'><strong>alias</strong></span> <span class='ocrx_word' id='word_1_566' title='bbox 632 5629 747 5687; x_wconf 90' lang='lat' dir='ltr'><strong>lionorii</strong></span> <span class='ocrx_word' id='word_1_567' title='bbox 758 5630 866 5686; x_wconf 84' lang='lat' dir='ltr'><strong>litteras</strong></span> <span class='ocrx_word' id='word_1_568' title='bbox 881 5628 915 5685; x_wconf 90' lang='lat' dir='ltr'><strong>ad</strong></span> <span class='ocrx_word' id='word_1_569' title='bbox 927 5627 1097 5698; x_wconf 88' lang='lat' dir='ltr'><strong>archiepisc.</strong></span> <span class='ocrx_word' id='word_1_570' title='bbox 1109 5626 1329 5700; x_wconf 74' lang='lat' dir='ltr'><strong>hotbomngm,</strong></span> <span class='ocrx_word' id='word_1_571' title='bbox 1340 5643 1386 5700; x_wconf 88' lang='lat' dir='ltr'><strong>ep.</strong></span> <span class='ocrx_word' id='word_1_572' title='bbox 1397 5629 1450 5685; x_wconf 79' lang='lat' dir='ltr'><strong>iiii</strong></span> <span class='ocrx_word' id='word_1_573' title='bbox 1464 5627 1549 5701; x_wconf 85' lang='lat' dir='ltr'><strong>hujus</strong></span> <span class='ocrx_word' id='word_1_574' title='bbox 1560 5629 1729 5700; x_wconf 88' lang='lat' dir='ltr'><strong>iib.iii‚col.</strong></span> <span class='ocrx_word' id='word_1_575' title='bbox 1738 5631 1799 5687; x_wconf 78' lang='lat' dir='ltr'><strong>lii.</strong></span> 
     </span>
    </p>
   </div>
   <div class='ocr_carea' id='block_1_8' title="bbox 0 0 1892 6181">
    <p class='ocr_par' dir='ltr' id='par_1_9' title="bbox 0 0 1892 6181">
     <span class='ocr_line' id='line_1_55' title="bbox 0 0 1892 6181; baseline 0 0"><span class='ocrx_word' id='word_1_576' title='bbox 0 0 1892 6181; x_wconf 95' lang='lat' dir='ltr'><strong> </strong></span> 
     </span>
    </p>
   </div>
  </div>
 </body>
</html>
