<?xml version="1.0" encoding="UTF-8"?>
<!DOCTYPE html PUBLIC "-//W3C//DTD XHTML 1.0 Transitional//EN"
    "http://www.w3.org/TR/xhtml1/DTD/xhtml1-transitional.dtd">
<html xmlns="http://www.w3.org/1999/xhtml" xml:lang="en" lang="en">
 <head>
  <title>
</title>
<meta http-equiv="Content-Type" content="text/html;charset=utf-8" />
  <meta name='ocr-system' content='tesseract 3.04.00' />
  <meta name='ocr-capabilities' content='ocr_page ocr_carea ocr_par ocr_line ocrx_word'/>
</head>
<body>
  <div class='ocr_page' id='page_1' title='image "./mediiaevibiblio00horogoog_0326.png"; bbox 0 0 3774 6186; ppageno 0'>
   <div class='ocr_carea' id='block_1_1' title="bbox 121 303 181 362">
    <p class='ocr_par' dir='ltr' id='par_1_1' title="bbox 121 303 181 362">
     <span class='ocr_line' id='line_1_1' title="bbox 121 303 181 362; baseline -0.067 1"><span class='ocrx_word' id='word_1_1' title='bbox 121 303 181 362; x_wconf 80' lang='lat' dir='ltr'><strong>ott</strong></span> 
     </span>
    </p>
   </div>
   <div class='ocr_carea' id='block_1_2' title="bbox 122 460 920 734">
    <p class='ocr_par' dir='ltr' id='par_1_2' title="bbox 122 460 920 734">
     <span class='ocr_line' id='line_1_2' title="bbox 122 460 919 536; baseline -0.001 -15"><span class='ocrx_word' id='word_1_2' title='bbox 122 460 227 521; x_wconf 89' lang='lat' dir='ltr'><strong>ratur.</strong></span> <span class='ocrx_word' id='word_1_3' title='bbox 252 460 343 521; x_wconf 89' lang='lat' dir='ltr'>Nulli</span> <span class='ocrx_word' id='word_1_4' title='bbox 358 476 448 536; x_wconf 88' lang='lat' dir='ltr'><strong>erg0,</strong></span> <span class='ocrx_word' id='word_1_5' title='bbox 466 462 540 528; x_wconf 81' lang='lat' dir='ltr'><strong>etc,</strong></span> <span class='ocrx_word' id='word_1_6' title='bbox 555 461 677 520; x_wconf 87' lang='lat' dir='ltr'><strong>nostrae</strong></span> <span class='ocrx_word' id='word_1_7' title='bbox 694 460 919 521; x_wconf 77' lang='lat' dir='ltr'><strong>concessionis</strong></span> 
     </span>
     <span class='ocr_line' id='line_1_3' title="bbox 123 557 920 634; baseline 0.001 -16"><span class='ocrx_word' id='word_1_8' title='bbox 123 557 317 632; x_wconf 80' lang='lat' dir='ltr'><strong>iufringere.</strong></span> <span class='ocrx_word' id='word_1_9' title='bbox 345 559 379 619; x_wconf 89' lang='lat' dir='ltr'><strong>Sl</strong></span> <span class='ocrx_word' id='word_1_10' title='bbox 396 559 468 634; x_wconf 89' lang='lat' dir='ltr'><strong>quis</strong></span> <span class='ocrx_word' id='word_1_11' title='bbox 484 559 605 628; x_wconf 88' lang='lat' dir='ltr'><strong>autem,</strong></span> <span class='ocrx_word' id='word_1_12' title='bbox 623 559 684 618; x_wconf 90' lang='lat' dir='ltr'><strong>etc.</strong></span> <span class='ocrx_word' id='word_1_13' title='bbox 712 560 830 618; x_wconf 90' lang='lat' dir='ltr'><strong>Datum</strong></span> <span class='ocrx_word' id='word_1_14' title='bbox 852 560 920 619; x_wconf 92' lang='lat' dir='ltr'><strong>La-</strong></span> 
     </span>
     <span class='ocr_line' id='line_1_4' title="bbox 122 656 878 734; baseline 0.001 -20"><span class='ocrx_word' id='word_1_15' title='bbox 122 657 242 730; x_wconf 91' lang='lat' dir='ltr'><strong>terani,</strong></span> <span class='ocrx_word' id='word_1_16' title='bbox 260 658 289 717; x_wconf 85' lang='lat' dir='ltr'>X</span> <span class='ocrx_word' id='word_1_17' title='bbox 302 656 462 718; x_wconf 83' lang='lat' dir='ltr'><strong>kalendas</strong></span> <span class='ocrx_word' id='word_1_18' title='bbox 471 658 631 734; x_wconf 89' lang='lat' dir='ltr'><strong>januarii,</strong></span> <span class='ocrx_word' id='word_1_19' title='bbox 650 672 737 716; x_wconf 92' lang='lat' dir='ltr'><strong>anno</strong></span> <span class='ocrx_word' id='word_1_20' title='bbox 753 656 878 733; x_wconf 80' lang='lat' dir='ltr'><strong>quinto,</strong></span> 
     </span>
    </p>
   </div>
   <div class='ocr_carea' id='block_1_3' title="bbox 475 869 572 959">
    <p class='ocr_par' dir='ltr' id='par_1_3' title="bbox 475 869 572 959">
     <span class='ocr_line' id='line_1_5' title="bbox 475 869 572 959; baseline -0.031 0"><span class='ocrx_word' id='word_1_21' title='bbox 475 869 572 959; x_wconf 87' lang='lat' dir='ltr'><strong>CLV</strong></span> 
     </span>
    </p>
   </div>
   <div class='ocr_carea' id='block_1_4' title="bbox 285 1008 761 1078">
    <p class='ocr_par' dir='ltr' id='par_1_4' title="bbox 285 1008 761 1078">
     <span class='ocr_line' id='line_1_6' title="bbox 285 1008 761 1078; baseline -0.011 -11"><span class='ocrx_word' id='word_1_22' title='bbox 285 1008 337 1066; x_wconf 79' lang='lat' dir='ltr'><strong>Ad</strong></span> <span class='ocrx_word' id='word_1_23' title='bbox 351 1008 544 1078; x_wconf 81' lang='lat' dir='ltr'><strong>episcopum</strong></span> <span class='ocrx_word' id='word_1_24' title='bbox 562 1008 761 1066; x_wconf 79' lang='lat' dir='ltr'><strong>thdcnsem.</strong></span> 
     </span>
    </p>
   </div>
   <div class='ocr_carea' id='block_1_5' title="bbox 151 1127 884 1303">
    <p class='ocr_par' dir='ltr' id='par_1_5' title="bbox 151 1127 884 1303">
     <span class='ocr_line' id='line_1_7' title="bbox 385 1127 665 1184; baseline -0.011 0"><span class='ocrx_word' id='word_1_25' title='bbox 385 1127 420 1184; x_wconf 77' lang='lat'><strong>23</strong></span> <span class='ocrx_word' id='word_1_26' title='bbox 435 1127 564 1183; x_wconf 92' lang='lat' dir='ltr'><strong>decemb.</strong></span> <span class='ocrx_word' id='word_1_27' title='bbox 588 1127 665 1184; x_wconf 78' lang='lat' dir='ltr'><strong>taso.</strong></span> 
     </span>
     <span class='ocr_line' id='line_1_8' title="bbox 151 1237 884 1303; baseline -0.004 -13"><span class='ocrx_word' id='word_1_28' title='bbox 151 1241 271 1303; x_wconf 67' lang='lat' dir='ltr'><strong>[Regem.</strong></span> <span class='ocrx_word' id='word_1_29' title='bbox 286 1238 331 1289; x_wconf 91' lang='lat' dir='ltr'><strong>lib.</strong></span> <span class='ocrx_word' id='word_1_30' title='bbox 346 1240 376 1296; x_wconf 86' lang='lat' dir='ltr'><strong>V,</strong></span> <span class='ocrx_word' id='word_1_31' title='bbox 389 1240 461 1302; x_wconf 88' lang='lat' dir='ltr'><strong>epist.</strong></span> <span class='ocrx_word' id='word_1_32' title='bbox 473 1238 527 1287; x_wconf 76' lang='lat'><strong>287.</strong></span> <span class='ocrx_word' id='word_1_33' title='bbox 542 1240 600 1290; x_wconf 78' lang='lat' dir='ltr'><strong>tiss.</strong></span> <span class='ocrx_word' id='word_1_34' title='bbox 614 1239 649 1289; x_wconf 84' lang='lat' dir='ltr'><strong>La</strong></span> <span class='ocrx_word' id='word_1_35' title='bbox 661 1237 884 1301; x_wconf 67' lang='lat' dir='ltr'><strong>conscribsit]</strong></span> 
     </span>
    </p>
   </div>
   <div class='ocr_carea' id='block_1_6' title="bbox 125 1344 922 1580">
    <p class='ocr_par' dir='ltr' id='par_1_6' title="bbox 125 1344 922 1580">
     <span class='ocr_line' id='line_1_9' title="bbox 125 1344 921 1418; baseline -0.004 -15"><span class='ocrx_word' id='word_1_36' title='bbox 125 1345 257 1418; x_wconf 85' lang='lat' dir='ltr'><strong>indulget</strong></span> <span class='ocrx_word' id='word_1_37' title='bbox 274 1347 301 1403; x_wconf 91' lang='lat' dir='ltr'><strong>ei</strong></span> <span class='ocrx_word' id='word_1_38' title='bbox 316 1353 345 1402; x_wconf 90' lang='lat' dir='ltr'><strong>ut</strong></span> <span class='ocrx_word' id='word_1_39' title='bbox 364 1345 470 1402; x_wconf 86' lang='lat' dir='ltr'><strong>tructus</strong></span> <span class='ocrx_word' id='word_1_40' title='bbox 491 1344 695 1402; x_wconf 78' lang='lat' dir='ltr'><strong>beneficiorum</strong></span> <span class='ocrx_word' id='word_1_41' title='bbox 715 1344 847 1401; x_wconf 74' lang='lat' dir='ltr'><strong>diaecesis</strong></span> <span class='ocrx_word' id='word_1_42' title='bbox 862 1359 921 1400; x_wconf 76' lang='lat' dir='ltr'><strong>sure</strong></span> 
     </span>
     <span class='ocr_line' id='line_1_10' title="bbox 159 1433 922 1505; baseline -0.003 -15"><span class='ocrx_word' id='word_1_43' title='bbox 159 1434 232 1491; x_wconf 83' lang='lat' dir='ltr'><strong>intra</strong></span> <span class='ocrx_word' id='word_1_44' title='bbox 244 1435 397 1490; x_wconf 88' lang='lat' dir='ltr'><strong>triennium</strong></span> <span class='ocrx_word' id='word_1_45' title='bbox 410 1435 584 1502; x_wconf 88' lang='lat' dir='ltr'><strong>vacantium,</strong></span> <span class='ocrx_word' id='word_1_46' title='bbox 595 1433 711 1490; x_wconf 89' lang='lat' dir='ltr'><strong>biennio</strong></span> <span class='ocrx_word' id='word_1_47' title='bbox 724 1434 845 1490; x_wconf 86' lang='lat' dir='ltr'><strong>retinere</strong></span> <span class='ocrx_word' id='word_1_48' title='bbox 861 1448 922 1505; x_wconf 88' lang='lat' dir='ltr'><strong>pos·</strong></span> 
     </span>
     <span class='ocr_line' id='line_1_11' title="bbox 161 1522 890 1580; baseline -0.005 0"><span class='ocrx_word' id='word_1_49' title='bbox 161 1525 196 1580; x_wconf 88' lang='lat' dir='ltr'><strong>sit</strong></span> <span class='ocrx_word' id='word_1_50' title='bbox 210 1522 244 1580; x_wconf 88' lang='lat' dir='ltr'><strong>ad</strong></span> <span class='ocrx_word' id='word_1_51' title='bbox 261 1525 491 1580; x_wconf 78' lang='lat' dir='ltr'><strong>extenuationem</strong></span> <span class='ocrx_word' id='word_1_52' title='bbox 507 1522 666 1579; x_wconf 88' lang='lat' dir='ltr'><strong>debitorum</strong></span> <span class='ocrx_word' id='word_1_53' title='bbox 679 1522 809 1578; x_wconf 80' lang='lat' dir='ltr'><strong>ecclesie</strong></span> <span class='ocrx_word' id='word_1_54' title='bbox 821 1537 890 1579; x_wconf 88' lang='lat' dir='ltr'><strong>suae.</strong></span> 
     </span>
    </p>
   </div>
   <div class='ocr_carea' id='block_1_7' title="bbox 122 1646 922 3185">
    <p class='ocr_par' dir='ltr' id='par_1_7' title="bbox 126 1646 918 1823">
     <span class='ocr_line' id='line_1_12' title="bbox 166 1646 918 1720; baseline -0.001 -12"><span class='ocrx_word' id='word_1_55' title='bbox 166 1648 349 1719; x_wconf 85' lang='lat' dir='ltr'><strong>Honorius,</strong></span> <span class='ocrx_word' id='word_1_56' title='bbox 377 1650 452 1720; x_wconf 83' lang='lat' dir='ltr'><strong>etc,</strong></span> <span class='ocrx_word' id='word_1_57' title='bbox 470 1648 654 1709; x_wconf 82' lang='lat' dir='ltr'><strong>venerabili</strong></span> <span class='ocrx_word' id='word_1_58' title='bbox 676 1646 770 1707; x_wconf 86' lang='lat' dir='ltr'><strong>tratri</strong></span> <span class='ocrx_word' id='word_1_59' title='bbox 791 1647 918 1709; x_wconf 89' lang='lat' dir='ltr'><strong>Tullen.</strong></span> 
     </span>
     <span class='ocr_line' id='line_1_13' title="bbox 126 1745 293 1823; baseline -0.012 -16"><span class='ocrx_word' id='word_1_60' title='bbox 126 1745 293 1823; x_wconf 88' lang='lat' dir='ltr'><strong>episcopo.</strong></span> 
     </span>
    </p>

    <p class='ocr_par' dir='ltr' id='par_1_8' title="bbox 122 1843 922 3185">
     <span class='ocr_line' id='line_1_14' title="bbox 165 1843 921 1921; baseline 0 -19"><span class='ocrx_word' id='word_1_61' title='bbox 165 1843 248 1914; x_wconf 87' lang='lat' dir='ltr'><strong>Quia</strong></span> <span class='ocrx_word' id='word_1_62' title='bbox 285 1843 493 1920; x_wconf 86' lang='lat' dir='ltr'><strong>episcopatus</strong></span> <span class='ocrx_word' id='word_1_63' title='bbox 528 1844 604 1905; x_wconf 90' lang='lat' dir='ltr'><strong>tuus</strong></span> <span class='ocrx_word' id='word_1_64' title='bbox 639 1845 731 1905; x_wconf 90' lang='lat' dir='ltr'><strong>tanto</strong></span> <span class='ocrx_word' id='word_1_65' title='bbox 761 1844 921 1921; x_wconf 91' lang='lat' dir='ltr'><strong>premitur</strong></span> 
     </span>
     <span class='ocr_line' id='line_1_15' title="bbox 123 1940 920 2018; baseline 0.001 -18"><span class='ocrx_word' id='word_1_66' title='bbox 123 1955 225 2000; x_wconf 89' lang='lat' dir='ltr'><strong>onere</strong></span> <span class='ocrx_word' id='word_1_67' title='bbox 247 1940 431 2001; x_wconf 89' lang='lat' dir='ltr'><strong>debitorum</strong></span> <span class='ocrx_word' id='word_1_68' title='bbox 448 1941 560 2018; x_wconf 89' lang='lat' dir='ltr'><strong>aliquo</strong></span> <span class='ocrx_word' id='word_1_69' title='bbox 576 1941 722 2002; x_wconf 91' lang='lat' dir='ltr'><strong>remedio</strong></span> <span class='ocrx_word' id='word_1_70' title='bbox 738 1941 920 2002; x_wconf 85' lang='lat' dir='ltr'><strong>subvenia-</strong></span> 
     </span>
     <span class='ocr_line' id='line_1_16' title="bbox 122 2037 920 2108; baseline 0.001 -10"><span class='ocrx_word' id='word_1_71' title='bbox 122 2039 178 2098; x_wconf 89' lang='lat' dir='ltr'><strong>tur</strong></span> <span class='ocrx_word' id='word_1_72' title='bbox 205 2037 323 2108; x_wconf 92' lang='lat' dir='ltr'><strong>eidem,</strong></span> <span class='ocrx_word' id='word_1_73' title='bbox 354 2040 502 2098; x_wconf 85' lang='lat' dir='ltr'><strong>extrema</strong></span> <span class='ocrx_word' id='word_1_74' title='bbox 526 2039 683 2100; x_wconf 85' lang='lat' dir='ltr'><strong>timeatur</strong></span> <span class='ocrx_word' id='word_1_75' title='bbox 702 2040 733 2099; x_wconf 95' lang='lat' dir='ltr'><strong>ei</strong></span> <span class='ocrx_word' id='word_1_76' title='bbox 760 2038 920 2100; x_wconf 86' lang='lat' dir='ltr'><strong>desolatio</strong></span> 
     </span>
     <span class='ocr_line' id='line_1_17' title="bbox 124 2135 919 2212; baseline 0.003 -18"><span class='ocrx_word' id='word_1_77' title='bbox 124 2135 310 2205; x_wconf 90' lang='lat' dir='ltr'><strong>imminere,</strong></span> <span class='ocrx_word' id='word_1_78' title='bbox 327 2137 524 2196; x_wconf 86' lang='lat' dir='ltr'><strong>auctoritate</strong></span> <span class='ocrx_word' id='word_1_79' title='bbox 546 2135 604 2197; x_wconf 92' lang='lat' dir='ltr'><strong>tibi</strong></span> <span class='ocrx_word' id='word_1_80' title='bbox 627 2136 839 2212; x_wconf 88' lang='lat' dir='ltr'><strong>praesentium</strong></span> <span class='ocrx_word' id='word_1_81' title='bbox 863 2137 919 2196; x_wconf 92' lang='lat' dir='ltr'><strong>in-</strong></span> 
     </span>
     <span class='ocr_line' id='line_1_18' title="bbox 124 2231 921 2306; baseline 0.005 -16"><span class='ocrx_word' id='word_1_82' title='bbox 124 2231 308 2306; x_wconf 84' lang='lat' dir='ltr'><strong>dulgemus,</strong></span> <span class='ocrx_word' id='word_1_83' title='bbox 324 2236 359 2294; x_wconf 93' lang='lat' dir='ltr'><strong>ut</strong></span> <span class='ocrx_word' id='word_1_84' title='bbox 372 2231 498 2294; x_wconf 86' lang='lat' dir='ltr'><strong>tructus</strong></span> <span class='ocrx_word' id='word_1_85' title='bbox 511 2231 746 2293; x_wconf 81' lang='lat' dir='ltr'><strong>beneficiorum</strong></span> <span class='ocrx_word' id='word_1_86' title='bbox 761 2236 825 2295; x_wconf 83' lang='lat' dir='ltr'><strong>tuae</strong></span> <span class='ocrx_word' id='word_1_87' title='bbox 837 2233 921 2294; x_wconf 89' lang='lat' dir='ltr'><strong>dioe-</strong></span> 
     </span>
     <span class='ocr_line' id='line_1_19' title="bbox 123 2328 922 2392; baseline 0 -3"><span class='ocrx_word' id='word_1_88' title='bbox 123 2328 209 2389; x_wconf 82' lang='lat' dir='ltr'><strong>cesis</strong></span> <span class='ocrx_word' id='word_1_89' title='bbox 225 2331 457 2390; x_wconf 82' lang='lat' dir='ltr'><strong>vacaturorum</strong></span> <span class='ocrx_word' id='word_1_90' title='bbox 482 2330 568 2390; x_wconf 87' lang='lat' dir='ltr'><strong>inlra</strong></span> <span class='ocrx_word' id='word_1_91' title='bbox 593 2330 774 2392; x_wconf 90' lang='lat' dir='ltr'><strong>triennium</strong></span> <span class='ocrx_word' id='word_1_92' title='bbox 795 2331 854 2392; x_wconf 92' lang='lat' dir='ltr'><strong>tibi</strong></span> <span class='ocrx_word' id='word_1_93' title='bbox 880 2331 922 2390; x_wconf 94' lang='lat' dir='ltr'><strong>li·</strong></span> 
     </span>
     <span class='ocr_line' id='line_1_20' title="bbox 123 2425 920 2489; baseline 0.003 -3"><span class='ocrx_word' id='word_1_94' title='bbox 123 2427 197 2487; x_wconf 90' lang='lat' dir='ltr'><strong>ceat</strong></span> <span class='ocrx_word' id='word_1_95' title='bbox 230 2425 365 2487; x_wconf 91' lang='lat' dir='ltr'><strong>hiennio</strong></span> <span class='ocrx_word' id='word_1_96' title='bbox 399 2428 543 2488; x_wconf 91' lang='lat' dir='ltr'><strong>retinere</strong></span> <span class='ocrx_word' id='word_1_97' title='bbox 580 2427 613 2487; x_wconf 92' lang='lat' dir='ltr'><strong>in</strong></span> <span class='ocrx_word' id='word_1_98' title='bbox 650 2429 920 2489; x_wconf 80' lang='lat' dir='ltr'><strong>extenuationem</strong></span> 
     </span>
     <span class='ocr_line' id='line_1_21' title="bbox 123 2523 919 2599; baseline 0.005 -17"><span class='ocrx_word' id='word_1_99' title='bbox 123 2523 308 2583; x_wconf 90' lang='lat' dir='ltr'><strong>debitorum</strong></span> <span class='ocrx_word' id='word_1_100' title='bbox 351 2524 539 2599; x_wconf 84' lang='lat' dir='ltr'><strong>hujusmodi</strong></span> <span class='ocrx_word' id='word_1_101' title='bbox 579 2526 831 2597; x_wconf 70' lang='lat' dir='ltr'><strong>convertendos</strong></span> <span class='ocrx_word' id='word_1_102' title='bbox 873 2527 919 2586; x_wconf 92' lang='lat' dir='ltr'><strong>ita</strong></span> 
     </span>
     <span class='ocr_line' id='line_1_22' title="bbox 122 2620 919 2699; baseline 0.003 -18"><span class='ocrx_word' id='word_1_103' title='bbox 122 2622 234 2681; x_wconf 89' lang='lat' dir='ltr'><strong>tamen</strong></span> <span class='ocrx_word' id='word_1_104' title='bbox 251 2621 335 2697; x_wconf 80' lang='lat' dir='ltr'><strong>qtrod</strong></span> <span class='ocrx_word' id='word_1_105' title='bbox 354 2620 486 2681; x_wconf 90' lang='lat' dir='ltr'><strong>interim</strong></span> <span class='ocrx_word' id='word_1_106' title='bbox 497 2621 647 2682; x_wconf 89' lang='lat' dir='ltr'><strong>ecclesiis</strong></span> <span class='ocrx_word' id='word_1_107' title='bbox 670 2623 704 2682; x_wconf 92' lang='lat' dir='ltr'><strong>in</strong></span> <span class='ocrx_word' id='word_1_108' title='bbox 723 2622 841 2699; x_wconf 88' lang='lat' dir='ltr'><strong>quibus</strong></span> <span class='ocrx_word' id='word_1_109' title='bbox 856 2621 919 2683; x_wconf 90' lang='lat' dir='ltr'><strong>be-</strong></span> 
     </span>
     <span class='ocr_line' id='line_1_23' title="bbox 124 2717 920 2796; baseline 0.005 -19"><span class='ocrx_word' id='word_1_110' title='bbox 124 2717 244 2778; x_wconf 79' lang='lat' dir='ltr'><strong>neflcia</strong></span> <span class='ocrx_word' id='word_1_111' title='bbox 265 2718 338 2794; x_wconf 89' lang='lat' dir='ltr'><strong>ipsa</strong></span> <span class='ocrx_word' id='word_1_112' title='bbox 357 2734 478 2779; x_wconf 87' lang='lat' dir='ltr'><strong>vacare</strong></span> <span class='ocrx_word' id='word_1_113' title='bbox 502 2719 689 2794; x_wconf 87' lang='lat' dir='ltr'><strong>contigerit,</strong></span> <span class='ocrx_word' id='word_1_114' title='bbox 711 2735 770 2796; x_wconf 92' lang='lat' dir='ltr'><strong>per</strong></span> <span class='ocrx_word' id='word_1_115' title='bbox 784 2720 920 2782; x_wconf 90' lang='lat' dir='ltr'><strong>idoneos</strong></span> 
     </span>
     <span class='ocr_line' id='line_1_24' title="bbox 124 2815 918 2892; baseline 0.005 -19"><span class='ocrx_word' id='word_1_116' title='bbox 124 2815 228 2874; x_wconf 84' lang='lat' dir='ltr'><strong>iacias</strong></span> <span class='ocrx_word' id='word_1_117' title='bbox 252 2815 397 2876; x_wconf 89' lang='lat' dir='ltr'><strong>vicarios</strong></span> <span class='ocrx_word' id='word_1_118' title='bbox 421 2815 594 2876; x_wconf 80' lang='lat' dir='ltr'><strong>deserviri.</strong></span> <span class='ocrx_word' id='word_1_119' title='bbox 618 2815 709 2876; x_wconf 91' lang='lat' dir='ltr'><strong>Nulli</strong></span> <span class='ocrx_word' id='word_1_120' title='bbox 725 2832 816 2892; x_wconf 86' lang='lat' dir='ltr'><strong>erge,</strong></span> <span class='ocrx_word' id='word_1_121' title='bbox 842 2820 918 2889; x_wconf 83' lang='lat' dir='ltr'><strong>etc,</strong></span> 
     </span>
     <span class='ocr_line' id='line_1_25' title="bbox 123 2912 921 2990; baseline 0.001 -18"><span class='ocrx_word' id='word_1_122' title='bbox 123 2914 248 2973; x_wconf 89' lang='lat' dir='ltr'><strong>nostrae</strong></span> <span class='ocrx_word' id='word_1_123' title='bbox 260 2913 486 2973; x_wconf 89' lang='lat' dir='ltr'><strong>concessionis</strong></span> <span class='ocrx_word' id='word_1_124' title='bbox 501 2912 695 2988; x_wconf 84' lang='lat' dir='ltr'><strong>intringere.</strong></span> <span class='ocrx_word' id='word_1_125' title='bbox 713 2914 747 2973; x_wconf 88' lang='lat' dir='ltr'><strong>Si</strong></span> <span class='ocrx_word' id='word_1_126' title='bbox 764 2914 838 2990; x_wconf 87' lang='lat' dir='ltr'><strong>quis</strong></span> <span class='ocrx_word' id='word_1_127' title='bbox 858 2930 921 2973; x_wconf 91' lang='lat' dir='ltr'><strong>au-</strong></span> 
     </span>
     <span class='ocr_line' id='line_1_26' title="bbox 123 3009 919 3088; baseline 0.003 -19"><span class='ocrx_word' id='word_1_128' title='bbox 123 3011 281 3077; x_wconf 77' lang='lat' dir='ltr'><strong>temeto.</strong></span> <span class='ocrx_word' id='word_1_129' title='bbox 306 3011 424 3070; x_wconf 84' lang='lat' dir='ltr'><strong>Datum</strong></span> <span class='ocrx_word' id='word_1_130' title='bbox 451 3011 618 3081; x_wconf 89' lang='lat' dir='ltr'><strong>Laterani,</strong></span> <span class='ocrx_word' id='word_1_131' title='bbox 637 3012 666 3070; x_wconf 89' lang='lat' dir='ltr'>X</span> <span class='ocrx_word' id='word_1_132' title='bbox 690 3009 850 3071; x_wconf 84' lang='lat' dir='ltr'><strong>kalendas</strong></span> <span class='ocrx_word' id='word_1_133' title='bbox 863 3013 919 3088; x_wconf 91' lang='lat' dir='ltr'><strong>ja·</strong></span> 
     </span>
     <span class='ocr_line' id='line_1_27' title="bbox 124 3105 836 3185; baseline 0 -18"><span class='ocrx_word' id='word_1_134' title='bbox 124 3105 249 3176; x_wconf 88' lang='lat' dir='ltr'><strong>nuarii,</strong></span> <span class='ocrx_word' id='word_1_135' title='bbox 265 3106 476 3183; x_wconf 85' lang='lat' dir='ltr'><strong>pontificatus</strong></span> <span class='ocrx_word' id='word_1_136' title='bbox 488 3108 592 3168; x_wconf 86' lang='lat' dir='ltr'><strong>nostri</strong></span> <span class='ocrx_word' id='word_1_137' title='bbox 609 3123 698 3168; x_wconf 90' lang='lat' dir='ltr'><strong>anno</strong></span> <span class='ocrx_word' id='word_1_138' title='bbox 712 3108 836 3185; x_wconf 84' lang='lat' dir='ltr'><strong>quintu.</strong></span> 
     </span>
    </p>
   </div>
   <div class='ocr_carea' id='block_1_8' title="bbox 461 3330 578 3417">
    <p class='ocr_par' dir='ltr' id='par_1_9' title="bbox 461 3330 578 3417">
     <span class='ocr_line' id='line_1_28' title="bbox 461 3330 578 3417; baseline 0.009 -1"><span class='ocrx_word' id='word_1_139' title='bbox 461 3330 578 3417; x_wconf 84' lang='lat' dir='ltr'><strong>utvl</strong></span> 
     </span>
    </p>
   </div>
   <div class='ocr_carea' id='block_1_9' title="bbox 124 3473 921 3629">
    <p class='ocr_par' dir='ltr' id='par_1_10' title="bbox 124 3473 921 3629">
     <span class='ocr_line' id='line_1_29' title="bbox 124 3473 921 3546; baseline 0.004 -15"><span class='ocrx_word' id='word_1_140' title='bbox 124 3474 175 3531; x_wconf 81' lang='lat' dir='ltr'><strong>Ad</strong></span> <span class='ocrx_word' id='word_1_141' title='bbox 207 3474 365 3544; x_wconf 77' lang='lat' dir='ltr'><strong>priorem</strong></span> <span class='ocrx_word' id='word_1_142' title='bbox 397 3473 586 3543; x_wconf 75' lang='lat' dir='ltr'><strong>Hospitalis</strong></span> <span class='ocrx_word' id='word_1_143' title='bbox 613 3475 921 3546; x_wconf 78' lang='lat' dir='ltr'><strong>Hierosolpmttont</strong></span> 
     </span>
     <span class='ocr_line' id='line_1_30' title="bbox 408 3572 631 3629; baseline 0.004 -1"><span class='ocrx_word' id='word_1_144' title='bbox 408 3572 443 3628; x_wconf 82' lang='lat' dir='ltr'><strong>tn</strong></span> <span class='ocrx_word' id='word_1_145' title='bbox 468 3573 631 3629; x_wconf 82' lang='lat' dir='ltr'><strong>Frottct&#39;o.</strong></span> 
     </span>
    </p>
   </div>
   <div class='ocr_carea' id='block_1_10' title="bbox 166 3690 883 3871">
    <p class='ocr_par' dir='ltr' id='par_1_11' title="bbox 166 3690 883 3871">
     <span class='ocr_line' id='line_1_31' title="bbox 384 3690 662 3748; baseline 0.007 -2"><span class='ocrx_word' id='word_1_146' title='bbox 384 3691 418 3747; x_wconf 69' lang='lat'><strong>23</strong></span> <span class='ocrx_word' id='word_1_147' title='bbox 433 3690 562 3747; x_wconf 88' lang='lat' dir='ltr'><strong>decemb.</strong></span> <span class='ocrx_word' id='word_1_148' title='bbox 585 3692 662 3748; x_wconf 71' lang='lat' dir='ltr'><strong>leto.</strong></span> 
     </span>
     <span class='ocr_line' id='line_1_32' title="bbox 166 3805 883 3871; baseline 0.001 -16"><span class='ocrx_word' id='word_1_149' title='bbox 166 3807 287 3870; x_wconf 71' lang='lat' dir='ltr'><strong>[degeat.</strong></span> <span class='ocrx_word' id='word_1_150' title='bbox 297 3805 378 3863; x_wconf 84' lang='lat' dir='ltr'><strong>libll,</strong></span> <span class='ocrx_word' id='word_1_151' title='bbox 391 3806 465 3869; x_wconf 81' lang='lat' dir='ltr'><strong>epist.</strong></span> <span class='ocrx_word' id='word_1_152' title='bbox 478 3806 532 3854; x_wconf 76' lang='lat'><strong>282.</strong></span> <span class='ocrx_word' id='word_1_153' title='bbox 546 3807 602 3856; x_wconf 84' lang='lat' dir='ltr'><strong>llss.</strong></span> <span class='ocrx_word' id='word_1_154' title='bbox 613 3807 648 3856; x_wconf 85' lang='lat' dir='ltr'><strong>La</strong></span> <span class='ocrx_word' id='word_1_155' title='bbox 660 3807 735 3856; x_wconf 73' lang='lat' dir='ltr'><strong>Poste</strong></span> <span class='ocrx_word' id='word_1_156' title='bbox 745 3807 779 3856; x_wconf 93' lang='lat' dir='ltr'><strong>du</strong></span> <span class='ocrx_word' id='word_1_157' title='bbox 790 3807 883 3871; x_wconf 78' lang='lat' dir='ltr'><strong>Theti]</strong></span> 
     </span>
    </p>
   </div>
   <div class='ocr_carea' id='block_1_11' title="bbox 124 3912 920 4148">
    <p class='ocr_par' dir='ltr' id='par_1_12' title="bbox 124 3912 920 4148">
     <span class='ocr_line' id='line_1_33' title="bbox 124 3912 919 3985; baseline 0.004 -17"><span class='ocrx_word' id='word_1_158' title='bbox 124 3912 202 3969; x_wconf 79' lang='lat' dir='ltr'><strong>Facit</strong></span> <span class='ocrx_word' id='word_1_159' title='bbox 227 3913 252 3968; x_wconf 91' lang='lat' dir='ltr'><strong>ei</strong></span> <span class='ocrx_word' id='word_1_160' title='bbox 280 3918 450 3984; x_wconf 88' lang='lat' dir='ltr'><strong>potestatem</strong></span> <span class='ocrx_word' id='word_1_161' title='bbox 478 3912 618 3969; x_wconf 88' lang='lat' dir='ltr'><strong>retinendi</strong></span> <span class='ocrx_word' id='word_1_162' title='bbox 645 3913 673 3968; x_wconf 91' lang='lat' dir='ltr'><strong>in</strong></span> <span class='ocrx_word' id='word_1_163' title='bbox 700 3929 753 3970; x_wconf 88' lang='lat' dir='ltr'><strong>suo</strong></span> <span class='ocrx_word' id='word_1_164' title='bbox 780 3915 919 3985; x_wconf 86' lang='lat' dir='ltr'><strong>Hospitsli</strong></span> 
     </span>
     <span class='ocr_line' id='line_1_34' title="bbox 159 4000 920 4074; baseline 0.004 -17"><span class='ocrx_word' id='word_1_165' title='bbox 159 4003 193 4057; x_wconf 90' lang='lat' dir='ltr'><strong>ll.</strong></span> <span class='ocrx_word' id='word_1_166' title='bbox 212 4000 384 4057; x_wconf 88' lang='lat' dir='ltr'><strong>monachum</strong></span> <span class='ocrx_word' id='word_1_167' title='bbox 407 4016 592 4074; x_wconf 86' lang='lat' dir='ltr'><strong>egressume</strong></span> <span class='ocrx_word' id='word_1_168' title='bbox 615 4003 788 4058; x_wconf 84' lang='lat' dir='ltr'><strong>inerrasterio</strong></span> <span class='ocrx_word' id='word_1_169' title='bbox 812 4003 920 4060; x_wconf 83' lang='lat' dir='ltr'><strong>ordinis</strong></span> 
     </span>
     <span class='ocr_line' id='line_1_35' title="bbox 159 4088 427 4148; baseline 0.011 -3"><span class='ocrx_word' id='word_1_170' title='bbox 159 4091 255 4146; x_wconf 86' lang='lat' dir='ltr'><strong>Sancti</strong></span> <span class='ocrx_word' id='word_1_171' title='bbox 271 4088 427 4148; x_wconf 87' lang='lat' dir='ltr'><strong>Benedictl.</strong></span> 
     </span>
    </p>
   </div>
   <div class='ocr_carea' id='block_1_12' title="bbox 119 4206 920 5645">
    <p class='ocr_par' dir='ltr' id='par_1_13' title="bbox 127 4206 919 4381">
     <span class='ocr_line' id='line_1_36' title="bbox 163 4206 919 4286; baseline 0.007 -20"><span class='ocrx_word' id='word_1_172' title='bbox 163 4207 342 4278; x_wconf 69' lang='lat' dir='ltr'><strong>Honorius</strong></span> <span class='ocrx_word' id='word_1_173' title='bbox 359 4208 433 4278; x_wconf 82' lang='lat' dir='ltr'><strong>etc,</strong></span> <span class='ocrx_word' id='word_1_174' title='bbox 456 4206 576 4268; x_wconf 88' lang='lat' dir='ltr'><strong>dilecto</strong></span> <span class='ocrx_word' id='word_1_175' title='bbox 593 4207 661 4268; x_wconf 87' lang='lat' dir='ltr'><strong>lilio</strong></span> <span class='ocrx_word' id='word_1_176' title='bbox 676 4208 779 4284; x_wconf 88' lang='lat' dir='ltr'><strong>priori</strong></span> <span class='ocrx_word' id='word_1_177' title='bbox 795 4210 919 4286; x_wconf 89' lang='lat' dir='ltr'><strong>Hospi-</strong></span> 
     </span>
     <span class='ocr_line' id='line_1_37' title="bbox 127 4303 745 4381; baseline 0 -17"><span class='ocrx_word' id='word_1_178' title='bbox 127 4303 204 4364; x_wconf 90' lang='lat' dir='ltr'><strong>talis</strong></span> <span class='ocrx_word' id='word_1_179' title='bbox 227 4304 520 4381; x_wconf 72' lang='lat' dir='ltr'><strong>Hierosolymitaui</strong></span> <span class='ocrx_word' id='word_1_180' title='bbox 536 4305 570 4364; x_wconf 92' lang='lat' dir='ltr'><strong>in</strong></span> <span class='ocrx_word' id='word_1_181' title='bbox 594 4306 745 4366; x_wconf 81' lang='lat' dir='ltr'><strong>Francia.</strong></span> 
     </span>
    </p>

    <p class='ocr_par' dir='ltr' id='par_1_14' title="bbox 119 4399 920 5645">
     <span class='ocr_line' id='line_1_38' title="bbox 164 4399 920 4478; baseline 0.008 -21"><span class='ocrx_word' id='word_1_182' title='bbox 164 4399 355 4458; x_wconf 83' lang='lat' dir='ltr'><strong>Devotiouis</strong></span> <span class='ocrx_word' id='word_1_183' title='bbox 366 4402 430 4459; x_wconf 90' lang='lat' dir='ltr'><strong>tuae</strong></span> <span class='ocrx_word' id='word_1_184' title='bbox 442 4399 595 4475; x_wconf 89' lang='lat' dir='ltr'><strong>precibus</strong></span> <span class='ocrx_word' id='word_1_185' title='bbox 610 4399 770 4471; x_wconf 87' lang='lat' dir='ltr'><strong>inclinati,</strong></span> <span class='ocrx_word' id='word_1_186' title='bbox 782 4403 821 4461; x_wconf 89' lang='grc' dir='ltr'><strong>Η.</strong></span> <span class='ocrx_word' id='word_1_187' title='bbox 832 4417 920 4478; x_wconf 89' lang='lat' dir='ltr'><strong>pres·</strong></span> 
     </span>
     <span class='ocr_line' id='line_1_39' title="bbox 122 4494 920 4574; baseline 0.006 -20"><span class='ocrx_word' id='word_1_188' title='bbox 122 4494 273 4570; x_wconf 70' lang='lat' dir='ltr'><strong>bpterum</strong></span> <span class='ocrx_word' id='word_1_189' title='bbox 297 4496 363 4571; x_wconf 86' lang='lat' dir='ltr'><strong>qui,</strong></span> <span class='ocrx_word' id='word_1_190' title='bbox 378 4497 412 4557; x_wconf 93' lang='lat' dir='ltr'><strong>ut</strong></span> <span class='ocrx_word' id='word_1_191' title='bbox 433 4497 569 4567; x_wconf 88' lang='lat' dir='ltr'><strong>asseris,</strong></span> <span class='ocrx_word' id='word_1_192' title='bbox 587 4513 660 4557; x_wconf 89' lang='lat' dir='ltr'><strong>cum</strong></span> <span class='ocrx_word' id='word_1_193' title='bbox 678 4498 756 4558; x_wconf 91' lang='lat' dir='ltr'><strong>olim</strong></span> <span class='ocrx_word' id='word_1_194' title='bbox 772 4501 920 4574; x_wconf 89' lang='lat' dir='ltr'><strong>tempore</strong></span> 
     </span>
     <span class='ocr_line' id='line_1_40' title="bbox 119 4593 918 4668; baseline 0.005 -16"><span class='ocrx_word' id='word_1_195' title='bbox 119 4593 306 4668; x_wconf 78' lang='lat' dir='ltr'><strong>Juventutis</strong></span> <span class='ocrx_word' id='word_1_196' title='bbox 328 4594 566 4654; x_wconf 87' lang='lat' dir='ltr'><strong>monasterium</strong></span> <span class='ocrx_word' id='word_1_197' title='bbox 580 4594 707 4655; x_wconf 89' lang='lat' dir='ltr'><strong>ordinis</strong></span> <span class='ocrx_word' id='word_1_198' title='bbox 724 4596 836 4657; x_wconf 91' lang='lat' dir='ltr'><strong>Sancti</strong></span> <span class='ocrx_word' id='word_1_199' title='bbox 851 4598 918 4656; x_wconf 91' lang='lat' dir='ltr'><strong>Be-</strong></span> 
     </span>
     <span class='ocr_line' id='line_1_41' title="bbox 123 4690 920 4769; baseline 0.006 -20"><span class='ocrx_word' id='word_1_200' title='bbox 123 4690 244 4752; x_wconf 90' lang='lat' dir='ltr'><strong>nedicti</strong></span> <span class='ocrx_word' id='word_1_201' title='bbox 261 4706 320 4767; x_wconf 91' lang='lat' dir='ltr'><strong>per</strong></span> <span class='ocrx_word' id='word_1_202' title='bbox 334 4691 550 4752; x_wconf 88' lang='lat' dir='ltr'><strong>simoniacam</strong></span> <span class='ocrx_word' id='word_1_203' title='bbox 567 4693 764 4768; x_wconf 74' lang='lat' dir='ltr'><strong>pravitatem</strong></span> <span class='ocrx_word' id='word_1_204' title='bbox 786 4695 920 4769; x_wconf 88' lang='lat' dir='ltr'><strong>ingres-</strong></span> 
     </span>
     <span class='ocr_line' id='line_1_42' title="bbox 124 4788 917 4865; baseline 0.006 -19"><span class='ocrx_word' id='word_1_205' title='bbox 124 4805 179 4848; x_wconf 85' lang='lat' dir='ltr'><strong>sus</strong></span> <span class='ocrx_word' id='word_1_206' title='bbox 204 4791 237 4850; x_wconf 92' lang='lat' dir='ltr'><strong>et</strong></span> <span class='ocrx_word' id='word_1_207' title='bbox 265 4788 414 4865; x_wconf 90' lang='lat' dir='ltr'><strong>pluribus</strong></span> <span class='ocrx_word' id='word_1_208' title='bbox 435 4789 531 4849; x_wconf 84' lang='lat' dir='ltr'><strong>anuis</strong></span> <span class='ocrx_word' id='word_1_209' title='bbox 547 4791 762 4851; x_wconf 82' lang='lat' dir='ltr'><strong>conversatus</strong></span> <span class='ocrx_word' id='word_1_210' title='bbox 783 4791 917 4861; x_wconf 88' lang='lat' dir='ltr'><strong>ibidem,</strong></span> 
     </span>
     <span class='ocr_line' id='line_1_43' title="bbox 124 4885 917 4962; baseline 0.004 -17"><span class='ocrx_word' id='word_1_211' title='bbox 124 4887 331 4962; x_wconf 89' lang='lat' dir='ltr'><strong>postmodum</strong></span> <span class='ocrx_word' id='word_1_212' title='bbox 351 4885 390 4946; x_wconf 92' lang='lat' dir='ltr'><strong>de</strong></span> <span class='ocrx_word' id='word_1_213' title='bbox 413 4886 553 4947; x_wconf 86' lang='lat' dir='ltr'><strong>consilio</strong></span> <span class='ocrx_word' id='word_1_214' title='bbox 569 4887 748 4948; x_wconf 89' lang='lat' dir='ltr'><strong>dioecesani</strong></span> <span class='ocrx_word' id='word_1_215' title='bbox 766 4889 819 4948; x_wconf 92' lang='lat' dir='ltr'><strong>sui</strong></span> <span class='ocrx_word' id='word_1_216' title='bbox 843 4903 917 4949; x_wconf 92' lang='lat' dir='ltr'><strong>mo-</strong></span> 
     </span>
     <span class='ocr_line' id='line_1_44' title="bbox 122 4983 920 5058; baseline 0.005 -16"><span class='ocrx_word' id='word_1_217' title='bbox 122 4984 305 5044; x_wconf 88' lang='lat' dir='ltr'><strong>nasterium</strong></span> <span class='ocrx_word' id='word_1_218' title='bbox 334 4983 442 5058; x_wconf 89' lang='lat' dir='ltr'><strong>ipsum</strong></span> <span class='ocrx_word' id='word_1_219' title='bbox 472 4983 588 5045; x_wconf 83' lang='lat' dir='ltr'><strong>exiens</strong></span> <span class='ocrx_word' id='word_1_220' title='bbox 610 5000 685 5045; x_wconf 90' lang='lat' dir='ltr'><strong>cum</strong></span> <span class='ocrx_word' id='word_1_221' title='bbox 701 4985 820 5046; x_wconf 91' lang='lat' dir='ltr'><strong>litteris</strong></span> <span class='ocrx_word' id='word_1_222' title='bbox 835 4985 920 5046; x_wconf 78' lang='lat' dir='ltr'><strong>dite-</strong></span> 
     </span>
     <span class='ocr_line' id='line_1_45' title="bbox 122 5080 918 5156; baseline 0.005 -17"><span class='ocrx_word' id='word_1_223' title='bbox 122 5080 235 5140; x_wconf 91' lang='lat' dir='ltr'><strong>cesani</strong></span> <span class='ocrx_word' id='word_1_224' title='bbox 251 5080 409 5156; x_wconf 89' lang='lat' dir='ltr'><strong>ejusdem,</strong></span> <span class='ocrx_word' id='word_1_225' title='bbox 420 5083 455 5141; x_wconf 92' lang='lat' dir='ltr'><strong>ut</strong></span> <span class='ocrx_word' id='word_1_226' title='bbox 466 5081 505 5141; x_wconf 93' lang='lat' dir='ltr'><strong>ad</strong></span> <span class='ocrx_word' id='word_1_227' title='bbox 522 5081 611 5141; x_wconf 93' lang='lat' dir='ltr'><strong>aliud</strong></span> <span class='ocrx_word' id='word_1_228' title='bbox 628 5083 866 5143; x_wconf 90' lang='lat' dir='ltr'><strong>monasterium</strong></span> <span class='ocrx_word' id='word_1_229' title='bbox 883 5099 918 5143; x_wconf 87' lang='lat' dir='ltr'><strong>se</strong></span> 
     </span>
     <span class='ocr_line' id='line_1_46' title="bbox 123 5176 918 5254; baseline 0.005 -18"><span class='ocrx_word' id='word_1_230' title='bbox 123 5176 334 5248; x_wconf 78' lang='lat' dir='ltr'><strong>transferret,</strong></span> <span class='ocrx_word' id='word_1_231' title='bbox 352 5178 476 5254; x_wconf 90' lang='lat' dir='ltr'><strong>recepit</strong></span> <span class='ocrx_word' id='word_1_232' title='bbox 497 5178 645 5239; x_wconf 89' lang='lat' dir='ltr'><strong>habitum</strong></span> <span class='ocrx_word' id='word_1_233' title='bbox 669 5180 862 5254; x_wconf 86' lang='lat' dir='ltr'><strong>Hospitalis,</strong></span> <span class='ocrx_word' id='word_1_234' title='bbox 884 5181 918 5240; x_wconf 93' lang='lat' dir='ltr'><strong>in</strong></span> 
     </span>
     <span class='ocr_line' id='line_1_47' title="bbox 122 5274 916 5350; baseline 0.008 -18"><span class='ocrx_word' id='word_1_235' title='bbox 122 5291 188 5350; x_wconf 90' lang='lat' dir='ltr'><strong>quo</strong></span> <span class='ocrx_word' id='word_1_236' title='bbox 212 5274 320 5335; x_wconf 87' lang='lat' dir='ltr'><strong>studet</strong></span> <span class='ocrx_word' id='word_1_237' title='bbox 346 5274 561 5336; x_wconf 85' lang='lat' dir='ltr'><strong>laudabiliter</strong></span> <span class='ocrx_word' id='word_1_238' title='bbox 589 5275 728 5336; x_wconf 89' lang='lat' dir='ltr'><strong>Domino</strong></span> <span class='ocrx_word' id='word_1_239' title='bbox 751 5277 916 5349; x_wconf 84' lang='lat' dir='ltr'><strong>sa1nulari,</strong></span> 
     </span>
     <span class='ocr_line' id='line_1_48' title="bbox 120 5371 919 5450; baseline 0.006 -19"><span class='ocrx_word' id='word_1_240' title='bbox 120 5371 182 5432; x_wconf 91' lang='lat' dir='ltr'><strong>libi</strong></span> <span class='ocrx_word' id='word_1_241' title='bbox 213 5371 377 5432; x_wconf 89' lang='lat' dir='ltr'><strong>retinendi</strong></span> <span class='ocrx_word' id='word_1_242' title='bbox 411 5371 562 5443; x_wconf 92' lang='lat' dir='ltr'><strong>liberam,</strong></span> <span class='ocrx_word' id='word_1_243' title='bbox 590 5389 633 5434; x_wconf 83' lang='lat' dir='ltr'><strong>ex</strong></span> <span class='ocrx_word' id='word_1_244' title='bbox 661 5373 919 5450; x_wconf 89' lang='lat' dir='ltr'><strong>dispensationis</strong></span> 
     </span>
     <span class='ocr_line' id='line_1_49' title="bbox 122 5470 918 5547; baseline 0.005 -18"><span class='ocrx_word' id='word_1_245' title='bbox 122 5472 244 5530; x_wconf 82' lang='lat' dir='ltr'><strong>nostrae</strong></span> <span class='ocrx_word' id='word_1_246' title='bbox 256 5470 375 5544; x_wconf 87' lang='lat' dir='ltr'><strong>gralla,</strong></span> <span class='ocrx_word' id='word_1_247' title='bbox 385 5470 555 5531; x_wconf 88' lang='lat' dir='ltr'><strong>licentiam</strong></span> <span class='ocrx_word' id='word_1_248' title='bbox 567 5471 789 5547; x_wconf 86' lang='lat' dir='ltr'><strong>indulgemus.</strong></span> <span class='ocrx_word' id='word_1_249' title='bbox 802 5475 918 5533; x_wconf 87' lang='lat' dir='ltr'><strong>Datum</strong></span> 
     </span>
     <span class='ocr_line' id='line_1_50' title="bbox 122 5567 836 5645; baseline 0.001 -17"><span class='ocrx_word' id='word_1_250' title='bbox 122 5567 289 5639; x_wconf 86' lang='lat' dir='ltr'><strong>Laterani,</strong></span> <span class='ocrx_word' id='word_1_251' title='bbox 307 5570 336 5627; x_wconf 77' lang='lat' dir='ltr'>X</span> <span class='ocrx_word' id='word_1_252' title='bbox 352 5568 417 5628; x_wconf 85' lang='lat' dir='ltr'><strong>kal.</strong></span> <span class='ocrx_word' id='word_1_253' title='bbox 429 5568 589 5645; x_wconf 85' lang='lat' dir='ltr'><strong>januarii,</strong></span> <span class='ocrx_word' id='word_1_254' title='bbox 605 5584 693 5630; x_wconf 91' lang='lat' dir='ltr'><strong>anno</strong></span> <span class='ocrx_word' id='word_1_255' title='bbox 710 5570 836 5645; x_wconf 88' lang='lat' dir='ltr'><strong>quinto.</strong></span> 
     </span>
    </p>
   </div>
   <div class='ocr_carea' id='block_1_13' title="bbox 752 302 1142 361">
    <p class='ocr_par' dir='ltr' id='par_1_15' title="bbox 752 302 1142 361">
     <span class='ocr_line' id='line_1_51' title="bbox 752 302 1142 361; baseline -0.005 -1"><span class='ocrx_word' id='word_1_256' title='bbox 752 302 978 360; x_wconf 81' lang='lat' dir='ltr'><strong>EPIS&#39;I&#39;OLAE.</strong></span> <span class='ocrx_word' id='word_1_257' title='bbox 1004 302 1080 361; x_wconf 89' lang='lat' dir='ltr'><strong>LIB.</strong></span> <span class='ocrx_word' id='word_1_258' title='bbox 1105 303 1142 359; x_wconf 85' lang='lat' dir='ltr'><strong>V.</strong></span> 
     </span>
    </p>
   </div>
   <div class='ocr_carea' id='block_1_14' title="bbox 1306 489 1603 576">
    <p class='ocr_par' dir='ltr' id='par_1_16' title="bbox 1306 489 1603 576">
     <span class='ocr_line' id='line_1_52' title="bbox 1306 489 1603 576; baseline -0.003 0"><span class='ocrx_word' id='word_1_259' title='bbox 1306 489 1443 576; x_wconf 79' lang='lat' dir='ltr'>CLVII</span> <span class='ocrx_word' id='word_1_260' title='bbox 1555 551 1603 575; x_wconf 50' lang='lat' dir='ltr'><strong>f-</strong></span> 
     </span>
    </p>
   </div>
   <div class='ocr_carea' id='block_1_15' title="bbox 1252 625 1490 683">
    <p class='ocr_par' dir='ltr' id='par_1_17' title="bbox 1252 625 1490 683">
     <span class='ocr_line' id='line_1_53' title="bbox 1252 625 1490 683; baseline -0.008 0"><span class='ocrx_word' id='word_1_261' title='bbox 1252 625 1304 683; x_wconf 79' lang='lat' dir='ltr'><strong>Ad</strong></span> <span class='ocrx_word' id='word_1_262' title='bbox 1323 625 1490 683; x_wconf 82' lang='lat' dir='ltr'><strong>eumdem.</strong></span> 
     </span>
    </p>
   </div>
   <div class='ocr_carea' id='block_1_16' title="bbox 1009 742 1739 921">
    <p class='ocr_par' dir='ltr' id='par_1_18' title="bbox 1009 742 1739 921">
     <span class='ocr_line' id='line_1_54' title="bbox 1228 742 1516 800; baseline -0.014 0"><span class='ocrx_word' id='word_1_263' title='bbox 1228 743 1263 800; x_wconf 76' lang='lat'><strong>23</strong></span> <span class='ocrx_word' id='word_1_264' title='bbox 1282 742 1411 799; x_wconf 89' lang='lat' dir='ltr'><strong>decemb.</strong></span> <span class='ocrx_word' id='word_1_265' title='bbox 1439 742 1516 800; x_wconf 76' lang='lat' dir='ltr'><strong>ltro.</strong></span> 
     </span>
     <span class='ocr_line' id='line_1_55' title="bbox 1009 855 1739 921; baseline -0.004 -16"><span class='ocrx_word' id='word_1_266' title='bbox 1009 857 1129 921; x_wconf 80' lang='lat' dir='ltr'><strong>[Regest.,</strong></span> <span class='ocrx_word' id='word_1_267' title='bbox 1140 856 1185 908; x_wconf 91' lang='lat' dir='ltr'><strong>lib.</strong></span> <span class='ocrx_word' id='word_1_268' title='bbox 1198 858 1228 914; x_wconf 86' lang='lat' dir='ltr'><strong>V,</strong></span> <span class='ocrx_word' id='word_1_269' title='bbox 1241 857 1316 921; x_wconf 85' lang='lat' dir='ltr'><strong>epist.</strong></span> <span class='ocrx_word' id='word_1_270' title='bbox 1328 856 1383 906; x_wconf 79' lang='grc'><strong>286.</strong></span> <span class='ocrx_word' id='word_1_271' title='bbox 1396 858 1451 906; x_wconf 84' lang='lat' dir='ltr'><strong>llss.</strong></span> <span class='ocrx_word' id='word_1_272' title='bbox 1466 858 1501 908; x_wconf 82' lang='lat' dir='ltr'><strong>La</strong></span> <span class='ocrx_word' id='word_1_273' title='bbox 1513 856 1589 905; x_wconf 84' lang='lat' dir='ltr'><strong>Porta</strong></span> <span class='ocrx_word' id='word_1_274' title='bbox 1599 855 1633 904; x_wconf 93' lang='lat' dir='ltr'><strong>du</strong></span> <span class='ocrx_word' id='word_1_275' title='bbox 1644 855 1739 917; x_wconf 72' lang='lat' dir='ltr'><strong>ibere]</strong></span> 
     </span>
    </p>
   </div>
   <div class='ocr_carea' id='block_1_17' title="bbox 976 962 1770 1198">
    <p class='ocr_par' dir='ltr' id='par_1_19' title="bbox 976 962 1770 1198">
     <span class='ocr_line' id='line_1_56' title="bbox 976 962 1770 1035; baseline -0.005 -15"><span class='ocrx_word' id='word_1_276' title='bbox 976 963 1056 1020; x_wconf 86' lang='lat' dir='ltr'><strong>Facit</strong></span> <span class='ocrx_word' id='word_1_277' title='bbox 1076 964 1102 1020; x_wconf 92' lang='lat' dir='ltr'><strong>ei</strong></span> <span class='ocrx_word' id='word_1_278' title='bbox 1120 971 1289 1035; x_wconf 85' lang='lat' dir='ltr'><strong>potestatem</strong></span> <span class='ocrx_word' id='word_1_279' title='bbox 1309 966 1333 1021; x_wconf 87' lang='lat' dir='ltr'><strong>J.</strong></span> <span class='ocrx_word' id='word_1_280' title='bbox 1364 962 1571 1020; x_wconf 89' lang='lat' dir='ltr'><strong>subdiaconum</strong></span> <span class='ocrx_word' id='word_1_281' title='bbox 1591 973 1608 1018; x_wconf 91' lang='lat' dir='ltr'><strong>e</strong></span> <span class='ocrx_word' id='word_1_282' title='bbox 1627 968 1770 1018; x_wconf 86' lang='lat' dir='ltr'><strong>monaste·</strong></span> 
     </span>
     <span class='ocr_line' id='line_1_57' title="bbox 1012 1049 1769 1124; baseline -0.001 -17"><span class='ocrx_word' id='word_1_283' title='bbox 1012 1052 1053 1107; x_wconf 89' lang='lat' dir='ltr'><strong>rio</strong></span> <span class='ocrx_word' id='word_1_284' title='bbox 1067 1054 1270 1108; x_wconf 88' lang='lat' dir='ltr'><strong>canonicorum</strong></span> <span class='ocrx_word' id='word_1_285' title='bbox 1284 1051 1458 1124; x_wconf 72' lang='lat' dir='ltr'><strong>regularium</strong></span> <span class='ocrx_word' id='word_1_286' title='bbox 1472 1065 1621 1124; x_wconf 90' lang='lat' dir='ltr'><strong>egressum</strong></span> <span class='ocrx_word' id='word_1_287' title='bbox 1632 1051 1660 1106; x_wconf 92' lang='lat' dir='ltr'><strong>iu</strong></span> <span class='ocrx_word' id='word_1_288' title='bbox 1676 1049 1769 1122; x_wconf 89' lang='lat' dir='ltr'><strong>hospi-</strong></span> 
     </span>
     <span class='ocr_line' id='line_1_58' title="bbox 1012 1140 1294 1198; baseline 0 -1"><span class='ocrx_word' id='word_1_289' title='bbox 1012 1140 1062 1197; x_wconf 90' lang='lat' dir='ltr'><strong>tali</strong></span> <span class='ocrx_word' id='word_1_290' title='bbox 1074 1154 1127 1197; x_wconf 92' lang='lat' dir='ltr'><strong>suo</strong></span> <span class='ocrx_word' id='word_1_291' title='bbox 1142 1141 1294 1198; x_wconf 87' lang='lat' dir='ltr'><strong>retinendi.</strong></span> 
     </span>
    </p>
   </div>
   <div class='ocr_carea' id='block_1_18' title="bbox 975 1255 1774 2307">
    <p class='ocr_par' dir='ltr' id='par_1_20' title="bbox 977 1255 1771 1432">
     <span class='ocr_line' id='line_1_59' title="bbox 1017 1255 1771 1334; baseline -0.003 -17"><span class='ocrx_word' id='word_1_292' title='bbox 1017 1258 1194 1329; x_wconf 73' lang='lat' dir='ltr'><strong>Honorius</strong></span> <span class='ocrx_word' id='word_1_293' title='bbox 1211 1259 1287 1328; x_wconf 85' lang='lat' dir='ltr'><strong>etc,</strong></span> <span class='ocrx_word' id='word_1_294' title='bbox 1309 1258 1429 1320; x_wconf 91' lang='lat' dir='ltr'><strong>dilecto</strong></span> <span class='ocrx_word' id='word_1_295' title='bbox 1443 1256 1511 1319; x_wconf 82' lang='lat' dir='ltr'><strong>filio</strong></span> <span class='ocrx_word' id='word_1_296' title='bbox 1528 1255 1632 1334; x_wconf 93' lang='lat' dir='ltr'><strong>priori</strong></span> <span class='ocrx_word' id='word_1_297' title='bbox 1648 1256 1771 1332; x_wconf 87' lang='lat' dir='ltr'><strong>Hospi-</strong></span> 
     </span>
     <span class='ocr_line' id='line_1_60' title="bbox 977 1355 1576 1432; baseline -0.002 -17"><span class='ocrx_word' id='word_1_298' title='bbox 977 1355 1054 1415; x_wconf 91' lang='lat' dir='ltr'><strong>talis</strong></span> <span class='ocrx_word' id='word_1_299' title='bbox 1069 1355 1360 1432; x_wconf 78' lang='lat' dir='ltr'><strong>Hierosolymitani</strong></span> <span class='ocrx_word' id='word_1_300' title='bbox 1376 1357 1409 1416; x_wconf 94' lang='lat' dir='ltr'><strong>in</strong></span> <span class='ocrx_word' id='word_1_301' title='bbox 1423 1355 1576 1416; x_wconf 86' lang='lat' dir='ltr'><strong>Francia.</strong></span> 
     </span>
    </p>

    <p class='ocr_par' dir='ltr' id='par_1_21' title="bbox 975 1450 1774 2307">
     <span class='ocr_line' id='line_1_61' title="bbox 1016 1450 1773 1529; baseline -0.005 -17"><span class='ocrx_word' id='word_1_302' title='bbox 1016 1453 1205 1513; x_wconf 86' lang='lat' dir='ltr'><strong>Devotionis</strong></span> <span class='ocrx_word' id='word_1_303' title='bbox 1223 1454 1288 1513; x_wconf 87' lang='lat' dir='ltr'><strong>tuae</strong></span> <span class='ocrx_word' id='word_1_304' title='bbox 1304 1452 1456 1529; x_wconf 92' lang='lat' dir='ltr'><strong>precibus</strong></span> <span class='ocrx_word' id='word_1_305' title='bbox 1472 1451 1635 1520; x_wconf 90' lang='lat' dir='ltr'><strong>inclinati,</strong></span> <span class='ocrx_word' id='word_1_306' title='bbox 1647 1450 1773 1525; x_wconf 85' lang='lat' dir='ltr'><strong>magis-</strong></span> 
     </span>
     <span class='ocr_line' id='line_1_62' title="bbox 977 1547 1769 1625; baseline -0.005 -16"><span class='ocrx_word' id='word_1_307' title='bbox 977 1552 1061 1609; x_wconf 90' lang='lat' dir='ltr'><strong>trum</strong></span> <span class='ocrx_word' id='word_1_308' title='bbox 1075 1552 1103 1610; x_wconf 88' lang='lat' dir='ltr'><strong>J.</strong></span> <span class='ocrx_word' id='word_1_309' title='bbox 1124 1549 1373 1619; x_wconf 90' lang='lat' dir='ltr'><strong>subdiaconum,</strong></span> <span class='ocrx_word' id='word_1_310' title='bbox 1386 1550 1525 1610; x_wconf 89' lang='lat' dir='ltr'><strong>latorem</strong></span> <span class='ocrx_word' id='word_1_311' title='bbox 1545 1547 1769 1625; x_wconf 75' lang='lat' dir='ltr'><strong>presentium,</strong></span> 
     </span>
     <span class='ocr_line' id='line_1_63' title="bbox 977 1644 1769 1722; baseline -0.004 -17"><span class='ocrx_word' id='word_1_312' title='bbox 977 1646 1030 1722; x_wconf 87' lang='lat' dir='ltr'><strong>qui</strong></span> <span class='ocrx_word' id='word_1_313' title='bbox 1047 1647 1080 1705; x_wconf 94' lang='lat' dir='ltr'><strong>in</strong></span> <span class='ocrx_word' id='word_1_314' title='bbox 1095 1647 1295 1707; x_wconf 89' lang='lat' dir='ltr'><strong>monasterio</strong></span> <span class='ocrx_word' id='word_1_315' title='bbox 1306 1647 1541 1707; x_wconf 88' lang='lat' dir='ltr'><strong>canonicorum</strong></span> <span class='ocrx_word' id='word_1_316' title='bbox 1552 1644 1769 1721; x_wconf 78' lang='lat' dir='ltr'><strong>regularium,</strong></span> 
     </span>
     <span class='ocr_line' id='line_1_64' title="bbox 977 1742 1773 1820; baseline -0.001 -18"><span class='ocrx_word' id='word_1_317' title='bbox 977 1743 1089 1804; x_wconf 90' lang='lat' dir='ltr'><strong>babitu</strong></span> <span class='ocrx_word' id='word_1_318' title='bbox 1103 1744 1276 1820; x_wconf 80' lang='lat' dir='ltr'><strong>religionis</strong></span> <span class='ocrx_word' id='word_1_319' title='bbox 1292 1742 1686 1820; x_wconf 89' lang='lat' dir='ltr'><strong>assumpt0,postmodum</strong></span> <span class='ocrx_word' id='word_1_320' title='bbox 1700 1757 1773 1801; x_wconf 93' lang='lat' dir='ltr'><strong>mo·</strong></span> 
     </span>
     <span class='ocr_line' id='line_1_65' title="bbox 976 1839 1773 1917; baseline -0.003 -18"><span class='ocrx_word' id='word_1_321' title='bbox 976 1841 1122 1901; x_wconf 87' lang='lat' dir='ltr'><strong>naslerio</strong></span> <span class='ocrx_word' id='word_1_322' title='bbox 1144 1842 1216 1917; x_wconf 91' lang='lat' dir='ltr'><strong>ipso</strong></span> <span class='ocrx_word' id='word_1_323' title='bbox 1240 1857 1395 1916; x_wconf 86' lang='lat' dir='ltr'><strong>egressus</strong></span> <span class='ocrx_word' id='word_1_324' title='bbox 1415 1841 1456 1900; x_wconf 89' lang='lat' dir='ltr'><strong>ad</strong></span> <span class='ocrx_word' id='word_1_325' title='bbox 1476 1841 1671 1916; x_wconf 82' lang='lat' dir='ltr'><strong>religionem</strong></span> <span class='ocrx_word' id='word_1_326' title='bbox 1692 1839 1773 1899; x_wconf 86' lang='lat' dir='ltr'><strong>Hie-</strong></span> 
     </span>
     <span class='ocr_line' id='line_1_66' title="bbox 975 1935 1772 2015; baseline -0.006 -18"><span class='ocrx_word' id='word_1_327' title='bbox 975 1938 1206 2015; x_wconf 86' lang='lat' dir='ltr'><strong>rosolymitani</strong></span> <span class='ocrx_word' id='word_1_328' title='bbox 1228 1954 1263 1998; x_wconf 91' lang='lat' dir='ltr'><strong>se</strong></span> <span class='ocrx_word' id='word_1_329' title='bbox 1287 1939 1456 1999; x_wconf 87' lang='lat' dir='ltr'><strong>transtulit</strong></span> <span class='ocrx_word' id='word_1_330' title='bbox 1483 1936 1681 2013; x_wconf 86' lang='lat' dir='ltr'><strong>Hospitalis,</strong></span> <span class='ocrx_word' id='word_1_331' title='bbox 1712 1935 1772 1995; x_wconf 94' lang='lat' dir='ltr'><strong>tibi</strong></span> 
     </span>
     <span class='ocr_line' id='line_1_67' title="bbox 976 2034 1772 2112; baseline -0.006 -17"><span class='ocrx_word' id='word_1_332' title='bbox 976 2035 1141 2098; x_wconf 90' lang='lat' dir='ltr'><strong>retinendi</strong></span> <span class='ocrx_word' id='word_1_333' title='bbox 1157 2035 1307 2106; x_wconf 89' lang='lat' dir='ltr'><strong>liberam,</strong></span> <span class='ocrx_word' id='word_1_334' title='bbox 1322 2051 1365 2096; x_wconf 85' lang='lat' dir='ltr'><strong>ex</strong></span> <span class='ocrx_word' id='word_1_335' title='bbox 1377 2034 1635 2112; x_wconf 87' lang='lat' dir='ltr'><strong>dispensationis</strong></span> <span class='ocrx_word' id='word_1_336' title='bbox 1650 2034 1772 2093; x_wconf 73' lang='lat' dir='ltr'><strong>nostrae</strong></span> 
     </span>
     <span class='ocr_line' id='line_1_68' title="bbox 976 2130 1774 2208; baseline -0.005 -15"><span class='ocrx_word' id='word_1_337' title='bbox 976 2132 1095 2208; x_wconf 89' lang='lat' dir='ltr'><strong>gratia,</strong></span> <span class='ocrx_word' id='word_1_338' title='bbox 1113 2132 1281 2193; x_wconf 90' lang='lat' dir='ltr'><strong>licentiam</strong></span> <span class='ocrx_word' id='word_1_339' title='bbox 1305 2132 1525 2208; x_wconf 82' lang='lat' dir='ltr'><strong>indulgemus.</strong></span> <span class='ocrx_word' id='word_1_340' title='bbox 1541 2133 1659 2193; x_wconf 86' lang='lat' dir='ltr'><strong>Datum</strong></span> <span class='ocrx_word' id='word_1_341' title='bbox 1675 2130 1774 2190; x_wconf 88' lang='lat' dir='ltr'><strong>Late·</strong></span> 
     </span>
     <span class='ocr_line' id='line_1_69' title="bbox 976 2228 1697 2307; baseline -0.004 -17"><span class='ocrx_word' id='word_1_342' title='bbox 976 2230 1062 2301; x_wconf 86' lang='lat' dir='ltr'><strong>rani,</strong></span> <span class='ocrx_word' id='word_1_343' title='bbox 1083 2233 1112 2290; x_wconf 86' lang='lat' dir='ltr'>X</span> <span class='ocrx_word' id='word_1_344' title='bbox 1125 2229 1286 2292; x_wconf 86' lang='lat' dir='ltr'><strong>kalendas</strong></span> <span class='ocrx_word' id='word_1_345' title='bbox 1294 2230 1456 2307; x_wconf 90' lang='lat' dir='ltr'><strong>januarii,</strong></span> <span class='ocrx_word' id='word_1_346' title='bbox 1472 2245 1559 2291; x_wconf 84' lang='lat' dir='ltr'><strong>anno</strong></span> <span class='ocrx_word' id='word_1_347' title='bbox 1572 2228 1697 2306; x_wconf 87' lang='lat' dir='ltr'><strong>quinto.</strong></span> 
     </span>
    </p>
   </div>
   <div class='ocr_carea' id='block_1_19' title="bbox 1295 2417 1455 2504">
    <p class='ocr_par' dir='ltr' id='par_1_22' title="bbox 1295 2417 1455 2504">
     <span class='ocr_line' id='line_1_70' title="bbox 1295 2417 1455 2504; baseline -0.006 0"><span class='ocrx_word' id='word_1_348' title='bbox 1295 2417 1455 2504; x_wconf 82' lang='lat' dir='ltr'>CLVIII</span> 
     </span>
    </p>
   </div>
   <div class='ocr_carea' id='block_1_20' title="bbox 996 2551 1753 2722">
    <p class='ocr_par' dir='ltr' id='par_1_23' title="bbox 996 2551 1753 2722">
     <span class='ocr_line' id='line_1_71' title="bbox 996 2551 1753 2623; baseline -0.003 -14"><span class='ocrx_word' id='word_1_349' title='bbox 996 2551 1047 2609; x_wconf 84' lang='lat' dir='ltr'><strong>Ad</strong></span> <span class='ocrx_word' id='word_1_350' title='bbox 1061 2551 1207 2621; x_wconf 83' lang='lat' dir='ltr'><strong>abbates,</strong></span> <span class='ocrx_word' id='word_1_351' title='bbox 1220 2553 1372 2623; x_wconf 66' lang='lat' dir='ltr'><strong>peteres,</strong></span> <span class='ocrx_word' id='word_1_352' title='bbox 1390 2551 1465 2619; x_wconf 78' lang='lat' dir='ltr'><strong>ete,</strong></span> <span class='ocrx_word' id='word_1_353' title='bbox 1480 2562 1547 2623; x_wconf 81' lang='lat' dir='ltr'><strong>per</strong></span> <span class='ocrx_word' id='word_1_354' title='bbox 1565 2551 1753 2612; x_wconf 77' lang='lat' dir='ltr'><strong>Ttdtcttscm</strong></span> 
     </span>
     <span class='ocr_line' id='line_1_72' title="bbox 1144 2647 1593 2722; baseline -0.007 -15"><span class='ocrx_word' id='word_1_355' title='bbox 1144 2650 1362 2722; x_wconf 72' lang='lat' dir='ltr'><strong>prosdocium</strong></span> <span class='ocrx_word' id='word_1_356' title='bbox 1380 2647 1593 2709; x_wconf 81' lang='lat' dir='ltr'><strong>constitutos.</strong></span> 
     </span>
    </p>
   </div>
   <div class='ocr_carea' id='block_1_21' title="bbox 1016 2768 1736 2940">
    <p class='ocr_par' dir='ltr' id='par_1_24' title="bbox 1016 2768 1736 2940">
     <span class='ocr_line' id='line_1_73' title="bbox 1235 2768 1512 2827; baseline -0.011 0"><span class='ocrx_word' id='word_1_357' title='bbox 1235 2770 1271 2827; x_wconf 69' lang='lat' dir='ltr'><strong>il</strong></span> <span class='ocrx_word' id='word_1_358' title='bbox 1285 2768 1415 2827; x_wconf 90' lang='lat' dir='ltr'><strong>decemb.</strong></span> <span class='ocrx_word' id='word_1_359' title='bbox 1434 2769 1512 2827; x_wconf 78' lang='lat' dir='ltr'><strong>lato.</strong></span> 
     </span>
     <span class='ocr_line' id='line_1_74' title="bbox 1016 2871 1736 2940; baseline -0.007 -15"><span class='ocrx_word' id='word_1_360' title='bbox 1016 2876 1135 2940; x_wconf 59' lang='lat' dir='ltr'><strong>[negem</strong></span> <span class='ocrx_word' id='word_1_361' title='bbox 1148 2876 1192 2925; x_wconf 91' lang='lat' dir='ltr'><strong>lib.</strong></span> <span class='ocrx_word' id='word_1_362' title='bbox 1204 2877 1233 2933; x_wconf 89' lang='lat' dir='ltr'><strong>ll,</strong></span> <span class='ocrx_word' id='word_1_363' title='bbox 1244 2877 1316 2940; x_wconf 88' lang='lat' dir='ltr'><strong>epist.</strong></span> <span class='ocrx_word' id='word_1_364' title='bbox 1332 2876 1387 2926; x_wconf 65' lang='grc' dir='ltr'><strong>Μ.</strong></span> <span class='ocrx_word' id='word_1_365' title='bbox 1397 2877 1454 2926; x_wconf 78' lang='lat' dir='ltr'><strong>lise.</strong></span> <span class='ocrx_word' id='word_1_366' title='bbox 1466 2877 1502 2927; x_wconf 85' lang='lat' dir='ltr'><strong>Le</strong></span> <span class='ocrx_word' id='word_1_367' title='bbox 1511 2876 1585 2926; x_wconf 82' lang='lat' dir='ltr'><strong>Porta</strong></span> <span class='ocrx_word' id='word_1_368' title='bbox 1598 2875 1632 2924; x_wconf 89' lang='lat' dir='ltr'><strong>du</strong></span> <span class='ocrx_word' id='word_1_369' title='bbox 1641 2871 1736 2933; x_wconf 80' lang='lat' dir='ltr'><strong>Theti]</strong></span> 
     </span>
    </p>
   </div>
   <div class='ocr_carea' id='block_1_22' title="bbox 977 2977 1772 3215">
    <p class='ocr_par' dir='ltr' id='par_1_25' title="bbox 977 2977 1772 3215">
     <span class='ocr_line' id='line_1_75' title="bbox 977 2977 1772 3055; baseline -0.005 -17"><span class='ocrx_word' id='word_1_370' title='bbox 977 2984 1107 3054; x_wconf 75' lang='lat' dir='ltr'><strong>Praecipit</strong></span> <span class='ocrx_word' id='word_1_371' title='bbox 1121 2983 1172 3047; x_wconf 88' lang='lat' dir='ltr'><strong>eis,</strong></span> <span class='ocrx_word' id='word_1_372' title='bbox 1200 2989 1230 3039; x_wconf 93' lang='lat' dir='ltr'><strong>ut</strong></span> <span class='ocrx_word' id='word_1_373' title='bbox 1249 2981 1322 3039; x_wconf 86' lang='lat' dir='ltr'><strong>tecta</strong></span> <span class='ocrx_word' id='word_1_374' title='bbox 1338 2982 1547 3039; x_wconf 87' lang='lat' dir='ltr'><strong>contributione</strong></span> <span class='ocrx_word' id='word_1_375' title='bbox 1560 2996 1611 3055; x_wconf 88' lang='lat' dir='ltr'><strong>pro</strong></span> <span class='ocrx_word' id='word_1_376' title='bbox 1626 2977 1772 3038; x_wconf 80' lang='lat' dir='ltr'><strong>facultati-</strong></span> 
     </span>
     <span class='ocr_line' id='line_1_76' title="bbox 1011 3069 1770 3147; baseline 0.005 -21"><span class='ocrx_word' id='word_1_377' title='bbox 1011 3071 1063 3126; x_wconf 90' lang='lat' dir='ltr'><strong>bus</strong></span> <span class='ocrx_word' id='word_1_378' title='bbox 1078 3071 1258 3142; x_wconf 87' lang='lat' dir='ltr'><strong>singulorum</strong></span> <span class='ocrx_word' id='word_1_379' title='bbox 1276 3071 1458 3127; x_wconf 88' lang='lat' dir='ltr'><strong>medietatem</strong></span> <span class='ocrx_word' id='word_1_380' title='bbox 1468 3069 1628 3128; x_wconf 88' lang='lat' dir='ltr'><strong>debitorum</strong></span> <span class='ocrx_word' id='word_1_381' title='bbox 1643 3073 1770 3147; x_wconf 88' lang='lat' dir='ltr'><strong>episcopi</strong></span> 
     </span>
     <span class='ocr_line' id='line_1_77' title="bbox 1011 3160 1286 3215; baseline 0 0"><span class='ocrx_word' id='word_1_382' title='bbox 1011 3160 1151 3215; x_wconf 77' lang='lat' dir='ltr'><strong>&#39;tullensis</strong></span> <span class='ocrx_word' id='word_1_383' title='bbox 1165 3160 1286 3215; x_wconf 85' lang='lat' dir='ltr'><strong>solvent.</strong></span> 
     </span>
    </p>
   </div>
   <div class='ocr_carea' id='block_1_23' title="bbox 973 3276 1771 5595">
    <p class='ocr_par' dir='ltr' id='par_1_26' title="bbox 976 3276 1770 3542">
     <span class='ocr_line' id='line_1_78' title="bbox 1016 3276 1768 3352; baseline 0.004 -16"><span class='ocrx_word' id='word_1_384' title='bbox 1016 3276 1193 3343; x_wconf 88' lang='lat' dir='ltr'><strong>Honorius.</strong></span> <span class='ocrx_word' id='word_1_385' title='bbox 1223 3278 1298 3348; x_wconf 82' lang='lat' dir='ltr'><strong>etc,</strong></span> <span class='ocrx_word' id='word_1_386' title='bbox 1329 3277 1458 3338; x_wconf 90' lang='lat' dir='ltr'><strong>dilectis</strong></span> <span class='ocrx_word' id='word_1_387' title='bbox 1484 3277 1563 3337; x_wconf 87' lang='lat' dir='ltr'><strong>illlis</strong></span> <span class='ocrx_word' id='word_1_388' title='bbox 1583 3276 1768 3352; x_wconf 84' lang='lat' dir='ltr'><strong>abbatibus,</strong></span> 
     </span>
     <span class='ocr_line' id='line_1_79' title="bbox 977 3374 1770 3452; baseline 0.006 -19"><span class='ocrx_word' id='word_1_389' title='bbox 977 3374 1153 3452; x_wconf 91' lang='lat' dir='ltr'><strong>prioribus,</strong></span> <span class='ocrx_word' id='word_1_390' title='bbox 1166 3374 1312 3446; x_wconf 91' lang='lat' dir='ltr'><strong>decanis,</strong></span> <span class='ocrx_word' id='word_1_391' title='bbox 1325 3375 1490 3450; x_wconf 90' lang='lat' dir='ltr'><strong>capitulis,</strong></span> <span class='ocrx_word' id='word_1_392' title='bbox 1508 3375 1664 3436; x_wconf 87' lang='lat' dir='ltr'><strong>universo</strong></span> <span class='ocrx_word' id='word_1_393' title='bbox 1680 3376 1770 3439; x_wconf 90' lang='lat' dir='ltr'><strong>clero</strong></span> 
     </span>
     <span class='ocr_line' id='line_1_80' title="bbox 976 3471 1488 3542; baseline 0.004 -11"><span class='ocrx_word' id='word_1_394' title='bbox 976 3471 1132 3542; x_wconf 71' lang='lat' dir='ltr'><strong>civitatis</strong></span> <span class='ocrx_word' id='word_1_395' title='bbox 1146 3474 1178 3535; x_wconf 89' lang='lat' dir='ltr'><strong>et</strong></span> <span class='ocrx_word' id='word_1_396' title='bbox 1192 3472 1346 3533; x_wconf 90' lang='lat' dir='ltr'><strong>dioecesis</strong></span> <span class='ocrx_word' id='word_1_397' title='bbox 1359 3472 1488 3534; x_wconf 87' lang='lat' dir='ltr'><strong>Tullen.</strong></span> 
     </span>
    </p>

    <p class='ocr_par' dir='ltr' id='par_1_27' title="bbox 973 3569 1771 5595">
     <span class='ocr_line' id='line_1_81' title="bbox 1015 3569 1771 3648; baseline 0.004 -19"><span class='ocrx_word' id='word_1_398' title='bbox 1015 3569 1086 3630; x_wconf 88' lang='lat' dir='ltr'><strong>Etsi</strong></span> <span class='ocrx_word' id='word_1_399' title='bbox 1110 3569 1331 3646; x_wconf 89' lang='lat' dir='ltr'><strong>quorumlibet</strong></span> <span class='ocrx_word' id='word_1_400' title='bbox 1344 3570 1680 3645; x_wconf 84' lang='lat' dir='ltr'><strong>proximorumonera</strong></span> <span class='ocrx_word' id='word_1_401' title='bbox 1691 3588 1771 3648; x_wconf 92' lang='lat' dir='ltr'><strong>sup·</strong></span> 
     </span>
     <span class='ocr_line' id='line_1_82' title="bbox 976 3664 1771 3745; baseline 0.005 -19"><span class='ocrx_word' id='word_1_402' title='bbox 976 3665 1135 3742; x_wconf 88' lang='lat' dir='ltr'><strong>portanda</strong></span> <span class='ocrx_word' id='word_1_403' title='bbox 1147 3664 1212 3726; x_wconf 92' lang='lat' dir='ltr'><strong>sint</strong></span> <span class='ocrx_word' id='word_1_404' title='bbox 1228 3667 1268 3726; x_wconf 90' lang='lat' dir='ltr'><strong>ab</strong></span> <span class='ocrx_word' id='word_1_405' title='bbox 1285 3667 1348 3738; x_wconf 79' lang='lat' dir='ltr'><strong>hie,</strong></span> <span class='ocrx_word' id='word_1_406' title='bbox 1365 3668 1423 3744; x_wconf 88' lang='lat' dir='ltr'><strong>qui</strong></span> <span class='ocrx_word' id='word_1_407' title='bbox 1448 3668 1630 3745; x_wconf 92' lang='lat' dir='ltr'><strong>adimplere</strong></span> <span class='ocrx_word' id='word_1_408' title='bbox 1644 3669 1771 3731; x_wconf 87' lang='lat' dir='ltr'><strong>deside·</strong></span> 
     </span>
     <span class='ocr_line' id='line_1_83' title="bbox 975 3763 1771 3841; baseline 0.008 -19"><span class='ocrx_word' id='word_1_409' title='bbox 975 3766 1052 3824; x_wconf 89' lang='lat' dir='ltr'><strong>rant</strong></span> <span class='ocrx_word' id='word_1_410' title='bbox 1081 3763 1186 3839; x_wconf 87' lang='lat' dir='ltr'><strong>legem</strong></span> <span class='ocrx_word' id='word_1_411' title='bbox 1211 3763 1344 3834; x_wconf 86' lang='lat' dir='ltr'><strong>Christi,</strong></span> <span class='ocrx_word' id='word_1_412' title='bbox 1380 3765 1571 3841; x_wconf 88' lang='lat' dir='ltr'><strong>specialiter</strong></span> <span class='ocrx_word' id='word_1_413' title='bbox 1608 3769 1720 3828; x_wconf 87' lang='lat' dir='ltr'><strong>tamen</strong></span> <span class='ocrx_word' id='word_1_414' title='bbox 1751 3783 1771 3828; x_wconf 90' lang='lat' dir='ltr'><strong>a</strong></span> 
     </span>
     <span class='ocr_line' id='line_1_84' title="bbox 976 3859 1768 3939; baseline 0.006 -20"><span class='ocrx_word' id='word_1_415' title='bbox 976 3859 1115 3920; x_wconf 87' lang='lat' dir='ltr'><strong>subditis</strong></span> <span class='ocrx_word' id='word_1_416' title='bbox 1131 3860 1529 3936; x_wconf 89' lang='lat' dir='ltr'><strong>supportaridecetonera</strong></span> <span class='ocrx_word' id='word_1_417' title='bbox 1543 3864 1768 3939; x_wconf 81' lang='lat' dir='ltr'><strong>praelatorum,</strong></span> 
     </span>
     <span class='ocr_line' id='line_1_85' title="bbox 975 3957 1768 4037; baseline 0.006 -21"><span class='ocrx_word' id='word_1_418' title='bbox 975 3973 1050 4017; x_wconf 89' lang='lat' dir='ltr'><strong>curn</strong></span> <span class='ocrx_word' id='word_1_419' title='bbox 1066 3957 1213 4017; x_wconf 89' lang='lat' dir='ltr'><strong>membra</strong></span> <span class='ocrx_word' id='word_1_420' title='bbox 1240 3959 1341 4034; x_wconf 89' lang='lat' dir='ltr'><strong>capiti</strong></span> <span class='ocrx_word' id='word_1_421' title='bbox 1364 3958 1506 4020; x_wconf 92' lang='lat' dir='ltr'><strong>debeant</strong></span> <span class='ocrx_word' id='word_1_422' title='bbox 1527 3961 1668 4036; x_wconf 91' lang='lat' dir='ltr'><strong>compati</strong></span> <span class='ocrx_word' id='word_1_423' title='bbox 1706 3976 1768 4037; x_wconf 88' lang='lat' dir='ltr'><strong>pa·</strong></span> 
     </span>
     <span class='ocr_line' id='line_1_86' title="bbox 975 4054 1769 4133; baseline 0.006 -18"><span class='ocrx_word' id='word_1_424' title='bbox 975 4054 1081 4116; x_wconf 90' lang='lat' dir='ltr'><strong>tienti.</strong></span> <span class='ocrx_word' id='word_1_425' title='bbox 1097 4057 1184 4115; x_wconf 86' lang='lat' dir='ltr'><strong>Sane</strong></span> <span class='ocrx_word' id='word_1_426' title='bbox 1199 4055 1327 4115; x_wconf 86' lang='lat' dir='ltr'><strong>Tullen.</strong></span> <span class='ocrx_word' id='word_1_427' title='bbox 1343 4057 1552 4133; x_wconf 91' lang='lat' dir='ltr'><strong>episcopatus</strong></span> <span class='ocrx_word' id='word_1_428' title='bbox 1567 4058 1670 4126; x_wconf 89' lang='lat' dir='ltr'><strong>tanto,</strong></span> <span class='ocrx_word' id='word_1_429' title='bbox 1683 4059 1769 4120; x_wconf 91' lang='lat' dir='ltr'><strong>sicut</strong></span> 
     </span>
     <span class='ocr_line' id='line_1_87' title="bbox 975 4152 1770 4228; baseline 0.006 -16"><span class='ocrx_word' id='word_1_430' title='bbox 975 4152 1175 4227; x_wconf 87' lang='lat' dir='ltr'><strong>accepimus,</strong></span> <span class='ocrx_word' id='word_1_431' title='bbox 1197 4153 1359 4228; x_wconf 92' lang='lat' dir='ltr'><strong>premitur</strong></span> <span class='ocrx_word' id='word_1_432' title='bbox 1391 4169 1492 4214; x_wconf 90' lang='lat' dir='ltr'><strong>onere</strong></span> <span class='ocrx_word' id='word_1_433' title='bbox 1516 4152 1711 4227; x_wconf 87' lang='lat' dir='ltr'><strong>debitorum,-</strong></span> <span class='ocrx_word' id='word_1_434' title='bbox 1734 4159 1770 4218; x_wconf 91' lang='lat' dir='ltr'><strong>ut</strong></span> 
     </span>
     <span class='ocr_line' id='line_1_88' title="bbox 976 4249 1766 4326; baseline 0.005 -17"><span class='ocrx_word' id='word_1_435' title='bbox 976 4249 1041 4309; x_wconf 93' lang='lat' dir='ltr'><strong>nisi</strong></span> <span class='ocrx_word' id='word_1_436' title='bbox 1076 4250 1189 4326; x_wconf 90' lang='lat' dir='ltr'><strong>aliquo</strong></span> <span class='ocrx_word' id='word_1_437' title='bbox 1217 4250 1365 4310; x_wconf 90' lang='lat' dir='ltr'><strong>remedio</strong></span> <span class='ocrx_word' id='word_1_438' title='bbox 1402 4250 1618 4312; x_wconf 88' lang='lat' dir='ltr'><strong>subveniatur</strong></span> <span class='ocrx_word' id='word_1_439' title='bbox 1647 4253 1766 4324; x_wconf 90' lang='lat' dir='ltr'><strong>eidem,</strong></span> 
     </span>
     <span class='ocr_line' id='line_1_89' title="bbox 975 4347 1767 4426; baseline 0.004 -18"><span class='ocrx_word' id='word_1_440' title='bbox 975 4349 1132 4409; x_wconf 78' lang='lat' dir='ltr'><strong>extremae</strong></span> <span class='ocrx_word' id='word_1_441' title='bbox 1148 4347 1364 4409; x_wconf 88' lang='lat' dir='ltr'><strong>desolationis</strong></span> <span class='ocrx_word' id='word_1_442' title='bbox 1375 4349 1406 4409; x_wconf 90' lang='lat' dir='ltr'><strong>ei</strong></span> <span class='ocrx_word' id='word_1_443' title='bbox 1418 4348 1574 4410; x_wconf 81' lang='lat' dir='ltr'><strong>ttmeatur</strong></span> <span class='ocrx_word' id='word_1_444' title='bbox 1583 4350 1767 4426; x_wconf 90' lang='lat' dir='ltr'><strong>periculum</strong></span> 
     </span>
     <span class='ocr_line' id='line_1_90' title="bbox 975 4445 1768 4523; baseline 0.006 -19"><span class='ocrx_word' id='word_1_445' title='bbox 975 4445 1159 4512; x_wconf 87' lang='lat' dir='ltr'><strong>imminere,</strong></span> <span class='ocrx_word' id='word_1_446' title='bbox 1173 4461 1246 4506; x_wconf 92' lang='lat' dir='ltr'><strong>cum</strong></span> <span class='ocrx_word' id='word_1_447' title='bbox 1262 4445 1372 4506; x_wconf 90' lang='lat' dir='ltr'><strong>debita</strong></span> <span class='ocrx_word' id='word_1_448' title='bbox 1392 4448 1463 4523; x_wconf 90' lang='lat' dir='ltr'><strong>ejus</strong></span> <span class='ocrx_word' id='word_1_449' title='bbox 1484 4463 1646 4508; x_wconf 90' lang='lat' dir='ltr'><strong>summam</strong></span> <span class='ocrx_word' id='word_1_450' title='bbox 1667 4449 1768 4510; x_wconf 91' lang='lat' dir='ltr'><strong>trium</strong></span> 
     </span>
     <span class='ocr_line' id='line_1_91' title="bbox 975 4542 1769 4622; baseline 0.005 -20"><span class='ocrx_word' id='word_1_451' title='bbox 975 4542 1114 4602; x_wconf 91' lang='lat' dir='ltr'><strong>millium</strong></span> <span class='ocrx_word' id='word_1_452' title='bbox 1131 4558 1317 4604; x_wconf 81' lang='lat' dir='ltr'><strong>marcarum</strong></span> <span class='ocrx_word' id='word_1_453' title='bbox 1343 4545 1519 4620; x_wconf 88' lang='lat' dir='ltr'><strong>attingant,</strong></span> <span class='ocrx_word' id='word_1_454' title='bbox 1534 4546 1566 4606; x_wconf 89' lang='lat' dir='ltr'><strong>et</strong></span> <span class='ocrx_word' id='word_1_455' title='bbox 1571 4545 1698 4622; x_wconf 87' lang='lat' dir='ltr'><strong>jugiter</strong></span> <span class='ocrx_word' id='word_1_456' title='bbox 1712 4563 1769 4606; x_wconf 92' lang='lat' dir='ltr'><strong>au·</strong></span> 
     </span>
     <span class='ocr_line' id='line_1_92' title="bbox 973 4641 1767 4719; baseline 0.005 -20"><span class='ocrx_word' id='word_1_457' title='bbox 973 4641 1125 4716; x_wconf 87' lang='lat' dir='ltr'><strong>geantur,</strong></span> <span class='ocrx_word' id='word_1_458' title='bbox 1143 4655 1319 4700; x_wconf 85' lang='lat' dir='ltr'><strong>usurarum</strong></span> <span class='ocrx_word' id='word_1_459' title='bbox 1345 4642 1504 4716; x_wconf 84' lang='lat' dir='ltr'><strong>voragine</strong></span> <span class='ocrx_word' id='word_1_460' title='bbox 1524 4642 1672 4703; x_wconf 91' lang='lat' dir='ltr'><strong>redditus</strong></span> <span class='ocrx_word' id='word_1_461' title='bbox 1695 4647 1767 4719; x_wconf 85' lang='lat' dir='ltr'><strong>ejus</strong></span> 
     </span>
     <span class='ocr_line' id='line_1_93' title="bbox 975 4736 1766 4814; baseline 0.005 -17"><span class='ocrx_word' id='word_1_462' title='bbox 975 4753 1058 4813; x_wconf 91' lang='lat' dir='ltr'><strong>pene</strong></span> <span class='ocrx_word' id='word_1_463' title='bbox 1078 4737 1209 4813; x_wconf 87' lang='lat' dir='ltr'><strong>penitus</strong></span> <span class='ocrx_word' id='word_1_464' title='bbox 1238 4736 1446 4799; x_wconf 89' lang='lat' dir='ltr'><strong>absorbente.</strong></span> <span class='ocrx_word' id='word_1_465' title='bbox 1474 4741 1554 4799; x_wconf 90' lang='lat' dir='ltr'><strong>Cum</strong></span> <span class='ocrx_word' id='word_1_466' title='bbox 1569 4740 1671 4814; x_wconf 85' lang='lat' dir='ltr'><strong>igitur</strong></span> <span class='ocrx_word' id='word_1_467' title='bbox 1689 4740 1766 4801; x_wconf 89' lang='lat' dir='ltr'><strong>huic</strong></span> 
     </span>
     <span class='ocr_line' id='line_1_94' title="bbox 975 4835 1768 4900; baseline 0.006 -6"><span class='ocrx_word' id='word_1_468' title='bbox 975 4835 1167 4896; x_wconf 90' lang='lat' dir='ltr'><strong>necessitati</strong></span> <span class='ocrx_word' id='word_1_469' title='bbox 1209 4835 1455 4896; x_wconf 89' lang='lat' dir='ltr'><strong>communicare</strong></span> <span class='ocrx_word' id='word_1_470' title='bbox 1487 4851 1545 4896; x_wconf 85' lang='lat' dir='ltr'><strong>vos</strong></span> <span class='ocrx_word' id='word_1_471' title='bbox 1583 4835 1698 4898; x_wconf 89' lang='lat' dir='ltr'><strong>deceat</strong></span> <span class='ocrx_word' id='word_1_472' title='bbox 1734 4841 1768 4900; x_wconf 90' lang='lat' dir='ltr'><strong>et</strong></span> 
     </span>
     <span class='ocr_line' id='line_1_95' title="bbox 974 4933 1768 5009; baseline 0.005 -18"><span class='ocrx_word' id='word_1_473' title='bbox 974 4933 1120 5008; x_wconf 88' lang='lat' dir='ltr'><strong>episcopi</strong></span> <span class='ocrx_word' id='word_1_474' title='bbox 1135 4933 1238 4994; x_wconf 87' lang='lat' dir='ltr'><strong>vestri</strong></span> <span class='ocrx_word' id='word_1_475' title='bbox 1251 4948 1353 4994; x_wconf 91' lang='lat' dir='ltr'><strong>onera</strong></span> <span class='ocrx_word' id='word_1_476' title='bbox 1378 4935 1585 5009; x_wconf 88' lang='lat' dir='ltr'><strong>supportare,</strong></span> <span class='ocrx_word' id='word_1_477' title='bbox 1600 4934 1768 4995; x_wconf 90' lang='lat' dir='ltr'><strong>universi-</strong></span> 
     </span>
     <span class='ocr_line' id='line_1_96' title="bbox 974 5030 1766 5095; baseline 0.003 -5"><span class='ocrx_word' id='word_1_478' title='bbox 974 5032 1076 5090; x_wconf 88' lang='lat' dir='ltr'><strong>tatem</strong></span> <span class='ocrx_word' id='word_1_479' title='bbox 1087 5033 1232 5091; x_wconf 87' lang='lat' dir='ltr'><strong>vestram</strong></span> <span class='ocrx_word' id='word_1_480' title='bbox 1254 5031 1451 5091; x_wconf 90' lang='lat' dir='ltr'><strong>monendam</strong></span> <span class='ocrx_word' id='word_1_481' title='bbox 1467 5030 1623 5093; x_wconf 83' lang='lat' dir='ltr'><strong>duximus</strong></span> <span class='ocrx_word' id='word_1_482' title='bbox 1635 5038 1668 5095; x_wconf 90' lang='lat' dir='ltr'><strong>et</strong></span> <span class='ocrx_word' id='word_1_483' title='bbox 1682 5032 1766 5094; x_wconf 90' lang='lat' dir='ltr'><strong>hor·</strong></span> 
     </span>
     <span class='ocr_line' id='line_1_97' title="bbox 973 5127 1765 5208; baseline 0.008 -21"><span class='ocrx_word' id='word_1_484' title='bbox 973 5128 1107 5187; x_wconf 86' lang='lat' dir='ltr'><strong>tendam</strong></span> <span class='ocrx_word' id='word_1_485' title='bbox 1121 5142 1181 5203; x_wconf 90' lang='lat' dir='ltr'><strong>per</strong></span> <span class='ocrx_word' id='word_1_486' title='bbox 1191 5127 1379 5203; x_wconf 76' lang='lat' dir='ltr'><strong>apostolica</strong></span> <span class='ocrx_word' id='word_1_487' title='bbox 1396 5128 1489 5189; x_wconf 83' lang='lat' dir='ltr'><strong>robis</strong></span> <span class='ocrx_word' id='word_1_488' title='bbox 1505 5130 1627 5207; x_wconf 89' lang='lat' dir='ltr'><strong>scripta</strong></span> <span class='ocrx_word' id='word_1_489' title='bbox 1644 5132 1765 5208; x_wconf 86' lang='lat' dir='ltr'><strong>praeci-</strong></span> 
     </span>
     <span class='ocr_line' id='line_1_98' title="bbox 974 5224 1765 5301; baseline 0.01 -18"><span class='ocrx_word' id='word_1_490' title='bbox 974 5224 1095 5300; x_wconf 89' lang='lat' dir='ltr'><strong>piendo</strong></span> <span class='ocrx_word' id='word_1_491' title='bbox 1131 5225 1336 5296; x_wconf 88' lang='lat' dir='ltr'><strong>mandantes,</strong></span> <span class='ocrx_word' id='word_1_492' title='bbox 1365 5229 1539 5301; x_wconf 85' lang='lat' dir='ltr'><strong>quatenus,</strong></span> <span class='ocrx_word' id='word_1_493' title='bbox 1565 5228 1651 5292; x_wconf 85' lang='lat' dir='ltr'><strong>tacta</strong></span> <span class='ocrx_word' id='word_1_494' title='bbox 1680 5246 1765 5291; x_wconf 91' lang='lat' dir='ltr'><strong>con·</strong></span> 
     </span>
     <span class='ocr_line' id='line_1_99' title="bbox 974 5321 1764 5400; baseline 0.005 -18"><span class='ocrx_word' id='word_1_495' title='bbox 974 5321 1154 5383; x_wconf 90' lang='lat' dir='ltr'><strong>tributione</strong></span> <span class='ocrx_word' id='word_1_496' title='bbox 1191 5338 1250 5399; x_wconf 93' lang='lat' dir='ltr'><strong>pro</strong></span> <span class='ocrx_word' id='word_1_497' title='bbox 1290 5324 1501 5385; x_wconf 86' lang='lat' dir='ltr'><strong>facultatibus</strong></span> <span class='ocrx_word' id='word_1_498' title='bbox 1540 5326 1764 5400; x_wconf 91' lang='lat' dir='ltr'><strong>singulorum,</strong></span> 
     </span>
     <span class='ocr_line' id='line_1_100' title="bbox 974 5420 1767 5497; baseline 0.011 -20"><span class='ocrx_word' id='word_1_499' title='bbox 974 5420 1181 5481; x_wconf 88' lang='lat' dir='ltr'><strong>medietatem</strong></span> <span class='ocrx_word' id='word_1_500' title='bbox 1197 5422 1336 5482; x_wconf 85' lang='lat' dir='ltr'><strong>solvatis</strong></span> <span class='ocrx_word' id='word_1_501' title='bbox 1352 5422 1455 5482; x_wconf 93' lang='lat' dir='ltr'><strong>debiti</strong></span> <span class='ocrx_word' id='word_1_502' title='bbox 1470 5425 1655 5497; x_wconf 76' lang='lat' dir='ltr'><strong>praetaxati,</strong></span> <span class='ocrx_word' id='word_1_503' title='bbox 1673 5428 1708 5486; x_wconf 94' lang='lat' dir='ltr'><strong>ut</strong></span> <span class='ocrx_word' id='word_1_504' title='bbox 1719 5427 1767 5486; x_wconf 91' lang='lat' dir='ltr'><strong>sic</strong></span> 
     </span>
     <span class='ocr_line' id='line_1_101' title="bbox 974 5518 1764 5595; baseline 0.01 -18"><span class='ocrx_word' id='word_1_505' title='bbox 974 5518 1081 5578; x_wconf 89' lang='lat' dir='ltr'><strong>dictus</strong></span> <span class='ocrx_word' id='word_1_506' title='bbox 1099 5519 1273 5595; x_wconf 87' lang='lat' dir='ltr'><strong>episcopus</strong></span> <span class='ocrx_word' id='word_1_507' title='bbox 1297 5520 1337 5579; x_wconf 88' lang='lat' dir='ltr'><strong>de</strong></span> <span class='ocrx_word' id='word_1_508' title='bbox 1363 5520 1553 5595; x_wconf 88' lang='lat' dir='ltr'><strong>hujusmodi</strong></span> <span class='ocrx_word' id='word_1_509' title='bbox 1580 5521 1764 5584; x_wconf 89' lang='lat' dir='ltr'><strong>debitorum</strong></span> 
     </span>
    </p>
   </div>
   <div class='ocr_carea' id='block_1_24' title="bbox 953 5616 1766 5692">
    <p class='ocr_par' dir='ltr' id='par_1_28' title="bbox 953 5616 1766 5692">
     <span class='ocr_line' id='line_1_102' title="bbox 953 5616 1766 5692; baseline 0.014 -21"><span class='ocrx_word' id='word_1_510' title='bbox 953 5686 954 5689; x_wconf 8' lang='grc' dir='ltr'><strong>Ἴ</strong></span> <span class='ocrx_word' id='word_1_511' title='bbox 974 5616 1102 5692; x_wconf 86' lang='lat' dir='ltr'><strong>pelago,</strong></span> <span class='ocrx_word' id='word_1_512' title='bbox 1110 5631 1168 5692; x_wconf 90' lang='lat' dir='ltr'><strong>per</strong></span> <span class='ocrx_word' id='word_1_513' title='bbox 1179 5617 1343 5677; x_wconf 81' lang='lat' dir='ltr'><strong>auxilinm</strong></span> <span class='ocrx_word' id='word_1_514' title='bbox 1353 5620 1473 5678; x_wconf 83' lang='lat' dir='ltr'><strong>vestrae</strong></span> <span class='ocrx_word' id='word_1_515' title='bbox 1483 5619 1643 5690; x_wconf 88' lang='lat' dir='ltr'><strong>caritatls,</strong></span> <span class='ocrx_word' id='word_1_516' title='bbox 1657 5636 1766 5682; x_wconf 85' lang='lat' dir='ltr'><strong>erner-</strong></span> 
     </span>
    </p>
   </div>
   <div class='ocr_carea' id='block_1_25' title="bbox 0 0 1892 6181">
    <p class='ocr_par' dir='ltr' id='par_1_29' title="bbox 0 0 1892 6181">
     <span class='ocr_line' id='line_1_103' title="bbox 0 0 1892 6181; baseline 0 0"><span class='ocrx_word' id='word_1_517' title='bbox 0 0 1892 6181; x_wconf 95' lang='lat' dir='ltr'><strong> </strong></span> 
     </span>
    </p>
   </div>
  </div>
 </body>
</html>
