3774 6186
114 275 175 334 839

155 436 202 494 De
218 434 393 510 prudentia
411 434 444 495 et
458 433 597 495 caritate
612 433 669 514 tua
688 432 908 496 indubitatam

115 530 271 592 fiduciam
284 531 470 593 obtinentes
489 532 522 591 in
540 530 702 603 omnibus,
721 548 794 608 quae
810 547 909 608 spec-

114 630 189 691 tant
203 630 243 689 ad
260 631 429 705 negotium
452 630 538 699 fidei,
555 629 640 706 quod
666 631 700 688 in
723 630 909 690 Provinciae

115 727 266 805 partibus
281 728 418 802 geritur,
436 728 612 802 legationis
626 726 783 798 osticium,
799 726 860 787 tibi
875 726 910 784 in

114 825 173 886 tua
185 825 355 900 provincia
369 825 524 885 duximus
539 824 819 890 committendum,
830 838 913 884 con-

116 937 210 982 cessa
225 921 284 982 tibi
296 921 446 997 plenaria
462 920 780 997 potestatelaciendi
796 921 910 981 tamin

92 1039 96 1047 ·
115 1019 344 1093 indulgentiis,
362 1035 458 1096 quam
480 1020 513 1078 in
533 1019 621 1086 aliis,
639 1019 761 1088 omnia,
779 1034 852 1094 quae
869 1015 909 1077 ad

115 1116 354 1177 relevationem
379 1117 484 1192 ipsius
507 1117 629 1191 negotii
655 1117 780 1176 videris
809 1131 912 1190 expe-

115 1214 204 1286 dira;
217 1213 263 1274 ita
279 1215 389 1274 tamen
406 1214 490 1290 quod
504 1216 577 1274 vota
589 1228 714 1283 eorum,
728 1213 784 1289 qui
800 1228 912 1272 cruce·

116 1311 239 1386 signati
259 1313 336 1371 sunt
357 1311 398 1370 ad
426 1310 608 1370 subsidium
631 1313 741 1370 Terrae
768 1311 909 1379 Sanctae,

114 1408 269 1468 nolumus
295 1408 506 1484 aliquatenus
529 1409 738 1468 commutari.
769 1407 911 1483 Ideoque

115 1504 356 1566 fraternitatem
372 1509 461 1565 tuam
475 1521 631 1579 rogamus
647 1507 679 1567 et
693 1505 865 1565 hortamur
875 1505 910 1563 in

115 1603 266 1674 Domino,
277 1603 531 1678 parapostolica
541 1603 600 1663 tibi
614 1603 738 1678 scripta
754 1600 912 1662 mandan-

114 1700 176 1770 tes,
198 1702 361 1777 quatenus
377 1700 587 1760 carissimum
602 1699 638 1759 in
658 1699 790 1760 Christo
807 1699 910 1758 tilium

115 1798 266 1858 nostrum
290 1798 350 1857 Pb.
367 1813 478 1872 regem
507 1799 711 1858 Francorum
734 1797 908 1867 illustrem,

66 1913 70 1922 ·
116 1897 212 1973 cujus
237 1895 426 1971 specialiter
450 1896 599 1965 interest,
618 1897 653 1955 ut
673 1894 781 1970 ipsum
803 1909 910 1969 nego·

115 1993 200 2054 tium
215 1993 392 2063 relevetur,
411 2009 475 2052 una
497 2009 571 2053 cum
587 1991 833 2053 venerabilibus
849 1991 912 2051 lra-

116 2089 223 2150 tribus
240 2090 363 2152 nostris
377 2089 532 2150 Remensi
548 2094 580 2149 et
592 2088 789 2150 Bituricensi
806 2088 912 2148 archi-

117 2187 282 2263 episcopis
307 2188 425 2264 quibus
444 2187 476 2246 in
494 2187 662 2256 Remensi,
679 2185 864 2247 Turonensi
879 2186 913 2247 et

117 2270 377 2358 Rotbomagensi
396 2284 577 2359 provinciis
593 2286 625 2343 et
640 2282 774 2343 dioecesi
788 2282 913 2344 Bituri-

118 2382 210 2443 censi
229 2381 338 2441 simile
351 2380 494 2441 osticium
507 2380 661 2441 distincte
674 2380 909 2450 commisimus,

116 2479 158 2540 ad
174 2479 278 2554 ipsius
294 2479 531 2539 relevationem
555 2478 679 2553 negotii
699 2478 832 2539 studeas
856 2477 911 2536 in-

116 2576 238 2637 ducere
249 2575 436 2651 diligenter,
454 2577 566 2637 ettam
585 2577 703 2651 ipsum,
717 2590 814 2651 quam
825 2575 910 2635 alios

115 2673 156 2735 ad
168 2674 199 2734 id
213 2675 366 2748 satagens
378 2673 544 2746 animare;
560 2673 770 2733 commissam
781 2671 913 2733 tibisol·

115 2771 324 2833 licitudinem
340 2771 536 2852 exsequaris
552 2771 598 2831 ita
615 2769 769 2840 sollicite,
786 2785 825 2830 ac
838 2785 913 2845 pru·

115 2868 242 2938 denter,
258 2867 343 2944 quod
356 2882 415 2943 per
430 2866 493 2928 hoc
506 2882 660 2928 crescens
675 2867 809 2926 nomine
824 2865 911 2942 apud

115 2966 268 3026 homines
283 2967 317 3026 et
336 2966 453 3025 merito
478 2964 565 3041 apud
588 2967 702 3035 Deum,
728 2965 761 3026 et
783 2964 913 3040 specia-

114 3063 192 3125 liter
209 3079 270 3124 nos
286 3064 319 3123 et
333 3062 453 3123 iratres
467 3063 573 3123 nostri
589 3063 645 3139 qui
665 3062 705 3122 da
721 3061 909 3138 prudentia,

113 3161 275 3223 modestia
295 3162 328 3222 et
343 3161 640 3237 circumspectione
655 3162 712 3220 tua
732 3175 824 3237 spem
846 3175 911 3219 non

114 3260 280 3321 modicam
306 3260 469 3334 gerimus,
494 3273 566 3318 eam
596 3273 639 3317 ex
664 3257 730 3318 tuis
757 3255 912 3334 operibus

115 3356 371 3434 comprobantes
395 3357 513 3416 merito
529 3357 562 3416 in
582 3358 639 3415 tua
660 3356 799 3415 caritate
820 3369 913 3414 cres-

115 3472 241 3517 camus.
263 3457 381 3515 Datum
412 3454 584 3523 Laterani,
610 3454 655 3512 111
678 3467 783 3512 nonas
809 3451 910 3527 junii,

114 3553 327 3632 pontificatus
341 3550 447 3610 nostri
463 3565 550 3608 auno
571 3548 698 3625 quinto.

154 3672 197 3728 Iit
217 3670 375 3728 crtntdcnt
388 3667 527 3727 anodiam
541 3664 712 3737 scriptam
726 3665 777 3724 cst
792 3664 829 3724 Bi
835 3663 913 3724 turi·

116 3765 208 3826 censi
227 3763 489 3837 archiepiscopo.
512 3764 557 3821 De
575 3760 750 3837 prudentia
772 3764 805 3822 et
824 3761 913 3821 cari-

115 3865 183 3924 tate
199 3864 256 3922 tua
269 3859 487 3921 indubitatam
504 3859 658 3919 fiduciam
675 3858 863 3920 obtinentes
877 3859 912 3918 in

116 3959 271 4021 omnibus
295 3972 368 4032 quae
397 3958 547 4031 spectant
568 3956 609 4016 ad
632 3956 800 4030 negotium
823 3954 911 4026 fidei,

118 4057 205 4134 quod
227 4056 262 4115 in
283 4054 468 4114 Provinciae
487 4054 635 4130 partibus
655 4054 792 4128 geritur,
816 4052 912 4128 lega-

116 4154 218 4217 tionis
234 4151 381 4212 officium
401 4150 461 4211 tibi
477 4151 511 4210 in
526 4151 712 4211 Turonensi
728 4150 911 4227 provincia,

118 4254 151 4313 et
161 4252 218 4311 tua
229 4249 364 4310 dioecesi
378 4248 533 4308 duximus
547 4248 827 4318 committendum,
837 4249 911 4318 etc,

119 4350 268 4423 utsupra
283 4360 390 4419 ttspttc
405 4344 650 4406 venerabilibus
667 4344 824 4405 iratribus
835 4359 915 4404 nos-

116 4447 179 4508 tris
196 4443 382 4505 senonensi
406 4446 439 4503 et
462 4442 617 4503 Remensi
640 4441 912 4518 archiepiscopis,

119 4543 239 4621 quibus
252 4540 287 4600 in
303 4539 498 4609 senonensi,
515 4539 670 4598 Remensi
686 4539 719 4599 et
733 4538 915 4599 Rothoma-

119 4641 214 4717 gensi
243 4637 424 4715 provinciis
452 4636 561 4697 simile
589 4635 747 4708 osticium,
773 4637 848 4708 etc,
880 4635 915 4698 ut

120 4753 221 4815 supra
235 4751 342 4810 arsque
363 4739 401 4796 tn
419 4736 535 4807 necat.

160 4847 203 4903 ln
218 4845 375 4904 curndem
391 4845 530 4903 modam
550 4841 719 4913 saeptum
738 4840 825 4901 est...
843 4842 914 4901 Re-

120 4939 226 5003 mensi
243 4938 504 5015 archiepiscopo.
522 4940 568 4998 De
584 4937 759 5014 prudentia
774 4939 806 4999 et
821 4937 914 4998 cari-

120 5040 189 5101 tate
200 5040 269 5107 tua,
286 5037 361 5107 etc„
376 5050 482 5108 usqae
501 5034 679 5110 legationis
695 5035 840 5096 osticium
854 5034 914 5097 tibi

122 5137 158 5198 in
193 5133 349 5196 Remensi
379 5132 413 5193 et
440 5131 699 5208 Rothomagensi
735 5133 915 5208 provinciis

122 5232 277 5295 duximus
293 5228 573 5299 committendum,
595 5231 670 5300 etc,
692 5244 799 5302 arsque
813 5245 917 5290 vene-

121 5319 283 5392 rabilibus
298 5325 456 5388 lratribus
471 5327 594 5387 nostris
618 5329 795 5398 senonen,
812 5327 845 5388 et
859 5327 917 5387 Bi-

159 5467 199 5542 (l)
215 5468 293 5527 Cotta
307 5468 388 5525 lettre
403 5473 447 5523 est
456 5462 472 5523 a
482 5481 630 5539 comparer
644 5481 714 5523 eveo
726 5465 842 5523 l'article
851 5481 917 5524 con·

123 5547 241 5599 cernant
256 5540 281 5595 le
297 5534 459 5596 monestere
473 5536 509 5595 de
525 5537 739 5595 seint-Germia
753 5544 781 5594 et
796 5538 914 5604 Protais,

122 5612 195 5668 dans
209 5611 235 5667 la
252 5609 327 5666 Gall.
344 5609 455 5677 christ,
471 5615 491 5666 t.
508 5609 530 5677 1,
547 5606 601 5665 col.
617 5607 680 5666 602.
700 5608 738 5667 Ge
752 5608 801 5680 qui
819 5614 863 5666 est
876 5607 918 5664 dit

739 275 915 337 HONORII
938 275 981 335 111
1004 275 1152 335 OPERA.

1707 267 1767 328 840

966 433 1105 494 turiceu.
1121 430 1396 508 archiepiscopis,
1407 427 1526 506 quibus
1539 429 1575 488 in
1592 429 1760 488 senonen.

965 530 997 590 et
1014 532 1180 589 Turonen.
1209 526 1390 603 provinciis
1419 525 1599 587 Bituricen.
1626 522 1763 583 dioecesi

965 627 1073 686 simile
1088 625 1246 696 cilicium,
1264 626 1340 695 etc,
1357 625 1515 697 usquein
1530 624 1650 696 fiarent.

1266 857 1459 943 CCCCXX

1048 1001 1101 1060 Ad
1113 1000 1351 1061 arelatensem
1365 1001 1674 1072 archiepiscopum·

1265 1121 1367 1194 sinnii
1388 1121 1465 1178 lali.

996 1235 1117 1299 magea,
1127 1236 1171 1286 lib.
1183 1237 1215 1293 V,
1228 1236 1302 1300 epist.
1313 1236 1368 1284 726.
1386 1236 1442 1286 tiss.
1455 1237 1490 1285 La
1500 1236 1577 1285 Parte
1593 1235 1627 1285 du
1639 1233 1733 1298 rhen]

964 1342 1178 1400 ordinationem
1202 1344 1230 1398 in
1253 1344 1427 1399 monasterio
1454 1343 1550 1399 Sancti
1574 1342 1706 1400 Gervesii
1729 1340 1763 1398 de

1000 1432 1099 1496 Fossa,
1111 1445 1125 1486 a
1139 1429 1268 1487 Conrado
1277 1431 1425 1486 Poriuensi
1440 1430 1576 1500 episcopo
1591 1429 1762 1501 Apostolica

1000 1518 1081 1576 Sedis
1091 1519 1187 1590 legato
1198 1515 1312 1586 lectam,
1330 1518 1498 1574 auctoritate
1512 1517 1678 1589 Apostolica
1693 1532 1759 1573 cou-

1002 1606 1196 1679 dispellit...
1214 1607 1351 1663 Inseritur
1366 1606 1426 1678 ipsa
1445 1605 1596 1664 ordinarie.

1004 1724 1182 1794 Honorius,
1195 1725 1270 1794 etc,
1282 1721 1467 1785 venerabili
1478 1722 1577 1783 fratri
1592 1722 1759 1784 arelaten.

965 1813 1227 1897 archiepiscopo.

1005 1921 1050 1978 Ea
1066 1935 1139 1994 quaa
1155 1933 1214 1995 per
1229 1918 1356 1993 legatos
1368 1917 1677 1993 sedisapostolicae
1692 1933 1763 1992 pro-

965 2016 1040 2076 vide
1061 2015 1268 2085 ordinantur,
1288 2017 1401 2077 nostro
1425 2014 1560 2091 expedit
1579 2013 1762 2075 munimine

965 2112 1128 2182 roborari,
1143 2128 1184 2172 ne
1200 2112 1260 2172 ulli
1277 2111 1471 2188 subjaceant
1483 2112 1672 2188 quaestioni,
1689 2127 1761 2172 cum

966 2209 1127 2270 immobili
1153 2208 1360 2270 firmamento
1385 2208 1508 2270 luerint
1535 2207 1762 2270 stabilitam

966 2310 1109 2384 propter,
1127 2306 1330 2367 venerabilis
1355 2307 1390 2367 in
1411 2306 1541 2367 Christo
1567 2306 1681 2376 irater,
1697 2305 1761 2366 tuis

961 2405 1061 2482 justis
1084 2403 1383 2480 supplicationibus
1407 2405 1503 2480 grato
1524 2403 1762 2465 concurrentes

965 2517 1115 2572 assensu,
1143 2501 1400 2571 ordinationem,
1427 2500 1479 2560 vel
1509 2500 1763 2560 translationem

966 2598 1184 2674 potiusquam
1197 2597 1399 2659 venerabilis
1411 2596 1514 2658 frater
1524 2597 1675 2658 noster...
1686 2599 1763 2657 Por-

965 2695 1093 2756 tuensis
1122 2696 1310 2771 episcopus,
1327 2694 1526 2770 apostolicae
1547 2694 1644 2754 Sedis
1672 2693 1764 2769 lega-

966 2795 1029 2863 tus,
1042 2792 1077 2851 iu
1093 2792 1296 2852 monasterio
1309 2791 1422 2852 Sancti
1438 2791 1590 2851 Gervasii
1603 2790 1645 2851 de
1660 2793 1763 2851 Fossa

967 2889 1055 2959 lecit,
1079 2890 1176 2966 prout
1199 2889 1235 2948 in
1261 2889 1366 2965 ipsius
1388 2888 1508 2948 litteris
1533 2887 1763 2963 perspeximus

966 2987 1148 3054 continere,
1170 2986 1256 3048 sicut
1278 2985 1415 3062 provide
1434 2985 1521 3046 lacta
1542 2987 1593 3045 est
1617 2984 1764 3045 auctori-

965 3086 1033 3146 tate
1055 3084 1246 3160 apostolica
1266 3084 1511 3153 confirmamus
1538 3083 1571 3142 et
1590 3083 1763 3159 praesentis

967 3182 1082 3257 scripti
1103 3181 1290 3257 patrocinio
1309 3182 1562 3242 communimus,
1584 3179 1634 3240 Ad
1655 3183 1762 3257 majo·

965 3295 1035 3340 rem
1051 3282 1161 3340 autem
1177 3279 1225 3340 rei
1238 3278 1452 3345 evidentiam,
1464 3284 1614 3339 tenorem
1630 3278 1762 3339 littera-

966 3393 1039 3437 rum
1054 3377 1202 3453 ipsarum
1219 3376 1260 3437 de
1279 3376 1381 3437 verbo
1401 3376 1441 3436 ad
1462 3375 1600 3436 verbum
1616 3391 1765 3452 praesen·

966 3474 1054 3536 tibus
1067 3473 1222 3534 duximus
1237 3472 1462 3542 inserendum,
1479 3474 1536 3550 qui
1552 3476 1603 3535 est
1617 3472 1718 3534 talis:

1006 3571 1178 3631 Conradus
1193 3572 1411 3633 miseratione
1432 3571 1546 3631 divina
1568 3568 1763 3632 Portuensis

967 3671 1000 3730 et
1027 3669 1157 3729 Sanctae
1192 3669 1320 3730 Rudnae
1351 3669 1536 3745 episcopus,
1564 3668 1764 3745 Apostolicae

968 3765 1062 3827 Sedis
1078 3766 1216 3842 legatus.
1236 3766 1409 3828 Universis
1426 3768 1549 3827 sanctae
1563 3767 1684 3828 matris
1699 3768 1762 3826 Ec-

967 3864 1077 3924 clesiae
1094 3864 1171 3923 filiis
1186 3864 1253 3924 tam
1274 3863 1505 3940 praesentibus,
1529 3880 1628 3940 quam
1644 3863 1764 3925 futuris

968 3960 1157 4021 salutemiu
1182 3961 1313 4022 Christo
1332 3964 1424 4022 lesu.
1449 3964 1572 4021 Rerum
1595 3961 1763 4036 gestarum

970 4059 1076 4118 series
1100 4059 1227 4118 idcirco
1247 4058 1446 4134 scriptorum
1466 4060 1583 4119 tenore
1602 4060 1763 4129 munitur,

969 4170 1010 4215 ne
1026 4155 1122 4231 lapsu
1141 4156 1293 4216 notitiam
1313 4156 1519 4231 posteritatis
1536 4155 1649 4227 evitet,
1666 4157 1764 4218 dans-

969 4269 1033 4328 que
1058 4253 1166 4314 locum
1197 4253 1477 4323 cavillationibus
1504 4255 1538 4314 et
1563 4254 1599 4313 in
1624 4254 1763 4330 posteris

968 4350 1169 4421 liberiorem,
1184 4367 1223 4412 ea
1235 4367 1307 4427 quae
1320 4350 1499 4412 salubriter
1508 4352 1660 4428 tempora
1674 4368 1762 4428 prae-

968 4448 1118 4508 cedentia
1134 4448 1379 4525 disposuerunt‚
1398 4447 1602 4509 machinatio
1621 4448 1762 4510 fraudu-

968 4544 1041 4605 losa
1065 4545 1312 4606 succedentium
1340 4545 1492 4622 nequiter
1517 4545 1655 4608 irritare
1686 4563 1766 4608 coa·

967 4643 1090 4704 tendat.
1103 4644 1187 4702 Hinc
1198 4645 1248 4703 est
1260 4643 1346 4718 quod
1359 4644 1508 4704 volentes
1522 4644 1620 4704 caute
1634 4645 1763 4705 casibus

968 4755 1143 4800 occurrere
1153 4739 1274 4800 futuris
1288 4740 1329 4800 ad
1341 4742 1492 4802 notitiam
1503 4743 1651 4802 vestram
1667 4742 1765 4802 duri·

968 4854 1041 4897 mus
1057 4838 1326 4914 perveniendum.
1344 4839 1413 4898 Nos
1429 4855 1529 4915 quum
1545 4839 1657 4901 adhuc
1675 4841 1764 4916 lega·

968 4935 1069 4997 tionis
1098 4935 1206 4996 officio
1232 4935 1458 5011 fungeremur,
1488 4935 1576 4997 inira
1607 4939 1764 5015 scriptam

969 5033 1164 5109 potestatem
1205 5048 1225 5093 a
1265 5033 1477 5094 sanctissimo
1520 5035 1615 5111 patre
1652 5038 1763 5097 nostro

969 5146 1097 5191 summo
1112 5130 1267 5208 pontifice
1287 5130 1433 5192 Honorio
1449 5131 1617 5207 recepisse
1635 5133 1673 5193 in
1695 5134 1764 5195 haec

968 5226 1095 5288 verba:

1010 5341 1029 5384 tt
1052 5325 1219 5385 Honorius
1241 5324 1427 5402 episcopus,
1454 5339 1572 5386 servus
1593 5342 1765 5389 servorum

970 5464 1005 5522 de
1019 5464 1045 5521 la
1060 5466 1252 5523 construction
1272 5465 1308 5523 de
1327 5473 1400 5524 cette
1415 5465 1525 5539 abbaye
1540 5466 1613 5525 u’est
1632 5483 1685 5541 pas
1700 5485 1762 5542 par·

971 5534 1118 5594 iaitcment
1132 5534 1344 5594 conformetis
1360 5545 1460 5594 teneor
1471 5537 1506 5594 de
1519 5544 1595 5595 cette
1610 5539 1704 5599 lettre.
