3774 6186
680 321 1009 388 3313333333.
1033 325 1072 389 v.
1187 356 1192 366 ·
1244 292 1248 305 ’

49 327 119 392 829.

51 486 88 548 13
108 487 222 548 nostra
244 485 417 564 proposuit
438 486 617 562 praesentia
637 485 847 559 constitutus,
904 487 1009 565 parte,
1025 483 1113 565 3333
1127 486 1193 564 ipsi
1204 485 1308 549 nobili
1321 500 1382 564 per
1393 500 1533 549 noanon
1544 486 1701 552 videatur

53 582 141 660 3333
156 583 239 659 1333,
254 597 294 644 33
309 583 409 645 313333
424 583 593 644 memoriae
606 583 797 644 willelmus
809 582 850 644 de
905 600 1035 657 aurum,
1060 583 1243 666 [tributum]
1267 586 1345 664 quia
1362 585 1396 646 13
1418 585 1505 648 31331
1527 585 1699 660 indecens,

53 680 537 757 Banci0,princepsAnrasicae
554 680 658 741 frater
672 683 757 758 ejus,
774 679 851 741 fidei
906 685 939 745 et
957 684 1140 759 indignum,
1166 683 1214 746 113
1237 683 1333 745 33113
1357 699 1459 761 grave
1481 684 1651 756 existeret,
1668 685 1702 747 et

52 778 137 847 zelo,
162 780 195 840 et
219 778 327 840 felicis
354 779 523 839 memoriae
547 779 732 840 innocentii
752 781 851 855 Papae
906 781 1092 844 molestum.
1110 781 1698 861 13131313133331,1113333311ιηί1

1638 329 1699 390 830

53 876 314 953 praedecessoris
328 875 435 937 nostri
456 875 611 953 precibus
631 878 665 938 et
679 875 852 953 promissis

53 974 194 1046 inducti,
216 973 340 1035 bellurn
361 974 476 1035 contra
491 973 723 1049 Raymundum
745 988 853 1051 quon·

53 1072 130 1133 dam
146 1072 300 1133 comitem
316 1071 516 1133 Tolosanum
536 1074 569 1132 et
583 1075 657 1149 ejus
673 1072 852 1148 complices

53 1171 283 1246 susceperunt,
307 1170 393 1230 unde
415 1171 537 1246 praeter
555 1170 753 1231 amissiones
769 1184 854 1245 quo-

52 1267 207 1327 rumdam
232 1270 430 1338 castrorum,
460 1268 494 1329 et
526 1266 701 1328 innumera
729 1267 861 1327 damna·

54 1379 274 1441 personarum
294 1366 328 1427 et
341 1380 465 1436 rerum,
486 1380 560 1442 quae
579 1364 713 1427 fuerunt
731 1364 795 1425 bac
812 1356 852 1424 de

55 1476 158 1524 eausa
174 1463 335 1539 perpessi,
351 1462 509 1539 praefatus
529 1463 683 1540 princeps
705 1461 852 1523 31133-

54 1559 448 1621 3133333113313333113
470 1559 746 1622 131133333111313
773 1575 853 1637 per-

56 1660 199 1735 emptus.
218 1659 326 1730 Quare
350 1657 439 1718 idem
458 1660 553 1733 Hugo
576 1673 636 1734 pro
661 1657 800 1734 331333,
821 1659 855 1719 et

56 1771 118 1832 pro
140 1755 328 1816 haeredibus
344 1755 424 1817 dicti
441 1755 613 1832 principis,
629 1755 724 1816 nobis
744 1753 855 1815 humi-

56 1852 137 1914 liter
160 1853 369 1930 supplicavit,
387 1854 423 1914 ut
444 1869 504 1931 pro
528 1853 669 1915 consilio
693 1853 852 1930 ipsorum,

57 1950 168 2012 adbuc
197 1951 312 2012 contra
338 1951 493 2012 inimicos
517 1950 595 2012 fidei
619 1951 731 2011 animo
756 1949 855 2011 inde-

56 2048 147 2109 fesso
161 2049 370 2120 certantium,
380 2048 559 2126 specialem
570 2048 716 2125 legatum
727 2048 767 2109 ad
779 2047 855 2108 illas

56 2147 171 2223 partes
186 2145 364 2222 legationis
380 2149 457 2218 tuae,
474 2163 547 2224 quae
563 2147 641 2208 sunt
661 2146 748 2208 citra
764 2145 857 2229 Rho-

58 2244 193 2316 danum,
210 2260 285 2305 cum
304 2245 340 2305 tu
362 2243 408 2304 ibi
424 2245 648 2321 personaliter
662 2244 770 2306 eidem
789 2259 855 2305 no·

56 2340 437 2403 biliadessenonvaleas
446 2342 662 2414 mitteremus,
675 2342 731 2420 qui
740 2340 856 2403 fideles

58 2439 178 2500 contra
198 2439 374 2501 liaeretieos
398 2441 431 2501 et
449 2440 683 2501 baereticorum
710 2438 857 2501 fautores

57 2537 95 2596 in
119 2535 246 2598 eisdem
274 2537 423 2614 partibus
451 2539 671 2599 consistentes
696 2538 858 2600 excitaret

59 2649 121 2712 per
135 2634 370 2711 indulgentias,
384 2636 416 2696 et
427 2650 486 2712 per
498 2635 655 2697 collectas
669 2635 768 2697 etiam
783 2649 858 2695 333-

57 2733 214 2803 tentaret,
237 2749 305 2794 suae
325 2733 478 2809 petitioni
499 2733 671 2810 adJiciens,
697 2734 734 2795 ut
757 2748 858 2809 quum

58 2830 152 2891 terra
173 2833 245 2908 ejus
275 2846 335 2907 per
354 2845 510 2906 guerram
543 2831 756 2892 inimicorum
781 2830 857 2891 fidei

57 2926 254 2989 christianae
276 2928 454 3005 plurimum
479 2928 522 2989 sit
545 2928 722 2997 exhausta,
748 2928 790 2989 33
806 2927 860 3005 pi-

59 3024 223 3102 gnoribus
247 3026 430 3087 Massilien.
454 3025 588 3087 nomine
610 3026 667 3087 133
686 3025 779 3087 ab...
799 3041 859 3086 ar-

59 3123 274 3200 chiepiscopo
296 3123 484 3185 Arelatensi
502 3124 658 3201 receptis,
673 3139 758 3201 333,
775 3123 861 3185 31331

61 3221 198 3293 3131133,
231 3236 392 3282 summam
420 3221 560 3283 duorum
595 3220 736 3282 millium
769 3236 861 3282 mar-

62 3319 202 3380 charum
212 3319 389 3396 attingunt,
402 3320 457 3381 vel
469 3319 510 3380 de
520 3319 670 3381 collectis
683 3318 791 3391 factis,
802 3334 862 3396 pe-

61 3416 251 3478 cuniarium
278 3416 341 3478 sibi
376 3417 522 3478 conferri
555 3416 740 3478 subsidium
770 3416 862 3480 face·

62 3529 185 3574 remus.
203 3515 295 3575 Licet
316 3514 419 3590 igitur
432 3515 577 3591 legatum
597 3514 638 3576 ad
661 3516 771 3592 partes
784 3514 861 3575 illas

62 3625 132 3671 non
158 3610 350 3673 duxerimus
371 3612 615 3684 destinandum,
638 3614 788 3674 volentes
809 3613 862 3674 13-

63 3723 140 3770 men
158 3711 317 3786 quantum
339 3710 434 3772 decet
455 3726 604 3771 annuere
624 3708 778 3787 precibus
800 3725 862 3771 no-

906 880 1117 956 pontiflcatus
1131 879 1236 942 nostri
1251 896 1340 942 anno
1353 881 1479 959 quinte.

1218 1113 1397 1202 CCCCIX

981 1266 1034 1326 Ad
1046 1267 1244 1339 Philippum
1262 1281 1381 1343 sepem
1398 1269 1629 1327 Francorum.

924 1394 1061 1460 [bouquet
1075 1397 1132 1448 1133.
1145 1395 1278 1456 desiliet,
1291 1402 1311 1446 t.
1325 1397 1393 1456 xix,
1407 1413 1432 1462 p.
1442 1397 1503 1456 1911
1517 1401 1543 1447 31
1553 1397 1689 1457 bochem..

1140 1476 1233 1528 Rerum
1245 1477 1346 1536 Franc,
1359 1478 1391 1537 V,
1403 1477 1472 1542 ste]

907 1583 1002 1642 lflnus
1028 1581 1147 1642 feliciter
1169 1583 1340 1657 procedente
1365 1583 1517 1655 13333131,
1542 1584 1622 1659 regis
1644 1582 1705 1655 1111,

945 1671 1083 1730 adversus
1103 1673 1260 1731 tolosanos
1283 1672 1475 1747 expeditione,
1500 1683 1584 1748 rogat
1603 1689 1705 1748 regem

945 1762 1097 1831 Honorius,
1112 1769 1143 1819 ut
1154 1760 1261 1840 bellum
1272 1770 1370 1821 contra
1386 1760 1502 1821 eosdem
1515 1765 1664 1833 instauret,
1677 1769 1708 1821 31

945 1850 1120 1924 obsequatur
1141 1852 1314 1925 episeopisa
1331 1867 1363 1910 se
1379 1851 1521 1927 delegatis
1535 1851 1571 1910 33
1586 1853 1709 1926 3333133

945 1942 1029 1999 33313
1043 1939 1230 2014 indulgentiis
1244 1940 1420 2000 excitandos.

950 2067 1030 2130 Post
1040 2067 1260 2144 Bouquetium
1274 2067 1362 2130 hane
1376 2067 1551 2145 epistolam
1571 2066 1709 2130 recudi-

910 2179 984 2226 mus
999 2165 1034 2228 in
1049 2165 1135 2226 libro
1151 2167 1204 2236 IV,
1222 2164 1275 2226 die
1290 2169 1311 2227 2
1328 2166 1416 2243 junii
1432 2166 1529 2242 12203
1548 2165 1605 2227 sed
1619 2164 1709 2243 patet

911 2262 1021 2325 datam
1058 2262 1162 2324 fuisse
1191 2263 1322 2341 2junii
1350 2265 1449 2337 1221,
1477 2279 1520 2326 ex
1550 2264 1709 2329 contextu

911 2361 1027 2439 primae
1058 2360 1207 2438 epistolae
1235 2362 1277 2422 ad
1308 2360 1495 2423 conradum
1528 2344 1614 2423 datae
1652 2358 1707 2422 die

911 2457 931 2518 3
951 2456 1098 2534 ejusdem
1125 2457 1268 2529 mensis,
1294 2457 1329 2518 in
1354 2472 1418 2534 qua
1443 2457 1567 2534 legitur
1590 2473 1634 2518 :‹
1656 2455 1706 2518 Ad

912 2555 1037 2630 negotii
1057 2554 1208 2631 jamdicti
1223 2554 1419 2628 subsidium,
1439 2554 1650 2617 carissimum
1671 2553 1708 2614 in

912 2651 1043 2714 Christo
1056 2652 1161 2713 illium
1178 2653 1328 2714 nostrum
1348 2653 1409 2713 Ph.
1425 2668 1538 2730 regem
1561 2654 1711 2714 Franco-

912 2766 986 2811 rum
1011 2748 1176 2812 illustrem
1201 2751 1234 2812 et
1259 2762 1399 2826 regnum
1425 2753 1498 2829 ejus
1525 2749 1709 2828 satagimus

912 2848 1071 2910 excitare.
1087 2864 1106 2909 a
1120 2847 1209 2928 (vid.
1226 2848 1375 2926 131331,
1389 2846 1452 2912 col.
1465 2846 1552 2930 414.)

1231 3082 1389 3169 CCCCX

948 3234 1000 3295 Ad
1014 3237 1170 3295 consides
1182 3233 1216 3294 ct
1227 3237 1392 3308 populum
1408 3233 1675 3295 Nemausenses.

1210 3364 1227 3423 3
1239 3365 1313 3438 junii
1329 3364 1408 3422 liii.

932 3480 1053 3544 [Regest.,
1063 3478 1109 3529 lib.
1123 3451 1155 3537 V,
1168 3478 1243 3543 epist.
1256 3479 1311 3529 181.
1330 3479 1387 3529 1133.
1400 3480 1437 3530 13
1449 3479 1526 3528 Porte
1543 3478 1577 3528 du
1591 3476 1687 3541 11311]

915 3596 998 3656 13131
1007 3604 1039 3653 ut
1050 3596 1147 3670 legato
1157 3603 1285 3668 pareant,
1299 3596 1425 3668 alioquin
1437 3596 1561 3653 minetur
1570 3609 1602 3652 se
1612 3609 1712 3651 eorum

980 3685 1124 3742 civitatem
1140 3685 1296 3758 episcopali
1310 3685 1451 3759 dignitate
1466 3685 1654 3758 privaturum.

63 3805 143 3867 bilis
162 3808 337 3869 memorati
357 3823 457 3884 quum
476 3809 510 3869 31
530 3808 661 3870 3333113
686 3810 759 3885 eJus
781 3822 861 3883 erga
956 3811 1133 3883 Honorius,
1150 3813 1227 3883 ete,
1246 3810 1441 3872 consulibus
1456 3812 1489 3871 et
1503 3809 1624 3886 populo
1639 3809 1712 3870 Ne·

64 3908 249 3966 Romanam
269 3905 461 3978 Ecclesiam,
487 3907 521 3967 et
540 3906 673 3976 damna,
697 3909 862 3983 questum
916 3924 1064 3970 mausen.
1080 3909 1233 3985 spiritum
1248 3909 1380 3971 consilii
1396 3908 1552 3969 sanioris.

64 4004 100 4063 in
114 4003 203 4075 aliis,
219 4003 290 4064 tum
305 4004 450 4065 maxime
465 4003 500 4064 in
515 4004 695 4065 amissione
711 4003 862 4080 praedicti
956 4008 1193 4083 Exspectantes
1218 4005 1499 4084 exspectavimus,
1527 4006 1563 4066 ut
1587 4019 1712 4065 censu·

65 4100 180 4164 fratris
204 4101 257 4161 sui
281 4114 340 4177 pro
367 4101 444 4163 fidei
468 4101 664 4163 defensione
692 4100 860 4174 sustinuit,
916 4119 988 4166 ram
1018 4105 1214 4166 canonicam
1236 4104 1276 4165 33
1302 4105 1414 4166 333133
1443 4102 1550 4164 331313
1571 4101 1715 4163 331113113

66 4198 162 4260 33113
181 4198 259 4271 3131,
275 4201 308 4260 31
329 4198 497 4262 evidentia
515 4199 605 4272 facti,
627 4201 661 4261 et
683 4199 862 4261 multorum
917 4202 1144 4275 formidantes,
1154 4201 1288 4263 1333313
1303 4200 1483 4278 aliquando
1498 4200 1540 4262 ad
1552 4199 1714 4260 unitatem

66 4297 257 4357 testimonio
280 4296 470 4369 manifesta,
493 4298 696 4360 fraternitati
714 4298 781 4360 tuae
804 4313 864 4375 per
918 4301 1179 4362 ecclesiasticam
1196 4299 1363 4371 rediretis,
1379 4297 1507 4360 acideo
1523 4298 1602 4359 11331
1619 4296 1714 4358 33113

64 4395 258 4471 Apostolica
272 4395 407 4472 scripta,
425 4396 633 4468 3333333333,
645 4398 810 4473 quatenus
822 4396 863 4457 de
918 4398 1079 4460 fuerimus
1101 4397 1305 4469 comminati,
1332 4396 1419 4475 quod
1445 4396 1614 4457 civitatem
1635 4388 1720 4455 ves-'

68 4493 213 4568 pecunia
237 4508 258 4554 a
284 4493 432 4571 praefatis
455 4494 721 4556 Massiliensibus
746 4494 864 4556 exsol—
919 4498 1004 4559 tram
1022 4496 1230 4574 privaremus
1245 4495 1446 4573 episcopalis
1465 4493 1637 4570 dignitatis
1652 4492 1717 4553 ho-

66 4590 188 4662 venda‚
211 4591 409 4668 quingentas
435 4592 590 4654 marchas
623 4593 731 4654 eidem
760 4591 865 4653 nobili
919 4609 1012 4667 nore,
1029 4594 1199 4656 dioecesim
1216 4597 1361 4655 vestram
1382 4609 1442 4671 per
1463 4589 1715 4654 circumstantes

68 4689 183 4749 nostro
197 4688 332 4750 nomine
344 4689 449 4751 facias
462 4690 646 4767 assignari3
663 4690 704 4752 de
717 4690 865 4752 collectis
920 4694 1093 4771 episcopos
1108 4692 1262 4764 divisuri,
1277 4692 1439 4752 hactenus
1453 4693 1564 4751 tamen
1580 4701 1717 4764 suspen-

69 4801 151 4848 vere
176 4787 261 4849 31133
287 4786 486 4849 Rhodanum
515 4787 555 4850 de
577 4791 635 4850 tuo
664 4789 806 4850 consilio
830 4789 865 4849 in
920 4791 1029 4852 dimus
1050 4792 1173 4852 nostrae
1195 4789 1464 4851 comminationis
1483 4787 1650 4857 effectum,
1671 4799 1717 4847 ne

69 4883 867 4962 posterumfaciendisimpendassexcentasmar·
921 4889 1061 4966 possetis
1086 4888 1245 4964 conqueri
1271 4886 1358 4965 quod
1379 4886 1420 4946 ad
1446 4900 1578 4962 poenam
1598 4884 1720 4962 hujus·

67 4982 150 5043 cbas
160 4982 324 5050 eidem,ut
334 4983 441 5068 factus
452 4983 493 5045 de
506 4983 624 5047 devoto
637 4985 798 5054 devotior,
810 5001 868 5063 pu·
921 4987 1010 5049 modi
1041 4986 1262 5063 promptiores
1293 4983 1403 5045 debito
1431 4983 1630 5058 fuissemus3
1658 4979 1718 5043 sed

67 5094 173 5156 gnare
197 5081 280 5142 velit
311 5083 344 5142 et
375 5082 488 5144 valeat
524 5084 640 5144 contra
673 5083 868 5146 christianae
921 5101 980 5148 333
1006 5084 1179 5146 abutentes
1211 5083 1335 5144 nestrae
1364 5080 1641 5161 longanimitatis,
1656 5093 1720 5156 pa-

67 5178 147 5240 fldei
166 5192 391 5257 perversores,
409 5180 442 5241 et
462 5179 520 5241 alii
544 5181 697 5258 exemplo
718 5181 867 5260 ejusdem
921 5182 1049 5254 tientia,
1065 5184 1100 5244 et
1112 5180 1377 5243 thesaurizantes
1401 5179 1497 5241 vobis
1514 5163 1720 5254 indignatio·

14 5334 18 5341 .
68 5276 192 5337 nobilis
228 5278 398 5353 provocati
434 5277 660 5341 accendantur
690 5279 732 5341 33
763 5279 868 5341 devo·
922 5276 1720 5356 nemstiram,nequemolliriblanditiis,neque

67 5375 194 5435 tionem
207 5374 365 5435 Ecclesiae
378 5377 411 5436 et
423 5374 649 5438 defensionem
663 5376 738 5438 fidei
752 5378 869 5440 ortho-
922 5378 1022 5440 minis
1035 5379 1093 5440 aut
1107 5378 1250 5454 flagellis
1267 5377 1392 5453 corrigi
1407 5377 1569 5437 hactenus
1589 5374 1721 5450 potuis-⁴

69 5470 178 5531 doxae.
196 5472 280 5542 Quia
293 5487 386 5544 3333,
404 5474 518 5536 nostra
534 5475 689 5537 voluntas
703 5476 753 5537 est
767 5476 804 5538 ut
818 5476 869 5537 ei·
922 5478 978 5539 tis.
1005 5477 1099 5539 Licet
1120 5477 1225 5553 igitur
1245 5475 1437 5553 Apostolioa
1461 5470 1721 5535 commonitione

69 5569 144 5629 dem
157 5566 264 5628 nobili
277 5582 337 5645 per
346 5570 379 5631 te
389 5571 523 5632 omnino
535 5571 594 5633 ilat
607 5571 782 5635 subventio
797 5588 870 5635 me-
923 5574 1136 5636 reddideritis
1161 5589 1221 5636 vos
1241 5574 1409 5650 indignos,
1435 5585 1497 5633 nos
1521 5572 1720 5632 tamennon

69 5667 392 5740 morata;volumus,
404 5671 440 5728 nt
456 5668 612 5730 13113313
622 5669 869 5733 13133313133
923 5672 1001 5750 qnid
1012 5674 1123 5736 vestra
1134 5670 1448 5743 mereaturdurltia,
1464 5668 1521 5730 sed
1532 5666 1610 5746 3313
1625 5680 1721 5744 apos·
1846 5670 1849 5677 ’
