3774 6186
116 314 175 374 427
508 328 528 369 x
733 315 909 376 HONORII
931 316 975 376 111
997 317 1146 377 OPERA.
1701 318 1748 381 428

116 471 272 534 militabit
296 472 444 534 Ecclesia
468 473 646 549 generalis.
672 475 723 536 Ne
743 474 847 550 igitur
871 475 908 546 ii,
943 473 1088 551 'scripta
1124 473 1340 545 mandamus,
1377 471 1541 550 quatenus
1576 488 1637 550 pro
1671 473 1748 539 illius

116 571 173 647 qui
188 570 332 632 nondum
347 570 389 631 ad
410 572 616 647 agnitionem
630 588 720 633 verae
739 573 816 634 tidei
828 587 909 649 per-
963 587 1089 643 amore,
1105 572 1163 648 qui
1181 571 1315 648 propter
1336 570 1473 631 nimiam
1488 572 1676 644 caritatem,
1697 589 1748 650 qua

116 670 288 738 venerunt,
313 669 457 746 alicujus
472 669 650 732 dubietatis
671 671 826 746 scrupulo
854 687 912 731 re-
964 668 1082 730 dilexit
1096 684 1168 741 nos,
1192 669 1233 729 de
1256 668 1385 729 secreto
1400 668 1513 729 Patris
1527 668 1570 729 ad
1592 669 1747 746 publicum

26 794 31 803 »
116 764 298 834 tardentur,
316 782 375 842 pro
395 767 563 827 minusad
579 768 823 843 agnoscendam
837 767 910 829 veri
965 767 1120 828 humanae
1139 766 1339 828 conditionis
1361 766 1475 837 exivit,
1502 767 1748 842 proficiscamini

116 863 252 923 luminis
271 863 456 925 claritatem
478 866 577 926 corde
602 865 727 941 pariter
751 868 784 927 et
798 866 910 926 animo
965 865 1127 940 cumipse
1142 863 1481 926 iratreDominicoad
1497 865 1747 942 proponendum,

117 962 368 1034 convertantur,
391 961 601 1024 devotionem
616 963 762 1023 vestram
783 977 910 1038 rogan·
965 962 1085 1038 quibus
1107 962 1268 1039 expedire
1289 961 1421 1033 viderit,
1445 961 1582 1023 verbnm
1608 963 1679 1034 Dei,
1698 981 1750 1040 quo

115 1059 191 1119 darn
206 1059 361 1120 duximus
376 1062 409 1122 et
421 1061 630 1131 monendam,
645 1075 706 1136 per
719 1060 909 1137 Apostolica
965 1062 1090 1122 lumine
1105 1061 1256 1122 veritatis
1277 1065 1422 1132 ostenso,
1438 1061 1591 1121 errantes
1610 1060 1654 1121 ad
1675 1063 1751 1122 viam

115 1156 211 1218 vobis
226 1158 349 1234 scripta
362 1158 570 1230 mandantes,
591 1160 754 1235 quatenus
769 1159 910 1218 univer·
965 1159 1118 1221 veritatis
1151 1159 1383 1230 revertantur,
1421 1157 1563 1219 scientes
1592 1158 1681 1235 qnod
1702 1175 1754 1220 vos

118 1254 165 1315 sis
179 1255 370 1316 bominibus
390 1259 511 1318 vestrae
526 1257 634 1332 gentis
651 1257 707 1333 qui
719 1255 813 1317 vobis
825 1271 910 1317 con·
965 1258 1192 1318 concessimus
1213 1255 1308 1317 fratri
1333 1256 1502 1332 praedicto,
1530 1257 1568 1316 ut
1594 1255 1701 1316 eidem
1722 1258 1753 1318 in

118 1353 354 1429 sanguinitate,
382 1354 436 1415 vel
455 1369 662 1431 quacumque
686 1354 804 1415 notitia
835 1354 912 1415 sunt
966 1354 1152 1415 ministerio
1173 1352 1266 1414 verbi
1290 1353 1349 1414 Dei
1367 1354 1541 1430 cooperari
1567 1355 1755 1426 teneamini,

116 1451 305 1528 conjuncti,
332 1453 366 1512 et
391 1452 491 1513 etiarn
525 1450 678 1513 omnibus
706 1451 774 1512 tam
800 1450 911 1527 longe,
965 1452 1136 1529 proprium
1151 1466 1281 1527 semper
1295 1450 1445 1512 habiturn
1459 1449 1653 1512 deserendo.

116 1564 214 1624 quam
227 1563 329 1625 prope
342 1549 469 1624 positis,
485 1550 582 1625 prout
595 1548 690 1610 vobis
708 1548 911 1626 possibilitas
1006 1552 1124 1611 Datum
1144 1547 1296 1620 Viterbii‚
1320 1551 1363 1610 IV
1387 1547 1463 1610 idus
1477 1549 1570 1620 maii,
1588 1549 1802 1625 pontifices

116 1645 236 1716 aderit,
258 1646 429 1714 intimetis,
456 1662 517 1707 nos
538 1645 668 1707 lirnium
691 1645 813 1708 babere
829 1662 911 1722 pro·
965 1647 1019 1708 tus
1034 1647 1139 1708 nostri
1154 1662 1243 1707 anno
1259 1646 1389 1723 quarto.

116 1744 270 1819 positum,
293 1744 361 1805 tam
389 1758 580 1815 conversos,
606 1759 705 1821 quam
728 1745 829 1806 etiam
855 1743 910 1805 ia-

116 1843 214 1902 vente
230 1842 367 1903 Domino
383 1844 624 1903 convertendos
645 1843 680 1903 in
700 1843 790 1903 omui
809 1841 913 1903 liber·
1264 1839 1461 1928 CXXVIII

71 1944 74 1952 ’
116 1941 185 2000 tate
195 1938 319 2010 fovere,
335 1941 368 2000 et
379 1939 420 2000 ab
436 1939 571 2016 injuriis
583 1940 731 2000 omnium
741 1940 911 2001 molestias
1009 1985 1032 2044 a
1276 1981 1347 2044 ,ab
1391 1983 1403 2043 t
1545 1983 1580 2045 d

116 2036 240 2097 eisdem
252 2036 534 2109 inserentiumvel
548 2053 740 2113 gravamen,
752 2039 913 2114 quantum
979 1987 1006 2044 Α
1044 1985 1544 2143 θρωοῃαῃῶῑαίωᾷἑᾌξαη
1580 1999 1612 2045 ⁰³
1625 1985 1776 2046 Mam*

117 2135 225 2210 gratia
241 2134 354 2194 divina
371 2136 550 2212 permittet,
574 2135 788 2210 protectionis
800 2139 910 2211 Apos—
1357 2202 1374 2215 ..
1503 2126 1515 2141 ⁶

116 2232 225 2293 tolicae
252 2233 433 2293 munimine
456 2232 642 2304 defensare,
667 2234 701 2293 et
733 2233 819 2309 quod
841 2248 910 2301 eos,
1250 2203 1286 2261 ω
1307 2216 1375 2258 ”²⁸¹¹
1398 2202 1481 2261 ¹²²⁰·

103 2330 275 2406 fquantum
300 2330 335 2391 in
359 2329 455 2390 nobis
476 2332 537 2401 est,
565 2345 747 2407 numquam
769 2330 911 2407 alicujus
1048 2317 1179 2381 [ruciam
1194 2315 1490 2376 M⁰⁰⁰¹¹¹⁰¹¹t⁸¹²⁰¹⁰¹¹⁵²1
1504 2317 1524 2376 ¹·
1540 2331 1570 2377 ¹¹2
1587 2331 1615 2368 ¹¹·
1628 2319 1682 2385 ²²]

115 2426 250 2502 gravari
266 2427 412 2488 dominio
435 2427 488 2488 vel
507 2430 590 2504 jugo
605 2427 771 2505 patiemur
792 2427 914 2504 subjici
1002 2423 1116 2482 Mandat
1129 2425 1171 2481 eis
1182 2430 1213 2480 ut
1222 2429 1382 2481 convocent
1392 2424 1549 2496 capitulum
1558 2425 1730 2483 Gneznense

117 2525 299 2586 servitutis,
1161 2510 1197 2570 ad
1209 2512 1377 2586 eligendum
1387 2513 1570 2586 episcopum.

155 2623 274 2684 Datum
289 2621 442 2693 Viterhii,
466 2623 583 2683 octavo
598 2622 672 2684 idus
687 2623 779 2695 maii,
796 2624 910 2699 ponti·
1006 2621 1173 2682 Honorius
1188 2622 1494 2698 episcopusservus
1514 2636 1689 2683 servorum
1702 2625 1761 2685 Dei

119 2719 237 2781 dcatus
252 2720 357 2781 nostri
372 2735 460 2781 anno
476 2723 604 2797 quarto.
966 2718 1150 2780 venerabili
1173 2718 1306 2780 tratri...
1333 2719 1487 2796 episcopo
1511 2720 1545 2781 et
1569 2718 1692 2782 dilecto
1713 2722 1754 2780 v-

967 2816 1050 2877 lio...
1071 2816 1183 2878 abbati
1206 2817 1337 2877 Sanctae
1363 2816 1478 2877 Mariae
1502 2818 1754 2879 wratislavien-

425 2906 600 2994 CXXVH
967 2913 1079 2985 sibus,
1108 2914 1252 2975 salutem
1282 2915 1315 2975 et
1346 2913 1567 2991 apostolicam
1600 2914 1750 2976 benedic--

117 3041 387 3116 adiacentium
397 3041 625 3102 Bocobertum
634 3041 752 3102 Sarzctt
768 3041 913 3103 Victoris
967 3014 1102 3072 twnem·
1362 3109 1369 3121 ‚
1513 3109 1521 3122 .
1605 3033 1610 3044 '
1722 3109 1744 3121 ..

334 3139 368 3199 et
394 3142 479 3199 anos
497 3143 693 3201 mmmm
1006 3110 1155 3170 Vacante
1185 3112 1371 3170 Gneznenst
1401 3109 1556 3182 ecclesia,
1579 3108 1747 3172 venerabili

407 3261 441 3318 η
456 3260 524 3318 mail
540 3260 610 3319 mo
968 3204 1065 3267 fratri
1085 3209 1235 3268 nostro...
1255 3207 1467 3268 cracoviensi
1493 3207 1653 3284 episcopo
1677 3209 1747 3268 note

510 3375 515 3385 ¹
612 3305 620 3318 “
968 3303 1152 3380 probitatis,
1177 3305 1210 3365 et
1237 3304 1337 3366 clarae
1372 3303 1469 3366 famae
1493 3305 1581 3376 vire,
1609 3304 1748 3365 duximus

198 3375 642 3441 [lilpolliliullar.Producatorum,
659 3376 835 3442 niuniu]
968 3400 1233 3478 injungendum?
1266 3401 1302 3464 ut
1334 3403 1520 3464 assumeret
1551 3417 1642 3463 onus
1674 3400 1750 3477 regi,

122 3490 489 3551 blandateisemnibusnt
510 3489 726 3562 proficiscantur
746 3490 913 3549 cumfratre
968 3499 1067 3559 minis
1102 3499 1253 3560 ecclesia,
1288 3501 1490 3561 memoratae,
1527 3502 1653 3560 verum
1686 3499 1749 3576 quja

154 3581 304 3639 Dominico
318 3579 412 3651 priore
428 3577 536 3636 ordinis
552 3578 772 3636 Praedicatorum
787 3579 825 3638 ad
840 3595 913 3652 praa·
968 3596 1056 3657 idem
1078 3596 1253 3672 episcopus
1272 3596 1451 3673 postulavit
1468 3597 1647 3669 instanter,
1670 3613 1709 3658 n„
1719 3595 1745 3655 id

152 3668 306 3726 dicandum
321 3666 440 3724 verbum
456 3667 509 3724 Dei
523 3667 626 3739 quibus
646 3667 780 3741 expedire
799 3668 912 3728 viderit.
969 3695 1081 3756 oneris
1096 3695 1341 3771 imponeremus
1359 3693 1476 3766 eidem,
1500 3710 1562 3756 nos
1578 3693 1750 3771 provisioni

158 3793 327 3856 Honorius
341 3793 518 3870 episcopus
533 3809 652 3854 servus
667 3809 839 3856 servorum
855 3796 913 3857 Dei
968 3792 1116 3870 eiusdem
1143 3791 1294 3853 ecclesiae
1322 3792 1415 3853 tanto
1443 3792 1627 3854 studiosius
1655 3793 1754 3854 inten-

119 3891 248 3954 dilectis
278 3891 372 3963 tiliis,
400 3892 560 3966 magistro
585 3891 769 3953 Rocaberto
801 3894 913 3956 Sancti
969 3889 1094 3960 dentes,
1110 3891 1233 3966 quanto
1257 3905 1299 3951 ex
1323 3888 1451 3951 deiectu
1466 3889 1612 3966 pastoris
1628 3889 1755 3968 majori·

118 3990 273 4061 Victoris,
289 3990 465 4051 Vincentio
489 3989 530 4049 de
550 3988 657 4061 Sillia,
678 3991 850 4066 Castorgio
874 3991 918 4052 de
968 3986 1030 4048 bus
1045 3986 1227 4064 dispendiis
1242 3986 1364 4048 dicitur
1378 3986 1754 4064 subjacere,discretioni

119 4089 249 4156 Mansu,
266 4087 412 4163 tosepbo
438 4087 478 4147 de
511 4087 624 4159 Flore,
651 4088 777 4151 Jacobo
808 4088 915 4150 Vallis
968 4088 1089 4147 vestrae
1109 4100 1168 4161 per
1188 4084 1378 4162 Apostolica
1404 4085 1528 4161 scripta
1552 4086 1753 4156 mandamus,

121 4186 303 4257 Umbrosae,
320 4188 353 4245 et
368 4185 538 4245 Dominico
554 4184 768 4262 dellquilari,
782 4202 916 4247 monas-
970 4186 1142 4261 quatenus,
1170 4183 1317 4261 ejusdem
1352 4182 1535 4259 capitulum·
1564 4184 1759 4246 auctuitate

120 4283 281 4342 teriorum
294 4280 633 4352 monacbis‚aalutem
652 4283 686 4343 et
699 4283 914 4359 apostolicam
970 4284 1082 4342 nostra
1098 4282 1319 4342 convocantes
1342 4279 1382 4341 ad
1401 4280 1509 4342 locum
1524 4283 1758 4359 competentem

48 4388 50 4393 '
120 4378 395 4440 benedictionem.
970 4381 1003 4440 et
1021 4381 1139 4448 tutum,
1154 4378 1337 4455 injungatis
1352 4377 1488 4446 eisdem,
1503 4378 1538 4439 ut
1553 4379 1595 4439 de
1610 4394 1757 4457 persona,

107 4503 111 4514 ·
161 4477 244 4548 Quia
264 4476 319 4552 qui
345 4475 513 4537 seminant
537 4492 638 4552 super
661 4491 776 4553 aquas,
802 4479 836 4541 et
858 4478 915 4554 qui
970 4492 1043 4553 quae
1062 4476 1252 4552 hujusmodi
1279 4477 1441 4552 congruat
1461 4476 1556 4537 oneri
1578 4477 1613 4538 et
1635 4475 1757 4545 honori,

120 4574 321 4636 frumentum
352 4573 578 4645 abscondunt,
604 4574 638 4634 in
660 4575 782 4652 populo
805 4577 914 4637 male·
970 4572 1033 4633 sibi
1049 4573 1222 4650 provideat
1236 4572 1321 4633 inira
1336 4572 1557 4650 quadraginta
1571 4572 1659 4647 dies,
1673 4573 1758 4651 post-

121 4673 291 4745 dicuntur,
304 4671 453 4734 consulte
466 4672 576 4747 agitis,
602 4672 631 4732 si
646 4673 806 4734 talentum
820 4673 915 4735 vobis
970 4687 1068 4749 quam
1081 4686 1101 4731 a
1115 4669 1211 4731 vobis
1231 4671 1421 4732 commoniti
1446 4669 1583 4742 luerint,
1607 4671 1760 4732 canonice

121 4788 140 4833 a
157 4775 224 4833 Deo
237 4769 398 4832 creditum
409 4770 444 4830 in
460 4770 596 4831 sudario
609 4770 914 4848 nonligatis,quum
970 4769 1004 4829 in
1020 4768 1196 4846 pastorem.
1214 4767 1305 4840 Quod
1321 4767 1350 4827 si
1365 4766 1450 4828 torte
1461 4782 1525 4828 non
1541 4766 1696 4837 iecerint,
1708 4782 1758 4828 vos

122 4870 284 4930 anemine
297 4869 498 4930 accendatur
511 4868 648 4929 lucerna
658 4870 692 4930 et
705 4870 915 4946 ponatursub
970 4882 1013 4928 ex
1026 4869 1119 4937 tunc,
1132 4882 1174 4927 ne
1199 4865 1379 4942 saepedicta
1402 4865 1545 4926 ecclesia
1564 4864 1693 4928 diutius
1715 4865 1760 4926 vi·

122 4967 243 5039 modio,
260 4967 316 5028 sed
339 4967 702 5044 supercandelabrum,
728 4970 764 5028 ut
788 4969 916 5030 cunctis
970 4965 1106 5026 duitatis
1144 4962 1351 5025 incommoda
1387 4963 1553 5039 patiatur,
1590 4977 1758 5040 personam

122 5066 179 5142 qui
199 5066 233 5125 in
256 5065 352 5125 domo
374 5067 451 5126 sunt
477 5067 597 5136 luceat,
616 5066 792 5128 statuatur.
810 5067 915 5138 Quum
969 5065 1062 5125 tanto
1080 5062 1315 5138 congruentem
1340 5059 1450 5122 osticio
1467 5061 1669 5124 auctoritate
1688 5077 1758 5122 nos·

123 5180 203 5240 ergo
218 5161 774 5241 dilectusiraterltominicusprior
789 5165 915 5225 ordinis
970 5164 1033 5231 tra,
1050 5159 1179 5221 sublato
1199 5158 1431 5236 appellationis
1452 5156 1642 5232 obstaculo,
1654 5158 1757 5237 praeil-

123 5261 383 5323 Praedicatorum
409 5275 563 5335 magnum
590 5262 703 5323 credat
729 5261 915 5324 animarum
971 5260 1067 5320 ciatis
1100 5257 1227 5329 eidem,
1260 5256 1522 5318 contradictores
1555 5272 1617 5333 per
1649 5272 1758 5318 censu·

124 5360 300 5438 provenire
321 5357 480 5429 fructum,
511 5359 540 5418 si
568 5374 666 5435 quam
695 5360 868 5436 recepistis
896 5377 916 5421 a
970 5372 1041 5416 ram
1054 5355 1327 5425 ecclesiasticam,
1340 5353 1755 5432 appellationepostposita

124 5457 264 5519 Domino
280 5455 525 5532 praedicationis
543 5456 696 5530 gratiam,
711 5459 808 5533 juxta
822 5474 915 5518 suam
971 5456 1228 5529 compescentes.
1257 5452 1349 5524 Quod
1382 5453 1410 5511 si
1440 5467 1506 5512 non
1538 5452 1654 5524 ambo,
1683 5451 1756 5513 alter

124 5555 269 5630 erogetis
299 5554 538 5630 providentiam
570 5555 768 5616 utilitatibus
802 5556 918 5633 proxi·
971 5547 1754 5621 vestrum,etc...DatumViterbii,lllidusmaii,

125 5670 264 5724 cnorum,
286 5651 479 5715 discretioni
500 5655 618 5716 vestrae
646 5668 705 5730 per
727 5654 916 5731 Apostolica
971 5650 1183 5729 pontificatus
1197 5648 1301 5711 nostri
1317 5664 1408 5709 anno
1422 5648 1550 5724 quarto.
