3774 6186
534 294 763 358 amsromu.
786 296 864 358 ura.
889 299 945 359 111.
1523 260 1584 364 eo¹

97 507 100 518 .
126 472 243 520 eorum
266 458 324 536 qui
347 458 455 521 tecum
475 456 611 521 venient
624 457 714 519 elar-
767 456 907 520 Domino
933 455 1162 534 redarguitur,
1191 458 1371 538 prohibens
1398 458 1562 524 volentem

97 555 185 617 ribus
220 558 395 619 contentus
427 554 595 623 existens,
624 569 712 631 aegre
767 554 849 616 illud
863 555 1012 633 proferre
1034 555 1069 617 in
1091 557 1248 630 medium,
1270 558 1302 619 et
1330 557 1372 619 ad
1387 555 1563 618 utilitatem

97 653 205 731 ,quod
230 669 332 730 super
359 653 517 715 vicesima
539 652 713 714 Remensis
769 651 934 728 publicam
957 668 1116 716 exercere
1135 654 1324 731 arguendus
1346 655 1419 732 pari
1433 653 1563 715 ratione

99 795 109 819 ,
136 768 235 828 quam
261 750 402 813 dilectus
436 750 526 813 filius
555 749 715 828 magister
767 749 910 812 videtur.
927 752 1014 813 Sane
1040 751 1165 814 uostris
1188 751 1250 814 fuit
1273 750 1411 813 auribus
1425 750 1564 812 intima-

97 849 222 910 mucius
232 851 320 922 tuus,
333 864 376 910 ex
389 848 483 926 parte
497 850 554 910 tua
565 848 670 926 petiit,
680 847 713 909 te
767 848 848 921 tum,
869 848 956 926 quod
976 865 1077 927 quum
1098 849 1212 912 divina
1235 848 1423 924 benignitas
1443 846 1563 909 dilecto

97 963 128 1007 aa
142 947 313 1008 exaudire.
769 943 837 1006 lilio
860 945 1019 1022 magistro
1043 947 1188 1009 Mattbeo
1212 946 1253 1007 de
1279 946 1389 1008 scotia
1415 944 1563 1007 scientia

99 1045 267 1117 Laterani,
290 1043 400 1122 pridie
419 1043 494 1104 idus
509 1041 712 1115 novembris,
767 1042 928 1105 talentum
943 1043 992 1105 sio
1011 1043 1106 1120 larga
1120 1059 1222 1105 manu
1246 1043 1457 1115 concesserit,
1474 1042 1511 1104 ut
1528 1042 1564 1102 in

100 1141 195 1221 off).
768 1141 937 1217 theologia
949 1140 1068 1203 docere
1082 1142 1193 1204 valeat
1210 1140 1407 1218 atquevelit,
1423 1138 1563 1200 dilectus

270 1266 357 1354 XLI
770 1239 858 1299 illius
893 1239 1113 1302 cancellarius
1140 1239 1358 1310 Parisiensis,
1388 1235 1564 1298 occasione

655 1401 662 1414 ‚
770 1335 940 1414 cujusdam
953 1337 1122 1414 privilegii
1137 1336 1281 1398 decerto
1296 1349 1435 1396 numero
1445 1333 1564 1396 docto-

97 1415 258 1474 '⁰⁰²²²⁴m···
273 1401 307 1463 εἰ
320 1404 480 1474 primm
493 1401 528 1462 ⁸·
543 1401 676 1461 Euam
718 1497 721 1502 ,
769 1449 843 1494 rum
858 1432 1035 1506 theologia
1048 1432 1274 1495 habendorum
1297 1430 1438 1494 Parisiis
1452 1429 1566 1492 olima

169 1500 267 1560 ceum
280 1499 460 1561 mam·
771 1530 855 1594 Sede
870 1531 1060 1608 apostoliea
1079 1530 1257 1608 impetrati,
1280 1544 1356 1591 eum
1374 1527 1566 1590 cathedram

174 1611 208 1668 ¹⁶
222 1610 357 1669 ¹¹⁰V⁰¹¹¹b·
374 1611 453 1670 ¹²¹⁸·
771 1628 996 1706 magistralem
1016 1628 1199 1691 ascendere
1215 1641 1282 1689 non
1297 1626 1467 1705 permittit,
1488 1624 1567 1686 licet

97 1715 124 1766 b·
136 1717 178 1775 ¹¹¹2
186 1717 261 1781 θ1111·
269 1717 322 1767 ⁵²³·
334 1717 392 1766 Μεθ-
403 1717 440 1768 ¹⁴⁸
450 1716 526 1766 ⁹⁰³⁰
539 1716 573 1766 ‘¹¹¹
585 1715 681 1781 rnen]
770 1726 982 1804 privilegium
990 1727 1098 1803 ipsum
1112 1740 1178 1786 nou
1187 1723 1288 1786 fuerit
1298 1724 1471 1793 hactenus,
1480 1720 1568 1782 sicut

107 1813 662 1872 1³0¹⁰&¹1¹⁰¹¹i¹³¹t³lfi¹¹0¹¹immittitur·
771 1824 942 1896 asseritur,
965 1824 1121 1886 continue
1146 1822 1368 1884 observatum.
1393 1821 1445 1882 Ne
1464 1817 1568 1895 igitur

97 1937 137 1994 rs,
162 1924 238 1994 etc,
257 1922 412 1999 episcopo
427 1924 460 1985 et
474 1921 595 1984 dilecto
608 1921 714 1982 illio...
771 1921 858 1983 idem
884 1920 1042 1997 magister
1067 1919 1228 1982 creditum
1250 1917 1314 1980 sibi
1332 1917 1492 1981 talentum
1505 1930 1566 1979 oc-

97 2019 149 2080 icti
161 2019 283 2079 Hilarii
299 2019 393 2080 cellae
404 2019 648 2081 Pietatemetc.
771 2018 897 2081 cultaro
918 2018 1136 2097 compellatur
1162 2017 1297 2089 invitus,
1324 2014 1411 2094 quod
1427 2014 1463 2075 in
1477 2028 1570 2075 com-

97 2116 178 2177 olen.
214 2118 454 2178 monasterium
483 2116 607 2177 existat
622 2115 716 2176 Sedis
772 2116 862 2176 muni
876 2115 1063 2188 deductum,
1091 2114 1205 2176 multis
1223 2114 1331 2191 potest
1355 2127 1430 2174 oum
1451 2112 1567 2172 inore-

97 2213 284 2288 especiale,
300 2213 407 2289 ipsum
425 2212 562 2289 speciali
574 2211 716 2290 qriadam
771 2213 882 2275 mento
908 2211 1042 2290 proprio
1062 2211 1210 2288 erogari,
1234 2208 1428 2272 discretioni
1449 2207 1569 2269 vestrae
1589 2288 1597 2301 ι

100 2326 142 2371 aa
157 2310 339 2385 diligimus,
352 2311 384 2371 et
394 2310 624 2387 amplectimur
637 2309 716 2370 vin·
772 2326 832 2387 per
845 2308 1034 2387 Apostolica
1047 2309 1171 2386 scripta
1185 2307 1393 2378 mandamus,
1403 2305 1568 2383 quatenus

97 2408 175 2469 atis.
203 2408 360 2469 volentes
384 2408 488 2483 igitur
509 2407 648 2468 dilectos
677 2407 718 2467 11-
773 2409 967 2483 magistrum
985 2406 1163 2483 diligenter
1183 2404 1382 2467 examinetis
1401 2400 1564 2472 eumdem,

97 2504 238 2566 libatam
271 2506 305 2566 et
334 2508 532 2566 conventum
569 2502 716 2582 eJusdem
772 2509 805 2568 et
819 2506 846 2565 si
862 2521 938 2565 eum
950 2503 1106 2565 idoneum
1118 2502 1311 2580 repereritis
1326 2496 1367 2563 ad
1383 2498 1567 2561 docendum

97 2602 113 2662 li
135 2605 256 2664 nostrae
281 2601 482 2664 defensionis
497 2602 614 2680 clypeo
627 2617 719 2664 com·
772 2604 806 2664 in
836 2602 995 2664 facultate
1019 2600 1189 2678 praedicta,
1215 2597 1379 2661 moneatis
1399 2595 1568 2658 cancella-

97 2714 125 2760 le
141 2716 319 2776 pravorum
340 2699 510 2761 homiuum
528 2698 717 2762 incursibus
772 2701 858 2761 rium
882 2699 1112 2770 memoratum,
1134 2698 1169 2759 ut
1188 2695 1222 2758 id
1235 2694 1381 2758 faciendi
1400 2693 1569 2756 licentiam

110 2797 439 2859 discretiouivestrae
454 2797 717 2876 parapostolloa
772 2797 915 2873 benigne
939 2795 1099 2858 concedat
1124 2794 1242 2857 eidem.
1273 2793 1364 2866 Quod
1394 2791 1423 2853 si
1460 2788 1569 2851 facere

97 2895 281 2968 tendamus,
307 2896 471 2972 quatenus
497 2894 589 2972 ipsos
618 2910 718 2973 super
773 2912 840 2957 non
868 2894 1047 2964 curaverit,
1074 2908 1134 2955 sos
1168 2891 1200 2954 ei
1228 2891 1427 2953 auctoritate
1454 2891 1569 2950 nostra

97 3008 137 3062 ss,
151 2992 716 3069 immunitatibus,possessionibus,
772 2992 922 3054 eamdem
944 2991 1115 3053 licentiam
1140 2989 1307 3062 tribuatis,
1330 2986 1515 3066 praesertim
1538 2983 1569 3046 si
1665 3052 1674 3073 ί

97 3089 223 3162 linibus
244 3090 380 3167 juribus
399 3090 435 3151 in
458 3090 574 3166 pratis,
594 3089 715 3161 vineis,
773 3091 857 3152 alias
872 3089 995 3151 factum
1012 3088 1074 3149 fuit
1088 3088 1202 3150 contra
1218 3085 1429 3166 privilegium
1444 3098 1571 3144 memo-

97 3187 718 3265 liisbonistamiuburgoDolen.quam
772 3188 892 3249 ratum.
907 3185 1038 3259 Quodsi
1049 3201 1115 3246 non
1126 3183 1565 3254 omnes,duovestrum,eto.

97 3283 159 3345 sibi
176 3285 324 3346 fidelium
338 3285 514 3347 devotione
537 3284 716 3349 concessis.
772 3285 892 3347 Datum
904 3283 1071 3354 Laterani,
1096 3283 1171 3344 XVI
1186 3279 1254 3341 kal.
1275 3277 1469 3351 decembris,
1491 3292 1570 3357 pou·

96 3381 200 3445 ittatis
217 3398 237 3443 a
256 3382 423 3443 nobilibus
437 3382 520 3443 siris
542 3381 717 3444 Guillelmo
772 3382 918 3444 titicatus
929 3380 1034 3444 nostri
1049 3395 1137 3441 anuo
1151 3378 1263 3441 tertio.

97 3479 716 3557 ,striltodulpbiveleJusfratribus,seu

97 3577 189 3638 salio
209 3577 354 3639 indebite
367 3577 548 3649 molestari,
566 3577 719 3640 molesta·
1108 3547 1238 3634 XLIII

97 3693 142 3736 ¹¹1¹
157 3675 321 3738 indebitos
341 3692 591 3754 percensuram
606 3675 717 3737 00010·
772 3694 990 3768 appeterem
1003 3691 1038 3753 ei
1051 3689 1259 3753 conventum
1277 3689 1564 3751 camaldulenses.

97 3818 101 3844 ,
130 3773 261 3835 sublato
276 3773 509 3850 appellationis
533 3773 715 3845 obstaculo,
1040 3813 1074 3870 43
1088 3811 1222 3870 novemb·
1239 3811 1319 3870 Μ.

97 3871 167 3933 ndo.
195 3871 286 3943 Quod
302 3871 330 3931 si
355 3886 421 3932 uon
446 3887 570 3943 omnes,
585 3871 661 3943 etc,
682 3873 718 3932 tu

97 3982 187 4044 scope
202 3983 405 4028 cumeorum
421 3968 528 4028 altero
543 3983 583 4029 ea
598 3966 719 4028 nibilo-

97 4065 254 4141 sequaris.
271 4066 389 4126 Datum
400 4064 651 4136 Laterani,le
662 4063 719 4125 lta-

97 4162 248 4234 oembris,
278 4162 490 4241 pontificatus
510 4161 617 4224 nostri
628 4177 718 4224 anno

835 3927 985 3991 [itittarellb
998 3926 1091 3977 Annal.
1102 3924 1319 3984 camaldulenses,
1331 3924 1373 3984 lv,
1386 3937 1445 3989 app.
1456 3922 1524 3988 did]

773 4035 917 4092 llouorius
927 4047 1000 4106 papa
1013 4035 1052 4091 lll
1066 4032 1218 4090 committit
1228 4029 1461 4088 reformationem
1476 4029 1574 4088 Sancti

866 4119 1016 4181 indrede
1026 4120 1189 4180 Ceadieulis
1202 4118 1478 4180 camaldulensibus.

812 4232 980 4294 Honorius
1012 4231 1207 4308 episcopus,
1248 4241 1366 4291 servus
1399 4243 1571 4291 servorum

263 4366 371 4452 XLII
772 4331 848 4400 Dei,
863 4329 994 4392 dilectis
1008 4328 1124 4391 filiis...
1141 4327 1244 4406 priori
1262 4329 1295 4390 et
1316 4326 1496 4390 conventui
1514 4327 1574 4388 Ca·

772 4427 982 4500 maldulensi,
1000 4427 1141 4488 salutem
1169 4427 1203 4488 et
1232 4425 1447 4503 apostolicam
1468 4424 1573 4486 bene

97 4500 246 4561 tectores
264 4500 371 4561 stssdti
390 4502 616 4562 Pammenia.
772 4526 962 4588 dictionem·

178 4613 213 4670 ¹⁶
228 4613 363 4670 ¹¹⁰V⁰fflb·
380 4614 459 4671 ¹²¹8·
812 4623 1017 4685 Prosentatae
1031 4621 1127 4683 uobis
1145 4619 1350 4682 venerabilis
1362 4620 1476 4683 fratris
1490 4636 1571 4682 nos-

97 4717 173 4777 suar,
187 4719 449 4777 ”wlffiffihtfflim
464 4717 591 4784 ⁷›¹¹·¹⁷·l
771 4722 815 4784 tri
839 4719 1002 4783 Ostiensis
1039 4719 1203 4797 episcopi,
1234 4718 1434 4795 Apostolicae
1472 4718 1569 4779 Sedis

100 4825 186 4884 studii
211 4826 391 4895 parisiensis,
407 4832 438 4883 ut
458 4825 628 4899 magistrum
643 4825 715 4883 llat-
771 4819 884 4895 legati,
908 4818 1029 4881 litterae
1041 4815 1265 4887 continebant,
1281 4816 1367 4893 quod
1387 4816 1570 4878 cumidem

97 4929 117 4973 e
139 4915 233 4973 scotie
265 4925 454 4987 promoveant
473 4913 510 4972 sd
530 4913 718 4988 magistratus
771 4916 1009 4978 monasterium
1023 4913 1277 4985 decandiculis,
1294 4913 1380 4990 quod
1396 4914 1437 4975 ad
1453 4915 1571 4975 ltoma·

104 5001 132 5059 Ῑῦ
143 5000 299 5075 ²h0⁰¹⁰8i⁰2
317 4999 444 5059 mandat.
772 5030 849 5076 nam
860 5012 1043 5076 Ecclesiam
1062 5011 1153 5072 nullo
1168 5010 1312 5089 pertinet
1328 5011 1505 5084 mediante,
1521 5011 1572 5072 iu·

96 5133 125 5178 ts
148 5118 334 5195 episcopus,
361 5116 491 5180 dilectis
516 5116 596 5178 tiliis
618 5117 717 5179 Petro
772 5112 919 5174 venisset
937 5110 1021 5172 adeo
1036 5110 1070 5170 in
1088 5108 1318 5186 spiritualibus
1331 5109 1526 5171 dissolutum
1537 5110 1571 5172 et

99 5216 153 5275 W.
164 5215 205 5276 de
220 5218 324 5276 Ponte
338 5216 417 5276 Arci
431 5215 465 5276 et
475 5215 638 5278 Riccardo
647 5219 718 5276 Au·
772 5211 806 5271 in
820 5207 1059 5286 temporalibus
1081 5207 1302 5275 annullatum,
1315 5206 1402 5284 quod
1421 5206 1570 5269 dissolu-

97 5311 220 5374 toribus
233 5311 495 5384 Parisiensibus,
523 5312 675 5374 salutem.
771 5308 889 5379 tiones,
906 5306 1140 5368 infamationes
1164 5309 1197 5366 et
1221 5303 1411 5383 opprobria,
1428 5320 1502 5382 quaa
1528 5304 1569 5367 de

97 5411 219 5473 ondens
241 5413 402 5474 talentum
427 5411 590 5474 creditum
609 5411 672 5472 sibi
695 5425 714 5472 a
770 5406 830 5468 illo
843 5404 996 5467 exierant
1008 5404 1111 5466 totam
1126 5402 1410 5481 fereprovinciam
1423 5417 1570 5465 corrum-

97 5559 313 5641 eregrinationis
337 5559 464 5687 ejusdem
491 5567 629 5633 apparatu
658 5560 715 5631 legi
770 5550 1425 5645 epistscilieetlesstlffldieldeesmbris3e
1446 5551 1570 5621 istlli,

99 5646 171 5687 ooru
189 5631 288 5688 litterae
306 5630 342 5687 ibi
365 5647 421 5700 urii,
441 5631 465 5688 si
481 5647 526 5688 res
543 5631 611 5688 tanti
628 5637 713 5699 esset,
773 5629 805 5685 ta
816 5624 991 5701 dmembng
1006 5624 1162 5699 opistifo,
1174 5621 1415 5696 salsamina(
1457 5628 1569 5697 uquot.)
