3774 6186
93 303 145 367 ita

93 463 161 525 lam
177 463 443 541 possessionibus
466 465 499 526 et
522 463 621 526 rebus
646 465 722 527 aliis
737 465 881 543 simplici

93 561 191 623 lomna
222 562 351 625 litteras
383 562 616 639 impetrasset,
644 563 776 625 demum
807 580 881 625 cum

93 662 138 721 W.
154 661 281 722 crimen
297 663 412 722 contra
428 677 503 721 eum
516 677 576 736 per
590 660 775 722 clausulam
788 661 882 722 illam

94 757 348 833 professionibus
366 762 399 819 et
424 758 524 819 rebus
551 758 628 820 aliis
649 758 828 823 intentaret
850 762 884 820 et

99 855 212 917 udices
249 855 501 932 interloquendo
531 855 758 926 decreverint,
796 856 882 933 quod

94 953 339 1030 enebaturipse
353 970 412 1030 per
422 954 570 1015 eamdem
585 954 769 1015 clausulam
783 969 883 1030 super

94 1051 225 1112 crimine
244 1052 455 1128 respondere,
476 1051 563 1112 idem
585 1069 628 1112 ex
651 1052 714 1113 boc
736 1051 882 1113 sentiens

97 1148 233 1210 ndebite
244 1165 282 1211 se
294 1150 429 1226 gravari
444 1151 590 1212 nostram
606 1149 809 1210 audientiam
817 1165 883 1225 ap-

94 1245 240 1318 ›ellavit;
254 1246 311 1307 sed
334 1246 412 1309 dicti
427 1247 559 1323 judices
579 1247 644 1324 ipsi
658 1247 881 1323 appellatione

94 1346 272 1421 :cntempta
287 1344 642 1406 excommunicationis
657 1345 692 1405 in
706 1360 782 1406 eum
798 1360 880 1405 sen-

94 1441 223 1503 entiam
245 1442 466 1519 protulerunt
498 1443 661 1515 Quocirca
687 1441 880 1505 discretioni

94 1538 480 1616 restraeperilpostolica
492 1539 586 1601 vobis
603 1540 727 1617 scripta
743 1540 883 1601 manda-

94 1637 352 1714 nus‚quatenus,
368 1637 395 1698 si
411 1639 461 1700 est
478 1639 535 1708 ita,
552 1638 673 1699 dictam
689 1653 882 1699 excommu-

94 1734 264 1796 nicationis
286 1736 487 1796 sententiam
509 1736 634 1796 nullam
657 1751 730 1797 esse
750 1735 881 1812 penitus

94 1832 332 1906 mutientesin
344 1847 444 1893 causa
456 1833 528 1909 ipsa
535 1833 632 1911 juxta
645 1833 792 1909 priorum
800 1848 882 1893 con-

96 1930 260 1991 ineritiam
278 1929 477 1998 litterarum,
499 1930 722 2007 appellatione
741 1931 879 2001 remota,

94 2027 214 2089 atione
234 2028 358 2113 praevia
375 2028 574 2105 procedatis.
595 2027 752 2104 Alioquin
771 2029 880 2104 partes

94 2125 120 2185 :d
135 2125 289 2201 priorum
300 2125 450 2203 judicum
465 2125 643 2187 remittatis
654 2141 805 2197 examen,
818 2141 881 2202 ap·

94 2222 246 2283 ellantes
260 2222 292 2283 in
310 2223 466 2299 expensis
479 2221 636 2299 legitimis
652 2221 880 2283 condemnan-

95 2319 254 2392 eszuod
278 2320 305 2380 si
330 2336 396 2381 non
420 2336 545 2393 omnes,
572 2323 633 2382 etc.
660 2321 778 2382 Datum
793 2319 880 2397 apud

95 2417 208 2479 lrbem
222 2420 387 2489 Veterem,
414 2420 530 2495 quinto
557 2418 632 2479 idus
647 2418 747 2495 iunii,
771 2418 882 2494 ponti-

95 2517 202 2579 icatus
218 2517 322 2578 nostri
337 2531 425 2578 anno
438 2519 567 2594 quarto.

378 2667 589 2754 CLXXVII

113 2800 436 2875 adpotesmiemet
447 2806 609 2875 poputum
624 2800 838 2862 Toderitnos.

376 2915 408 2972 ii
425 2914 486 2986 julii
506 2914 586 2972 laad.

226 3021 354 3082 [Theium
371 3021 433 3072 Cod.
448 3019 640 3085 diplomati,
652 3033 679 3069 n.
692 3019 745 3083 toi

95 3127 257 3196 iudcrtio'is,
274 3135 304 3185 ut
319 3128 381 3201 paci
395 3129 467 3185 inter
480 3130 559 3200 ipsos
570 3135 598 3184 et
611 3127 789 3199 Spoletanos,
806 3123 881 3198 apud

117 3219 283 3275 ilevaniam
302 3218 338 3274 de
357 3217 462 3275 ducatu
482 3216 635 3290 spoletano
656 3214 692 3273 ad
715 3215 880 3272 demanium

113 3308 257 3365 Romanae
276 3307 411 3364 Ecclesia
425 3321 552 3374 reverso,
574 3321 625 3379 per
648 3306 779 3363 nuntium
797 3312 881 3376 apos·

113 3397 236 3454 tolicum
252 3395 370 3453 incunte
387 3396 581 3467 acquiescant.

122 3505 293 3567 Honorius
304 3505 490 3582 episcopus,
501 3518 796 3565 serrassemorum
809 3502 879 3574 liei,

95 3603 215 3665 illectis
231 3602 347 3663 liliis...
369 3602 523 3678 potestati
543 3603 577 3663 et
593 3601 715 3678 populo
727 3600 883 3661 'l'uderti-

96 3701 146 3773 ds,
164 3700 307 3762 salutem
324 3702 358 3761 et
372 3700 588 3776 apostolicam
604 3698 879 3759 benedictionem.

120 3801 204 3859 cum
233 3799 277 3859 sit
298 3800 412 3859 nostra
441 3796 631 3857 sollicitudo
656 3795 814 3856 continua
829 3795 883 3854 di-

96 3911 179 3956 rersa
196 3896 312 3955 mundi
334 3895 468 3956 climata
488 3893 666 3970 speculari,
694 3895 728 3953 et
750 3892 881 3952 vineam

96 3994 218 4056 bomini
243 3993 388 4054 Sabaoth
422 3993 548 4053 vallare
580 3990 757 4067 aggeribus
789 3990 881 4067 sepi·

96 4107 211 4169 tosque
234 4092 375 4163 munire,
390 4107 432 4152 ne
452 4091 577 4154 tructus
597 4092 670 4166 eius
685 4088 883 4150 exterminet

96 4204 223 4268 erpens
251 4191 310 4252 aut
336 4189 455 4266 reptile
481 4189 696 4258 venenatum,
725 4185 834 4247 subito
862 4200 881 4245 a

96 4287 222 4349 emotis
239 4287 410 4348 oculorum
433 4286 599 4348 vertentes
621 4285 726 4346 aciem
742 4283 782 4345 ad
800 4299 882 4361 pro-

96 4387 220 4464 inqua‚
244 4385 397 4447 Jeremiae
426 4384 526 4444 ollam
559 4381 795 4460 conspeximus
825 4396 884 4442 ac·

96 4498 222 4547 ansam
248 4482 283 4542 in
311 4482 511 4558 patrimonio
541 4484 621 4543 lesu
657 4479 798 4549 Citristi,
828 4478 882 4539 coi

96 4583 252 4645 niversae
272 4581 372 4641 terras
398 4580 549 4650 malleus,
570 4579 627 4655 qui
648 4593 778 4654 semper
794 4577 883 4637 circa

96 4678 316 4744 ondatorium
332 4680 566 4748 commoratur,
591 4677 632 4737 ab
650 4675 817 4752 aquilonis
833 4674 884 4734 la·

95 4779 128 4840 ie
151 4776 311 4837 incendia
339 4774 560 4837 ministrabat.
587 4774 753 4835 Habentes
782 4772 884 4845 igitur

96 4877 216 4937 iscera
243 4873 484 4949 compassionis
511 4889 585 4933 cum
611 4872 731 4941 Paule,
762 4869 883 4946 quibus

96 4971 272 5035 iiirmitati
287 4973 321 5033 et
340 4971 497 5032 scandalo
511 4968 718 5045 singulorum
734 4968 885 5043 cogimur

96 5069 274 5139 obvenire,
298 5068 422 5144 duplici
449 5068 561 5144 gladio
587 5067 677 5128 Petri
705 5081 766 5126 nos
792 5066 883 5126 circa

96 5183 193 5231 amur
205 5166 424 5237 accinximus,
434 5166 606 5227 obviantes
620 5165 694 5225 oliae
706 5162 880 5240 pestifere,

98 5282 156 5328 uae
179 5264 335 5324 tiammas
360 5262 544 5339 ignivomas
559 5263 718 5324 emiserat
733 5276 794 5338 per
816 5262 882 5320 Ec·

97 5365 197 5425 iesiae
211 5364 369 5423 Romanae
384 5362 470 5422 iiiios
485 5360 659 5438 speciales,
676 5375 736 5436 per
750 5374 832 5436 mnas
849 5358 881 5417 in

98 5464 178 5524 arte
200 5475 268 5520 non
298 5459 426 5519 modica
459 5460 492 5519 in
520 5460 647 5520 tantum
680 5472 754 5518 cum
782 5456 882 5516 draco

98 5557 309 5621 raevaiuerat
330 5557 532 5627 devorando,
549 5558 585 5618 nt
599 5555 672 5616 sine
687 5552 882 5614 difficultate

97 5657 231 5719 raxima
257 5654 376 5716 salutis
399 5657 429 5717 ei
454 5655 545 5731 paris
564 5653 658 5731 sequi
679 5666 755 5730 spes
769 5650 881 5727 aliqua

702 304 929 379 EPISTOLAE.
953 306 1031 367 LIB.
1057 304 1110 367 tv.

938 466 1141 528 servaretur.
1170 465 1251 525 Cum
1286 464 1374 526 enim
1410 465 1498 527 inter
1525 460 1731 543 Spoletanos,

937 564 1155 634 Narnienses,
1172 565 1413 640 Cocojonenses
1434 566 1468 625 et
1492 563 1661 640 adjutores
1675 578 1734 624 eo-

936 676 1068 723 rumex
1083 663 1176 738 parte
1189 676 1267 732 una,
1283 662 1559 732 interamnenses,
1576 661 1732 723 Tuderti-

938 775 1010 831 nos,
1037 758 1243 834 Feliginates
1267 760 1300 819 et
1327 757 1495 834 adjutores
1522 758 1668 835 ipsorum
1690 773 1734 818 ex

937 856 1054 927 altera,
1070 856 1103 917 in
1121 858 1250 918 tantum
1273 855 1457 917 inimicitiae
1477 857 1731 929 succrevissent,

937 957 973 1015 ut
999 956 1071 1030 post
1101 954 1277 1015 multorum
1306 955 1467 1028 stragem,
1495 955 1667 1029 angustias
1700 956 1734 1017 et

936 1067 1121 1128 pressuras,
1153 1050 1273 1112 damna
1305 1066 1417 1111 rernm
1441 1052 1473 1111 et
1502 1065 1731 1126 personarum,

937 1166 1010 1226 quae
1023 1146 1288 1226 irreparabiliter
1303 1149 1393 1225 passi
1413 1148 1546 1210 fuerant
1564 1151 1596 1211 et
1611 1149 1734 1212 intule-

937 1250 1013 1308 rant
1026 1246 1227 1317 alternatim,
1236 1246 1331 1308 multi
1345 1246 1459 1307 miseri
1474 1245 1534 1308 sub
1544 1247 1732 1309 arctissima

936 1343 1086 1406 custodia
1111 1343 1255 1405 vinculis
1286 1343 1405 1404 ferreis
1433 1344 1634 1421 mancipati,
1657 1347 1729 1421 jam

937 1442 1032 1520 quasi
1047 1441 1088 1502 de
1102 1442 1179 1503 vitae
1197 1441 1317 1503 solatio
1334 1440 1560 1517 desperarent.
1576 1443 1624 1503 Ad
1640 1442 1729 1504 libe-

936 1541 1099 1602 rationem
1126 1540 1273 1616 ipsorum
1305 1554 1370 1601 non
1397 1540 1471 1600 sine
1500 1541 1732 1616 compassione

936 1639 1098 1709 materna,
1124 1639 1228 1714 patris
1249 1637 1397 1699 animuin
1424 1637 1615 1703 induentes.
1645 1638 1731 1715 apud

935 1736 1120 1797 biterbium
1147 1736 1328 1803 constituti,
1356 1734 1511 1797 dilectum
1536 1735 1640 1796 tilium
1660 1751 1734 1796 ma-

935 1835 1075 1910 gistrum
1100 1832 1297 1894 Pandulium
1324 1831 1564 1894 subdiaconum
1584 1834 1618 1894 et
1631 1833 1732 1895 nota·

936 1932 1022 1992 rium
1045 1933 1192 1992 nostrum
1209 1930 1249 1990 ad
1266 1933 1376 2007 partes
1391 1929 1468 1991 illas
1482 1929 1638 1991 duximus
1656 1930 1735 1990 des·

935 2029 1119 2100 tinandum,
1140 2029 1193 2089 cui
1213 2028 1255 2089 ad
1276 2027 1507 2089 liberationem
1523 2027 1731 2104 captivorum

936 2129 969 2189 et
1007 2127 1276 2189 reformationem
1314 2125 1406 2201 pacis
1442 2125 1591 2200 plenarie
1630 2140 1729 2186 com·

936 2224 1089 2285 misimus
1113 2225 1202 2286 vices
1224 2225 1366 2294 nostras,
1382 2222 1558 2294 addentes,
1576 2224 1612 2283 ut
1634 2222 1731 2297 virga

936 2323 1153 2384 correctionis
1191 2322 1337 2383 honestas
1379 2320 1577 2382 auctoritate
1613 2321 1730 2381 nostra

936 2421 1119 2497 corriperet
1144 2420 1335 2481 insolentes.
1367 2418 1415 2480 Ad
1442 2417 1546 2495 patris
1569 2431 1648 2478 vero
1671 2417 1732 2477 im·

936 2519 1065 2596 perium
1094 2517 1247 2594 spiritum
1262 2516 1468 2579 fortitudinis
1496 2530 1671 2575 assumens
1690 2513 1732 2575 it-

936 2616 1012 2686 lius,
1036 2616 1195 2693 captivos,
1221 2631 1303 2691 quos
1323 2614 1409 2690 apud
1428 2613 1600 2683 Narniam,
1623 2614 1733 2674 Sano-

935 2715 1005 2775 tum
1016 2713 1202 2784 Geminum,
1215 2714 1467 2777 interramnem,
1478 2710 1657 2787 spoletum,
1667 2710 1730 2770 To-

936 2812 1064 2873 dertum
1079 2815 1112 2873 et
1124 2813 1320 2886 Cocojonem
1336 2809 1475 2879 invenit,
1490 2824 1556 2868 non
1571 2808 1645 2868 sine
1655 2822 1732 2867 ma-

935 2910 1010 2985 gnis
1039 2908 1208 2970 laboribus
1243 2908 1277 2968 et
1304 2907 1460 2983 expensis
1495 2921 1570 2966 curn
1604 2918 1733 2965 summa

936 3008 1107 3082 diligentia
1130 3004 1300 3078 liberavit;
1321 3004 1526 3078 Feliginates
1546 3018 1636 3073 vero,
1653 3001 1733 3078 quia

936 3106 1056 3167 multos
1076 3120 1119 3165 ex
1138 3106 1301 3180 Cooojone
1316 3102 1465 3177 captivos
1481 3099 1657 3168 habebant,
1674 3115 1734 3174 per

936 3219 1019 3281 quos
1034 3201 1213 3263 credebant
1233 3201 1267 3260 in
1291 3200 1365 3276 ipso
1390 3198 1499 3259 castro
1519 3196 1645 3273 aliquid
1667 3195 1740 3265 sibi,

937 3299 1182 3379 quomodolibet
1203 3297 1384 3359 vindicare.
1413 3295 1495 3366 Quia
1510 3297 1621 3356 tamen
1644 3293 1732 3369 apud

937 3416 997 3461 nos
1017 3415 1084 3460 non
1099 3399 1149 3460 est
1164 3395 1311 3472 acceptio
1323 3408 1551 3472 personarum,
1569 3392 1626 3452 sed
1635 3390 1732 3451 nobis

937 3498 1000 3559 boc
1026 3497 1134 3558 solnm
1161 3494 1294 3564 suiticit,
1325 3494 1360 3553 ut
1386 3490 1497 3552 omnia
1521 3492 1611 3551 recte
1636 3488 1728 3559 liant,

937 3596 1024 3657 dioto
1039 3594 1242 3655 subdiacono
1257 3589 1379 3652 nostris
1394 3588 1544 3649 dedimus
1562 3586 1683 3649 litteris
1697 3585 1731 3645 in

937 3693 1113 3762 mandatis,
1140 3693 1176 3752 ut
1196 3691 1224 3750 si
1246 3689 1357 3750 forsan
1379 3683 1734 3749 excommunicationis

938 3806 1068 3868 poenam
1095 3787 1345 3850 contemnerent
1365 3783 1557 3845 rebellionis
1581 3782 1733 3858 spiritum

936 3889 1155 3956 assumentes,
1172 3886 1262 3962 ipsos
1274 3882 1315 3944 ad
1338 3881 1568 3942 liberationem
1584 3879 1736 3954 captivo·

937 4002 1009 4046 rum
1036 3982 1249 4060 compelleret
1270 3979 1380 4040 saltim
1405 3976 1517 4053 gladio
1542 3973 1729 4051 temporali.

938 4083 999 4155 Qui
1023 4097 1096 4142 cum
1122 4079 1236 4140 iideies
1267 4075 1418 4138 ecclesiae
1440 4089 1501 4151 per
1524 4073 1678 4133 ducatum
1701 4072 1735 4132 et

937 4179 1091 4241 Tusciam
1107 4177 1303 4238 constitutos
1321 4173 1418 4251 juxta
1443 4170 1634 4231 mandatum
1650 4183 1733 4229 nos·

936 4282 1025 4340 trum
1035 4276 1077 4337 ad
1092 4275 1277 4336 exercitum
1293 4267 1483 4351 (adversus)
1499 4266 1732 4328 excommuni-

938 4378 1030 4438 catos
1044 4377 1078 4436 et
1092 4370 1284 4435 interdictos
1302 4367 1491 4430 laciendum
1515 4365 1577 4426 viri
1583 4364 1660 4425 liter
1674 4365 1731 4424 in-

938 4474 1085 4544 vitasset,
1103 4471 1238 4548 paratus
1253 4483 1368 4530 eorum
1381 4463 1571 4542 superbiam
1587 4462 1621 4523 in
1635 4478 1735 4523 manu

937 4573 1015 4635 sorti
1031 4574 1064 4632 et
1075 4568 1212 4631 brachio
1230 4568 1364 4629 extento
1379 4564 1507 4641 punire,
1519 4561 1581 4638 ipsi
1598 4559 1732 4621 tandem

938 4668 979 4730 ad
995 4683 1054 4729 cor
1070 4665 1206 4735 reversi,
1224 4678 1284 4740 per
1298 4677 1416 4722 manus
1432 4656 1582 4735 praedicti
1604 4652 1737 4715 subdia·

938 4765 1012 4828 coni
1030 4764 1153 4826 nostris
1167 4765 1200 4824 et
1212 4761 1281 4822 suis
1295 4759 1424 4836 precise
1434 4753 1635 4831 juraverunt
1646 4753 1736 4812 stare

938 4863 1121 4932 mandatis,
1149 4860 1183 4922 et
1210 4859 1317 4936 primo
1347 4853 1474 4932 plegios
1507 4850 1652 4927 quinque
1674 4850 1747 4924 pro·

938 4961 1147 5040 quingentis3
1165 4956 1309 5019 secundo
1324 4954 1438 5014 decem
1454 4964 1513 5025 pro
1528 4947 1620 5007 mille
1640 4945 1735 5007 libris

938 5057 1142 5122 Lucensibus
1157 5056 1229 5115 sine
1245 5055 1340 5130 pacto
1360 5053 1396 5111 et
1416 5048 1529 5124 aliqua
1543 5043 1735 5106 conditione

938 5157 1110 5225 dederunt,
1128 5153 1214 5214 sicut
1228 5153 1261 5212 in
1276 5145 1508 5210 instrumentis
1517 5141 1640 5204 exinde
1655 5156 1738 5202 con-

938 5253 1033 5315 iectis
1048 5252 1191 5313 vidimus
1217 5246 1393 5310 contineri.
1419 5241 1583 5304 Liberalis
1602 5236 1736 5298 tandem

938 5353 978 5413 ad
1002 5350 1108 5427 ipsius
1128 5346 1323 5409 subdiaconi
1349 5342 1504 5405 mandata
1528 5334 1680 5411 captivis,
1703 5336 1738 5393 et

939 5450 1013 5527 post
1023 5448 1214 5524 juramenta
1237 5442 1419 5520 potestatis,
1438 5436 1601 5515 judicum,
1624 5429 1739 5490 consi·

939 5547 1113 5608 liariorum
1151 5542 1300 5604 omnium
1333 5536 1479 5601 civitatis
1508 5529 1659 5608 ejusdem
1696 5542 1737 5589 ao

939 5646 1080 5707 aliorum
1107 5642 1296 5711 multorum,
1323 5634 1436 5714 quiin
1465 5625 1736 5692 excommunica-

1675 307 1733 367 474
1794 310 1802 321 ’
