3774 6186
116 297 177 361 863

116 472 191 535 quae
204 456 304 519 iidem
319 456 361 519 ab
375 458 524 535 ejusdem
538 457 683 535 capitulo
696 463 909 537 receperunt3

117 555 266 633 alioquin
291 555 419 616 dilectis
444 554 522 616 tiliis
549 554 660 616 abbati
682 559 818 633 majoris
837 574 911 619 mo-

117 653 272 723 nasterii,
301 654 333 713 et
356 653 482 713 decano
513 653 627 713 Sancti
652 654 787 714 Martini
805 657 912 716 Turo-

116 750 230 810 nensis
250 750 504 811 etthesaurario
520 751 635 812 Sancti
656 751 775 811 Hilarii
798 753 911 814 Picta-

116 846 242 908 viensis
256 848 378 907 nostris
392 848 543 908 dedimus
554 847 674 909 litteris
687 849 720 909 in
734 849 909 920 mandatis,

116 945 153 1005 ut
167 944 229 1020 ipsi
252 944 412 1016 eamdem,
440 944 606 1022 praedictis
635 946 755 1007 litteris
784 962 912 1023 nequa-

117 1057 214 1119 quam
226 1040 442 1113 obstantibus,
456 1044 489 1103 in
504 1042 669 1119 praedictis
679 1043 912 1104 statuetliber·

114 1139 195 1210 tate,
212 1142 325 1201 nostra
341 1139 434 1201 tieret
448 1142 655 1212 auctoritate,
678 1142 912 1203 confirmantes

118 1237 304 1315 praemissa,
328 1237 458 1298 sublato
479 1237 655 1314 cujuslibet
677 1239 913 1301 contradictio-

118 1334 171 1394 nis
187 1337 219 1395 et
232 1335 463 1411 appellationis
480 1333 661 1406 obstaculo,
675 1338 909 1413 exsequantur,

117 1432 376 1493 contradictores
396 1433 425 1492 si
452 1432 507 1508 qui
533 1433 656 1494 luerint
688 1434 741 1493 vel
770 1433 911 1494 rebelles

115 1543 372 1605 percensuram
399 1529 672 1600 ecclesiasticam,
698 1533 760 1590 etc.
790 1533 909 1591 Datum

116 1626 283 1695 Laterani,
308 1628 384 1686 VIII
407 1626 568 1687 kalendas
590 1627 684 1704 julii,
699 1629 910 1704 pontificatus

117 1722 223 1783 nostri
238 1738 326 1783 anno
343 1723 469 1800 quinto.

409 2026 618 2113 adduxti

154 2177 207 2237 Aa
228 2176 414 2238 Wattcram
431 2179 591 2239 comitam
610 2178 868 2240 Grotortcnsem.

406 2308 440 2366 ta
452 2307 525 2380 junii
541 2308 620 2365 12²¹.

137 2429 267 2494 [Theman
280 2429 341 2480 Cod.
354 2430 462 2496 diplom.
474 2430 582 2481 dominii
595 2435 685 2494 temp,
695 2429 716 2488 l,
726 2430 766 2489 tl'r',
781 2444 806 2479 n.
819 2429 885 2494 toa]

160 2544 203 2603 llli
218 2545 336 2603 mandat
349 2553 380 2604 ut
394 2562 410 2603 a
426 2544 602 2604 molestanda
617 2547 732 2604 civitate
748 2546 868 2603 Reatina

447 2632 577 2690 desistat.

155 2749 323 2811 Honorius
332 2751 517 2827 episcopus,
528 2765 826 2811 servttsserrorum
836 2749 908 2821 Dei,

115 2846 236 2910 dilecto
251 2847 320 2908 tilio
336 2847 440 2908 nobili
456 2848 528 2909 viro
543 2847 692 2909 Waltero
707 2846 820 2908 comiti
836 2849 912 2909 Cro·

633 316 641 328 ¹
738 299 913 364 hortona
934 302 981 364 111
1001 303 1151 366 OPERA.

1708 308 1767 371 aot

1252 472 1482 564 ddctxtss

967 616 1019 674 Ad
1033 617 1369 690 archipresbyterum
1379 623 1420 678 F.
1432 620 1466 681 ct
1479 623 1546 681 lut.
1559 622 1764 681 cattont'cant

1241 714 1487 778 Pistortcuscs.

1259 837 1295 893 26
1304 834 1377 909 junii
1391 837 1470 895 lttl.

1049 947 1141 1011 [Lami,
1156 949 1270 999 Ecclesia
1283 951 1438 1001 Florentinae
1449 967 1530 1011 mou„
1542 954 1586 1012 ΙΙΙ,
1602 953 1688 1019 tata]

967 1054 1082 1111 Mandat
1102 1062 1133 1113 ut
1150 1071 1268 1114 causam
1287 1057 1323 1115 de
1342 1058 1407 1131 jure
1429 1059 1586 1132 parochiali
1606 1069 1761 1120 vertentem

1002 1143 1075 1200 inter
1099 1144 1251 1216 plebanum
1271 1154 1300 1203 et
1320 1149 1476 1219 capitulum
1495 1150 1627 1207 ecclesie
1650 1151 1678 1207 S.
1702 1153 1759 1208 Ste-

1003 1231 1089 1304 phani
1105 1247 1140 1288 ex
1153 1248 1209 1290 una
1225 1243 1305 1306 parte
1320 1245 1350 1291 et
1364 1237 1487 1308 priorem
1502 1239 1599 1295 Sancti
1611 1241 1715 1296 Donati
1728 1255 1761 1297 ex

1002 1321 1089 1377 altera
1103 1322 1139 1379 ad
1154 1322 1240 1380 llnem
1257 1324 1422 1396 perducant

1006 1447 1682 1527 Honoriusepiscopus,servusserrorum
1692 1456 1759 1527 Dei,

967 1543 1096 1605 dilectis
1113 1545 1191 1606 filiis
1207 1546 1507 1626 archipresbytero,
1525 1552 1562 1611 F.
1577 1553 1611 1613 et
1621 1553 1651 1613 J.
1669 1567 1762 1614 cana

967 1641 1051 1702 nicis
1065 1643 1337 1715 Pistorieusibus,
1351 1645 1491 1707 salutem
1504 1650 1568 1708 etc.

1008 1742 1073 1800 Sua
1099 1741 1194 1801 nobis
1215 1742 1325 1803 dilecti
1346 1743 1407 1804 tilii
1426 1744 1599 1820 plebanae,
1618 1747 1651 1807 et
1672 1748 1761 1824 capt-

967 1837 1072 1897 tulum
1097 1838 1247 1900 ecclesiae
1274 1840 1386 1901 Sancti
1414 1842 1573 1918 Stephani
1605 1845 1759 1920 petitione

967 1936 1203 2008 monstrarunt,
1222 1938 1307 2014 quod
1323 1955 1397 1998 cum
1412 1955 1547 2000 causam
1569 1942 1658 2002 inter
1673 1942 1758 2019 ipsos

966 2047 1008 2092 ex
1019 2048 1086 2092 una
1101 2035 1204 2109 parte,
1219 2037 1252 2095 et
1263 2036 1407 2112 priorem
1422 2039 1758 2109 subsummatus

966 2133 1050 2190 rent.
1070 2129 1224 2192 dioecesis
1244 2148 1287 2193 ex
1306 2134 1422 2205 altera,
1448 2151 1548 2211 super
1562 2139 1642 2213 jure
1663 2152 1757 2212 paro-

966 2227 1069 2288 chiali
1094 2229 1244 2290 ecclesiae
1271 2231 1470 2307 supradictae
1497 2249 1537 2294 ac
1561 2232 1664 2294 rebus
1688 2235 1756 2295 aliis

966 2327 1162 2398 vertentem,
1179 2327 1273 2387 robis
1288 2330 1553 2391 commiserimus
1571 2333 1756 2392 terminan-

967 2422 1053 2494 dam,
1070 2440 1129 2484 ros
1151 2424 1186 2484 in
1204 2440 1305 2486 causa
1323 2426 1395 2502 ipsa
1408 2429 1479 2503 jam
1492 2427 1609 2504 elapso
1627 2429 1756 2491 biennio

966 2520 1145 2596 procedere
1160 2521 1321 2584 hactenus
1337 2539 1402 2585 non
1419 2527 1573 2587 curastis
1596 2527 1648 2587 Ne
1663 2527 1758 2602 igitur

967 2619 1175 2694 prorogando
1207 2620 1372 2696 judicium
1405 2622 1547 2699 justitiae
1578 2624 1756 2701 derogetis,

966 2714 1160 2776 discretioni
1170 2718 1289 2778 restrae
1305 2734 1365 2795 per
1378 2719 1500 2780 iterata
1510 2720 1637 2798 scripta
1651 2721 1760 2798 praeci-

966 2812 1086 2888 piendo
1097 2813 1475 2892 mandamus,quatenus
1485 2817 1520 2878 in
1533 2818 1653 2879 eadem
1662 2833 1758 2880 causa

115 2945 259 3018 tenensi,
273 2945 431 3021 magistro
446 2945 541 3021 regni
553 2945 752 3017 lustitiari0,
769 2945 910 3007 salutem
961 2911 1059 2986 jum
1078 2926 1225 2987 mmmm
1241 2911 1428 2974 humum
1445 2915 1688 2976 ⁰⁰¹¹t¹¹¹⁰⁰ti⁸m
1702 2931 1757 2977 'a'

116 3045 150 3104 et
163 3044 378 3120 apostolicam
394 3042 670 3104 benedictionem.

155 3143 236 3202 Cum
253 3157 320 3202 nou
336 3139 464 3202 dubites
478 3140 517 3202 de
533 3140 621 3201 beati
638 3139 725 3201 Petri
747 3140 910 3216 patrimo-

115 3239 172 3321 nio
192 3239 360 3300 civitatem
379 3239 524 3300 existere
544 3239 729 3316 Reatinam,
752 3238 811 3298 rix
832 3253 909 3299 cre-

116 3336 194 3398 dere
210 3336 376 3413 potuimus
387 3335 474 3412 quod
488 3337 523 3396 tu
538 3335 703 3397 hostiliter
713 3335 808 3407 velis,
824 3335 911 3395 sicut

114 3434 257 3496 relatum
270 3435 320 3495 est
329 3431 437 3503 nobis,
451 3433 631 3508 procedere
644 3434 759 3493 contra
773 3448 857 3503 eam,
874 3433 910 3492 iu

116 3548 181 3608 quo
206 3548 273 3591 non
296 3531 423 3591 tanturn
444 3529 613 3590 civitatem
636 3530 786 3589 eamdem
805 3545 912 3606 quan-

114 3631 185 3690 tum
206 3627 389 3688 Ecclesiam
412 3629 595 3686 Romanam
615 3626 812 3697 offenderes
836 3643 910 3703 quae

116 3725 157 3787 ad
171 3725 340 3785 civitatem
352 3723 457 3798 ipsam
472 3739 568 3783 suurn
580 3724 759 3800 specialius
771 3724 911 3786 inclinat

115 3824 283 3894 allectum,
307 3826 341 3883 et
362 3838 436 3883 eam
460 3823 548 3883 inter
576 3837 654 3882 snos
678 3823 802 3883 arctius
821 3822 911 3884 tenet

115 3921 301 3998 amplexus.
318 3920 479 3990 Quocirca
501 3919 735 3981 discretionem
748 3922 837 3982 tuam
853 3935 911 3980 ro·

115 4019 259 4095 gandam
274 4017 428 4077 duximus
449 4019 483 4078 et
501 4017 709 4088 hortandam,
727 4033 786 4094 per
803 4021 911 4094 Apos-

115 4117 215 4178 tolica
227 4114 286 4176 tibi
297 4115 419 4191 scripta
432 4114 638 4184 mandantes,
651 4118 813 4192 quatenus
824 4117 910 4176 sicut

116 4229 229 4276 coram
253 4210 355 4273 habes
379 4212 521 4287 gratiam
545 4213 743 4288 apostoticae
764 4212 858 4273 Sedis
878 4215 911 4274 et

36 4327 43 4340 ·
116 4312 276 4377 nostram,
297 4308 338 4369 ab
352 4310 441 4369 omni
458 4310 601 4370 civitatis
621 4310 726 4386 ipsius
742 4312 774 4371 et
787 4311 909 4371 civium

116 4423 252 4470 suorum
272 4407 476 4482 gravamine,
493 4407 580 4482 quod
605 4407 799 4482 patientera
815 4407 909 4469 nobis

116 4504 345 4567 sustinendum
366 4519 432 4563 non
454 4505 551 4574 esset,
577 4504 708 4579 penitus
730 4506 909 4581 conquies-

115 4620 184 4666 cas.
207 4602 320 4676 Parati
335 4600 457 4662 etenim
477 4616 590 4660 sumus
606 4601 744 4677 justitiae
765 4602 910 4677 plenitu-

116 4703 227 4762 dinem
237 4699 396 4761 exhibere
406 4714 465 4775 pro
477 4698 625 4775 uisque
637 4688 671 4758 tt
682 4700 782 4761 etalii
794 4703 909 4762 contra

116 4799 284 4861 civitatem
312 4796 495 4858 habueritis
523 4797 759 4874 supradictam.
790 4799 908 4859 Datum

115 4895 289 4966 Laterani,
316 4897 360 4955 VI
391 4893 552 4955 kalendas
571 4894 670 4971 julii,
696 4895 908 4973 pontificatus

116 4993 222 5056 nostri
242 5008 329 5054 anno
344 4991 471 5068 quinto.

965 3006 1055 3069 tione
1074 3009 1199 3083 praevia
1224 3010 1297 3070 sine
1323 3025 1425 3072 morae
1450 3011 1627 3087 dispendio
1642 3029 1758 3091 proce·

965 3105 1062 3165 datis.
1090 3108 1208 3166 Datum
1227 3108 1394 3179 Laterani,
1420 3110 1465 3169 Vl
1491 3108 1657 3171 kalendas
1672 3110 1757 3189 Julii,

966 3201 1177 3278 pontificatus
1190 3203 1295 3265 nostri
1308 3219 1397 3265 anno
1410 3205 1537 3282 quinta.

1237 3428 1488 3517 ctaaxtltl

985 3571 1038 3630 Aa
1058 3571 1254 3632 conradum
1277 3577 1489 3646 capellanum
1513 3574 1550 3636 et
1568 3577 1743 3650 poenaen-

1224 3669 1371 3729 tiariam
1383 3685 1498 3732 sartam.

1265 3791 1282 3848 3
1299 3789 1361 3863 iulii
1378 3791 1457 3849 that.

1005 3903 1126 3968 [Regem.
1139 3903 1184 3955 lib.
1195 3904 1226 3964 V,
1237 3905 1310 3969 epist.
1318 3903 1373 3955 tta.
1382 3907 1439 3956 llss.
1449 3906 1486 3956 Le
1494 3905 1571 3957 Parte
1579 3906 1615 3958 du
1626 3909 1721 3976 rhen]

964 4010 1084 4067 Metensi
1097 4011 1233 4084 episcopo
1252 4018 1368 4083 propter
1382 4011 1551 4070 tractionem
1570 4014 1649 4072 tibiae
1664 4014 1757 4073 morbo

998 4098 1138 4156 laboranti
1160 4098 1326 4156 ditationem
1348 4101 1407 4157 voti
1431 4101 1460 4158 iu
1483 4103 1602 4160 Terram
1626 4104 1756 4162 Sanctam

1000 4186 1139 4260 indulget.

1004 4305 1183 4376 Honorius,
1197 4306 1271 4377 etc,
1289 4306 1409 4368 dilecto
1423 4305 1491 4367 tilio
1502 4309 1669 4384 magistro
1683 4311 1758 4371 Cou-

964 4401 1045 4462 rado
1061 4402 1233 4478 capellano
1246 4405 1280 4464 et
1296 4404 1543 4480 poenitentiario
1562 4409 1692 4481 nostro,
1707 4423 1757 4469 sa·

964 4497 1077 4570 lutam,
1091 4502 1153 4561 eta.

1003 4597 1199 4657 Audivimus
1224 4597 1311 4675 quod
1331 4600 1533 4661 venerabilis
1556 4599 1664 4663 irater
1684 4617 1756 4663 aas

963 4697 1051 4754 ter...
1080 4696 1239 4755 bletensis
1259 4697 1447 4773 episcopus,
1463 4698 1653 4775 imperialis
1675 4699 1754 4760 aula

964 4791 1196 4863 cancellarius,
1207 4792 1403 4855 tractionem
1413 4795 1503 4856 tibiae
1517 4797 1678 4872 patiatur,
1690 4810 1756 4874 pro·

964 4890 1037 4965 pter
1051 4889 1136 4966 quod
1150 4891 1202 4950 sui
1217 4891 1285 4951 voti
1300 4892 1453 4952 executio
1463 4892 1663 4969 impeditum
1679 4909 1757 4969 quo-

963 4985 1053 5046 circa
1068 4986 1262 5048 discretioni
1275 4988 1341 5048 tuae
1357 5004 1418 5064 per
1430 4990 1624 5065 Apostolica
1636 4991 1756 5067 scripta

963 5083 1174 5156 mandamus,
1200 5088 1363 5161 quatenus
1393 5087 1535 5148 veritate
1565 5103 1669 5165 super
1699 5088 1756 5149 hoc

964 5180 1156 5256 diligentius
1179 5181 1350 5259 inquisita,
1371 5183 1400 5243 sl
1424 5199 1494 5245 rem
1515 5184 1692 5247 inveneris
1713 5185 1756 5247 ita

963 5293 1048 5348 esse,
1064 5278 1256 5339 dilationem
1272 5278 1336 5338 sibi
1352 5279 1393 5340 ad
1409 5280 1461 5340 sui
1483 5281 1554 5342 voti
1575 5298 1759 5360 praesump-

962 5375 1086 5435 tionem
1107 5390 1211 5451 usque
1231 5375 1273 5436 ad
1291 5375 1383 5437 aliud
1399 5376 1593 5454 passagium
1608 5380 1756 5443 auctori-

962 5472 1030 5532 tate
1065 5474 1179 5533 nostra
1217 5473 1393 5534 concedas.
1430 5477 1550 5537 Datum
1584 5478 1756 5548 Laterani,

962 5572 991 5629 V
1005 5584 1110 5631 nonas
1116 5571 1206 5647 julii,
1215 5571 1398 5647 pontificat.
1408 5572 1514 5634 nostri
1529 5589 1621 5636 anno
1633 5575 1756 5653 quinto.
