3774 6186
117 337 178 396 iss
747 332 977 393 EPISTOLAE.
1001 331 1078 391 bns.
1104 332 1158 393 111.
1712 330 1765 389 13!

114 493 170 555 rel
204 494 404 556 conventum
438 492 510 553 sive
534 484 696 569 synodum
719 488 915 562 'celebrare
973 493 1048 552 tem.
1067 493 1103 552 in
1123 489 1242 568 quibus
1269 490 1370 551 etiarn
1395 489 1548 550 ecclesiis
1563 490 1614 550 vel
1633 489 1769 566 capeliis

113 591 310 654 cathedram
336 589 513 659 collocare,
530 590 776 666 processionem
796 591 919 651 solem·
972 587 1173 651 iioeatvohis
1185 603 1245 649 seu
1260 587 1417 650 frahibus
1430 587 1550 649 vestris
1560 589 1769 665 presbyteros

114 705 194 752 nem
210 688 545 763 facereautexigere,
560 703 672 763 regem
682 703 844 749 coronare
859 703 918 749 seu
970 687 1109 764 eligere,
1125 687 1172 748 ita
1187 688 1298 748 tamen
1325 686 1409 763 quod
1426 685 1467 747 ab
1477 686 1642 763 episcopis
1657 686 1710 747 vei
1729 686 1770 748 ab

115 786 254 865 aliquod
270 786 460 863 episcopale
476 784 622 845 officium
642 784 678 845 in
693 783 806 862 aliqua
823 785 920 846 ceila-
973 785 1203 864 episcoporum
1217 784 1354 845 vicariis
1364 784 1551 845 animarum
1564 801 1680 846 curam
1695 784 1773 845 abs-

114 901 194 947 rum
206 899 345 945 suarum
359 897 517 944 eneruem
529 882 582 942 vei
590 881 770 960 hospitium
784 882 919 958 exigere
972 898 1038 960 que
1053 883 1234 944 remittate
1257 882 1450 959 suscipiant.
1470 882 1595 954 Quibus
1615 883 1770 943 nimirum

115 983 310 1061 praesumat
327 980 571 1043 Universahter
585 980 778 1052 statuentes,
796 981 831 1041 ut
846 981 921 1056 qui·
974 979 1177 1058 presbyteris
1190 996 1267 1041 cum
1279 982 1407 1042 tantum
1419 980 1671 1055 assignaveritis
1685 981 1771 1041 unde

114 1095 260 1157 cumque
275 1077 434 1156 episcopi,
450 1077 707 1155 archiepiscopi,
735 1077 789 1139 vei
805 1093 920 1138 eorum
975 1078 1081 1140 victus
1097 1079 1130 1139 et
1141 1078 1279 1140 vestitus
1291 1078 1481 1138 necessaria
1492 1078 1621 1154 possint
1636 1078 1772 1140 honeste

116 1178 236 1240 clerici
261 1179 320 1239 aut
340 1177 488 1238 ministri
512 1191 613 1253 super
630 1177 738 1253 ipsum
753 1179 921 1237 monaste-
975 1176 1157 1254 percipere,
1175 1175 1333 1253 quidquid
1358 1175 1528 1236 residuum
1549 1176 1650 1237 fuerit
1674 1176 1772 1237 liceat

115 1276 219 1348 rium,
241 1275 294 1336 rel
316 1290 416 1352 super
441 1273 544 1336 cellas
569 1277 602 1335 et
628 1273 803 1351 praedictas
821 1289 922 1350 paro-
975 1273 1070 1334 vobis
1097 1274 1132 1334 in
1160 1290 1240 1334 usus
1269 1273 1420 1350 proprios
1449 1275 1653 1335 convertere.
1667 1274 1702 1334 Si
1717 1275 1771 1351 qui

117 1372 419 1435 chialesecclesias
440 1372 566 1433 nuliam
582 1372 919 1449 aliquatenuspotes·
976 1373 1138 1446 praeterea
1171 1370 1318 1432 fidelium
1355 1371 1554 1433 monasterio
1580 1372 1692 1432 restro
1716 1375 1774 1432 aut

117 1475 223 1534 tatem
244 1470 400 1542 habeant,
426 1485 487 1532 nec
514 1486 629 1530 earum
646 1468 921 1547 presbyterosrei
976 1469 1069 1529 celiis
1083 1469 1123 1530 ad
1144 1469 1252 1545 ipsum
1266 1468 1508 1545 pertinentibus
1526 1469 1702 1530 ecclesiam
1717 1474 1770 1529 auf

117 1570 262 1631 elericos
279 1583 508 1646 quoscumque
533 1568 605 1629 sive
626 1567 748 1640 laicos,
774 1567 832 1628 sed
860 1582 922 1628 nec
976 1567 1218 1646 possessionem
1234 1566 1379 1643 aliquam
1398 1583 1456 1627 seu
1479 1565 1677 1628 beneficium
1702 1567 1773 1643 pie-

118 1667 285 1737 abhatem‚
297 1666 426 1743 priores
440 1665 494 1726 vei
505 1665 685 1726 monachos
699 1665 741 1725 ad
759 1665 921 1742 synodum
975 1665 1054 1728 tatis
1080 1665 1201 1727 intuitu
1229 1664 1381 1726 conferre
1395 1664 1548 1737 voluerit,
1565 1665 1678 1725 nuilus
1703 1680 1774 1726 om—

119 1782 220 1827 suum
235 1765 288 1826 rel
303 1763 485 1840 capitulum
498 1778 683 1825 convocare
692 1763 745 1824 vel
755 1762 797 1823 ab
811 1762 921 1824 officio
976 1765 1057 1826 nino
1072 1762 1194 1825 audeat
1208 1762 1380 1840 impedire.

117 1863 237 1924 divino
260 1861 474 1938 suspendere,
501 1877 560 1921 seu
585 1860 720 1937 aliquod
745 1861 781 1921 in
796 1876 854 1922 eos
869 1861 922 1922 rel
1015 1862 1219 1940 adjicientes
1240 1862 1339 1922 etiam
1364 1856 1562 1921 arroteritat'e
1584 1859 1772 1937 apostolica

119 1961 295 2023 minimum
319 1961 377 2036 ius
401 1974 581 2027 exercere,
621 1960 679 2019 aut
701 1959 922 2035 parochianos
976 1960 1201 2039 prohibemus,
1220 1962 1255 2020 ut
1275 1959 1387 2019 nulius
1410 1958 1563 2019 minister
1583 1958 1624 2019 de
1641 1961 1771 2028 caetero,

119 2073 201 2120 suos
217 2074 237 2119 a
251 2056 483 2119 communione
496 2056 631 2117 illorum
647 2055 922 2134 prohibereprae·
977 2059 1106 2135 dapifer
1117 2058 1282 2128 videlicet,
1299 2056 1351 2117 rel
1368 2057 1538 2133 pincerna,
1557 2058 1772 2127 camerarius,

118 2156 265 2227 sumant,
281 2154 340 2215 sed
355 2154 467 2215 omnia
489 2154 693 2230 pontificalia
708 2167 824 2215 eorum
844 2157 922 2231 jura
977 2156 1198 2232 dispensator,
1211 2155 1350 2231 janitor,
1368 2170 1427 2214 seu
1442 2171 1502 2230 per
1516 2171 1649 2215 manum
1672 2155 1772 2228 regis,

119 2256 153 2316 et
160 2252 534 2331 quaecumqueeociesiae
545 2252 660 2314 Sancti
668 2251 788 2313 Albani
799 2251 924 2314 fuerint
977 2254 1031 2316 vel
1044 2254 1188 2331 alicujus
1201 2253 1374 2329 principis,
1389 2252 1594 2324 violentiam,
1611 2252 1706 2313 vobis
1717 2252 1774 2312 in·

119 2350 252 2414 abbatis
294 2349 500 2411 solummodo
542 2350 692 2426 eJusdem
728 2350 923 2411 monasterii
978 2352 1055 2412 vitis
1080 2351 1115 2411 in
1134 2351 1244 2412 vestro
1267 2349 1481 2423 monasterio,
1503 2350 1556 2410 vei
1576 2350 1611 2410 in
1635 2350 1718 2410 iocis
1733 2350 1772 2410 ad

121 2449 280 2526 potestati
290 2448 394 2509 libere
406 2446 581 2509 tractanda
596 2448 800 2525 subjaceant.
816 2448 923 2508 Nolu·
978 2448 1087 2526 ipsum
1116 2447 1360 2525 pertinentibus
1395 2447 1577 2509 ordinetur.
1612 2448 1773 2533 Antiquae·

121 2563 197 2608 mrrs
226 2547 317 2607 enim
343 2547 378 2607 ut
401 2545 514 2617 alicui,
532 2545 597 2606 nisi
620 2547 749 2607 tantmn
774 2548 923 2607 Romano
979 2562 1107 2624 quoque
1131 2545 1387 2606 consuetudines
1412 2547 1444 2605 et
1470 2545 1616 2606 redditus
1637 2560 1774 2606 monas-

122 2644 289 2716 Pontiiici,
302 2643 443 2705 debeant
454 2643 490 2704 in
499 2643 612 2720 aliquo
625 2643 838 2721 respondere.
854 2645 924 2706 Nec
981 2644 1062 2705 torio
1084 2646 1194 2705 vestro
1216 2642 1355 2713 debitos,
1375 2641 1504 2703 scilicet
1524 2643 1557 2702 in
1573 2646 1669 2704 serta
1690 2642 1772 2703 feria

122 2741 319 2804 monasterii
345 2742 447 2802 vestri
474 2741 576 2802 abhas
597 2742 651 2802 val
685 2741 841 2804 monachi
865 2758 924 2803 seu
979 2740 1783 2831 postascensionemDominicarn‚deunaquaque·

122 2839 286 2901 cellarum
302 2841 489 2900 vestrarum
506 2837 644 2899 ubilibet
657 2839 839 2916 positarum
854 2838 925 2900 fra·
979 2855 1099 2902 caruca
1116 2835 1415 2918 Herftlefordensis
1439 2839 1614 2900 comitatus
1640 2838 1773 2900 obulum

121 2940 192 2998 tres
208 2952 268 3014 pro
283 2936 431 3013 quaiibet
452 2936 684 2998 interdictione
707 2936 761 2997 vei
784 2952 922 2998 excom·
979 2954 1082 2998 unum
1097 2938 1129 2999 et
1142 2936 1176 2997 in
1188 2936 1305 2998 eodem
1318 2935 1372 2997 die
1384 2937 1456 2996 sive
1468 2935 1673 3000 hebdomada
1689 2940 1775 2998 Pen-

120 3035 362 3107 municatione,
376 3035 507 3096 etiamsi
527 3050 701 3095 commune
711 3034 924 3096 interdictum
978 3036 1119 3097 tecostes
1134 3050 1177 3096 ex
1191 3036 1259 3096 toto
1275 3035 1449 3095 comitatus
1465 3035 1710 3110 processionem
1725 3051 1775 3096 so

120 3136 223 3195 terrae
242 3132 354 3205 norit,
375 3133 564 3194 divinorum
583 3131 768 3193 officiorum
784 3148 925 3209 suspen·
979 3131 1132 3193 lemnem.
1150 3133 1187 3192 In
1203 3131 1350 3192 secunda
1365 3147 1444 3192 vero
1459 3131 1667 3193 solemnitate
1685 3132 1772 3193 beati

121 3231 254 3294 monem
270 3231 449 3307 patiantur.
463 3229 525 3292 Sed
534 3233 602 3291 mm
615 3228 717 3290 abbas
726 3231 760 3291 et
769 3230 924 3291 monachi
978 3228 1108 3300 Albani,
1131 3228 1171 3290 de
1198 3244 1397 3305 unaquaque
1430 3244 1569 3289 carruca
1603 3244 1772 3289 nummum

120 3329 190 3405 ipsi
206 3343 305 3405 quarn
318 3327 476 3388 etfamuii
492 3343 606 3388 eorum
622 3329 655 3389 et
669 3327 726 3404 qui
745 3343 781 3388 se
797 3344 925 3389 monas·
979 3343 1092 3399 unum,
1118 3327 1265 3403 itemque
1290 3325 1405 3386 eodem
1432 3325 1486 3387 die
1510 3326 1550 3387 de
1577 3341 1773 3404 unaquaque

120 3428 201 3488 ticae
225 3426 424 3502 professioni
447 3425 661 3496 devoverunt,
678 3425 801 3486 clausis
817 3425 925 3487 eccle·
979 3425 1075 3487 domo
1088 3424 1190 3486 totius
1212 3427 1308 3485 terrae
1331 3424 1443 3485 Sancti
1465 3423 1585 3485 Albani
1604 3440 1772 3485 numinum

120 3524 251 3585 siarum
266 3525 392 3601 januis,
421 3538 488 3584 non
509 3521 665 3584 admissis
693 3524 925 3584 excommuni-
979 3539 1082 3583 unum
1101 3521 1195 3583 vohis
1219 3521 1417 3583 auctoritate
1437 3522 1625 3598 apostolica
1647 3524 1771 3583 conflr-

121 3619 922 3697 catisetinterdictis,nonpulsatistiutiunabuiis,
979 3636 1119 3689 mamus,
1133 3622 1168 3682 et
1184 3620 1353 3696 perpetuis
1370 3620 1575 3695 temporibus
1591 3619 1773 3681 inviolabi-

121 3719 298 3781 humiliori
320 3735 402 3781 voce
430 3718 544 3780 divina
570 3718 738 3781 celebrent
760 3721 793 3781 et
814 3720 926 3796 sepul·
979 3716 1774 3795 hierpraecipimusobservan.hecemimusergo

121 3820 211 3879 turae
236 3818 287 3878 eis
311 3816 421 3878 debita
454 3819 626 3894 peragant.
656 3817 771 3878 liceat
795 3833 925 3894 quoque
980 3815 1064 3876 nulli
1084 3815 1255 3877 hominurn
1276 3815 1376 3876 liceat
1395 3816 1621 3892 supradictum
1636 3832 1773 3877 monas—

120 3914 219 3977 vobis
233 3915 509 3992 quandocumque
532 3930 592 3976 vos
602 3913 775 3976 manifeste
790 3915 924 3990 gravari
979 3911 1099 3972 terium
1116 3914 1239 3973 tamma
1254 3908 1460 3987 perturbare,
1477 3914 1535 3972 aut
1553 3915 1624 3988 ejus
1638 3930 1772 3988 posses-

121 4003 310 4083 senseritis,
327 4011 369 4073 ad
389 4011 572 4073 remedium
593 4010 827 4088 appellationis
841 4029 925 4074 cen-
980 4010 1090 4069 siones
1101 4008 1443 4080 auferre,velabiatas
1456 4010 1612 4081 retinere,
1625 4011 1773 4072 minuen-

120 4111 251 4188 fugere,
269 4111 370 4174 etiam
383 4111 412 4171 si
425 4125 526 4172 causa
537 4125 611 4186 quae
620 4113 737 4173 contra
746 4125 805 4172 vos
815 4111 926 4186 agitur
980 4107 1050 4167 sive
1065 4105 1267 4182 quibuslibet
1285 4105 1519 4166 vexationibus
1540 4105 1691 4182 fatigare,
1716 4117 1770 4168 sei:

120 4208 304 4287 appellatio
340 4207 384 4268 sit
417 4208 556 4270 remota.
587 4208 667 4269 Post
697 4205 820 4270 factam
844 4224 925 4270 vero
980 4203 1109 4265 illibata
1128 4204 1239 4265 omnia
1260 4205 1293 4265 et
1311 4205 1442 4279 integra
1466 4205 1694 4277 observentur,
1716 4222 1774 4267 eo-

122 4305 393 4384 appellationem,
410 4305 535 4397 nemini
550 4305 651 4367 liceat
663 4305 699 4366 in
712 4321 771 4368 vos
787 4307 923 4368 senten-
979 4318 1052 4363 rum
1068 4317 1128 4379 pro
1143 4317 1283 4378 quorum
1300 4300 1541 4377 gubernatione
1556 4307 1588 4364 et
1603 4305 1772 4364 sustenta—

120 4405 206 4466 tiam
220 4404 312 4477 dare,
328 4404 381 4465 vei
393 4403 519 4480 aliquid
535 4403 707 4475 innovare,
722 4419 782 4464 seu
793 4420 851 4465 vos
868 4407 925 4466 aut
979 4401 1069 4463 tione
1082 4415 1240 4461 concessa
1253 4401 1331 4461 sunt
1346 4400 1460 4461 usibus
1475 4400 1673 4462 omnimodis
1691 4418 1771 4478 pro-

123 4502 354 4579 possessiones
363 4502 492 4563 vestras
507 4517 591 4563 ausu
600 4502 778 4563 temerario
793 4502 926 4578 pertur-
979 4497 1109 4572 futura;
1131 4497 1224 4559 saiva
1239 4498 1273 4558 in
1288 4497 1441 4559 omnibus
1461 4500 1658 4575 apostolica
1680 4501 1772 4562 Sedis

122 4598 216 4661 bare.
234 4599 283 4660 Ad
296 4599 368 4662 haec
381 4601 563 4672 sancimus,
579 4614 622 4660 ne
637 4600 710 4676 quis
720 4599 840 4660 fratres
854 4616 925 4661 ves·
979 4596 1188 4658 auctoritate.
1217 4595 1266 4657 Ad
1295 4595 1456 4657 indicium
1485 4599 1596 4658 autem
1625 4597 1725 4675 hujus
1753 4619 1772 4658 u

122 4698 207 4766 tros,
225 4698 299 4772 post
314 4694 434 4757 factam
458 4695 492 4755 in
506 4694 708 4756 monasterio
722 4697 832 4756 vestro
846 4712 926 4773 pro-
980 4694 1067 4755 Sede
1083 4692 1273 4770 Apostolica
1297 4697 1460 4770 perceptae
1483 4693 1656 4766 libertatis,
1674 4710 1771 4755 unam

122 4791 448 4870 fossionem,ahsqua
459 4791 588 4853 abbatis
605 4791 741 4854 licentia
755 4795 925 4870 suscipere
980 4791 1112 4852 uncum
1127 4791 1201 4853 auri
1215 4791 1311 4853 nobis
1324 4792 1511 4866 nostrisque
1526 4791 1772 4852 successoribus

123 4889 248 4952 audeat
266 4889 319 4951 vel
334 4891 491 4952 retinere.
514 4888 704 4950 inhibemus
725 4889 874 4968 insuper,
890 4895 926 4955 ut
980 4890 1077 4950 annis
1097 4889 1238 4965 singuiis
1257 4887 1465 4965 persolvetis.
1484 4887 1518 4948 Si
1538 4903 1602 4965 qua
1620 4888 1723 4965 igitur
1737 4892 1771 4950 iu

122 4987 538 5050 nulliomninobominum
549 4987 925 5052 liceatinceliisrestris
980 4988 1126 5050 futurum
1149 4986 1376 5050 ecclesiastica
1398 4986 1771 5066 saecularisvepersona

122 5085 251 5163 absque
272 5098 413 5146 ”sensu
436 5087 547 5146 vestro
570 5083 722 5146 abbatem
746 5085 925 5164 aliquando
980 5087 1067 5147 hauc
1082 5088 1203 5147 nostrae
1221 5083 1468 5146 constitutionis
1490 5086 1646 5161 paginam
1663 5087 1771 5148 sciens
1845 5069 1849 5075 ’

124 5183 329 5246 constituere
342 5182 499 5246 Ecclesia
519 5185 631 5244 autem
655 5184 691 5244 in
712 5184 833 5262 quibus
847 5189 925 5263 jura
980 5186 1096 5248 contm
1116 5198 1191 5244 eam
1209 5183 1335 5244 temere
1360 5184 1476 5243 venire
1500 5184 1687 5255 tentaverit,
1716 5202 1773 5244 so-

124 5280 331 5360 pontiiicaiia
347 5296 413 5342 non
428 5279 569 5352 hahetis,
593 5280 665 5342 sive
693 5282 830 5359 capellae
849 5299 927 5346 ves-
980 5281 1087 5344 cundo
1108 5280 1248 5343 tertiove
1269 5281 1480 5344 commonita.
1498 5280 1564 5341 nisi
1583 5295 1769 5358 praesump-

124 5382 198 5450 trae,
216 5379 249 5439 et
261 5378 462 5450 coemeteria,
481 5378 586 5440 libera
607 5380 688 5451 sint,
719 5381 753 5441 et
775 5380 816 5441 ab
835 5384 925 5447 omui
978 5380 1103 5441 maun
1116 5394 1212 5440 sinam
1225 5394 1370 5454 congrua
1383 5378 1611 5439 satisfactione
1621 5393 1771 5440 correxe-

124 5476 303 5538 amotione
312 5473 475 5536 immunia
490 5478 611 5553 praeter
624 5477 772 5555 episcopi
784 5494 926 5542 consue-
980 5477 1035 5550 rit,
1073 5477 1245 5555 peenas
1284 5475 1487 5551 honorisque
1520 5474 1571 5534 sui
1610 5474 1770 5552 dignitate

124 5578 193 5636 tam
213 5575 411 5650 potestatem
428 5574 461 5636 et
480 5573 646 5651 justitiam
660 5575 696 5637 in
716 5575 925 5654 presbyteros
979 5579 1102 5647 eareat,
1120 5589 1276 5651 reamque
1294 5587 1331 5632 se
1347 5572 1460 5632 divino
1478 5570 1605 5646 judicio
1624 5575 1770 5635 existere

126 5671 335 5734 subversus
354 5672 406 5731 sui
424 5671 550 5733 ordinis
561 5671 761 5736 offenderint
775 5673 923 5751 dignita·
978 5675 1023 5734 de‘
1032 5674 1222 5751 perpetrata
1236 5669 1411 5747 iniquitate
1425 5675 1613 5744 cognoscat,
1630 5675 1661 5731 et
1676 5690 1695 5730 a
1711 5689 1769 5731 sl·
1864 5734 1867 5736 ,
