3774 6186
101 266 159 329 tut

425 451 580 539 alxnt

148 587 201 647 Ad
220 587 421 662 Armorum,
439 586 698 648 thesaurarium
717 587 851 648 mititte

315 685 443 759 tempu
457 684 682 744 Partsteusis.

414 795 586 868 rutum.

111 902 252 968 [must.
262 901 367 954 llecueil
377 901 421 953 des
431 900 649 1047 llist.,⁷xll]l,7oa;
661 901 770 966 negot..
781 901 827 953 lib.
842 903 885 963 lV,

420 981 493 1046 epist.
519 982 558 1031 85.

98 1079 228 1141 Laudato
238 1080 274 1137 ob
285 1079 420 1137 eximiam
430 1080 459 1137 in
470 1078 801 1152 procurandoviceslma
810 1095 896 1155 nego

136 1170 175 1227 tio
194 1169 384 1243 diligentiam,
405 1168 548 1226 Honorius
561 1169 688 1242 Aymaro
714 1167 841 1236 mandat,
866 1178 896 1226 ut

134 1258 165 1315 in
190 1259 302 1331 Syriam
323 1259 496 1315 transmittat
514 1270 564 1314 sex
584 1258 672 1315 millia
686 1272 846 1315 marcarum
867 1259 895 1315 in

102 1344 443 1420 'Angliwollectarum

139 1463 307 1526 Honorius
331 1464 543 1542 episcopus...
571 1460 692 1525 dilecto
714 1462 783 1525 filio
798 1462 895 1526 fratri

97 1554 254 1639 aymaro,
266 1562 477 1624 thesaurario
491 1560 608 1623 domus
630 1562 757 1624 militiae
770 1562 895 1640 Templi

98 1659 313 1731 Parisiensis,
331 1659 483 1729 salutem,
500 1661 561 1721 etc.

139 1758 381 1819 Discretiouem
396 1758 487 1819 tuam
503 1756 612 1834 dignis
626 1757 810 1819 inllomiuo
821 1758 897 1819 lau«-

97 1853 195 1915 dibus
211 1854 490 1922 commendamus,
504 1854 589 1932 quod
603 1868 677 1915 eam
691 1868 791 1931 super
809 1854 896 1916 lacto

97 1951 268 2013 vicesimas
287 1952 411 2015 curasti
435 1950 642 2028 diligentiam
662 1950 832 2023 adhibere,
861 1953 897 2014 ut

97 2048 234 2127 dignum
247 2051 280 2112 te
288 2050 396 2126 gratia
410 2050 522 2112 nostra
531 2048 714 2112 reddideris
722 2054 755 2111 et
764 2048 894 2123 divina3

97 2149 315 2225 quapropter,
344 2147 442 2209 tuam,
462 2147 616 2223 gerentes
643 2147 680 2209 in
711 2145 896 2209 visceribus

97 2244 221 2311 curisti
251 2261 443 2320 personam,
469 2245 684 2323 proponimus
711 2246 802 2306 unde
829 2246 896 2308 tuae

98 2341 281 2405 debeamus
304 2341 522 2404 sollicitudini
546 2340 759 2420 respondere.
788 2344 895 2404 caeto-

97 2454 185 2511 rum,
208 2439 286 2518 quia
306 2439 524 2501 subventione
539 2439 724 2517 prasertim
746 2440 895 2518 pecuniae

99 2537 230 2616 indiget
244 2538 345 2599 Terra
363 2538 496 2610 Sancta,
509 2538 662 2599 volumus
677 2541 711 2600 et
720 2553 779 2616 per
788 2541 896 2615 apos-

101 2634 204 2697 tolica
219 2633 278 2699 tibi
292 2635 416 2711 scripta
431 2634 637 2707 mandamus,
655 2636 817 2712 qnatenus
837 2652 897 2696 ve-

101 2732 247 2794 nerabili
256 2733 352 2795 fratri
361 2733 474 2794 nostro
485 2735 521 2793 P.
533 2732 715 2799 Albauensi
727 2733 893 2809 episcopo,

97 2831 298 2907 apostolice
318 2830 412 2891 Sedis
427 2829 548 2905 legato,
563 2845 624 2890 sex
639 2829 744 2891 millia
760 2846 894 2891 marca-

97 2943 173 2989 rum
188 2929 319 3003 argenti
337 2927 378 2988 de
392 2927 520 3003 Angliae
532 2926 703 2998 vicesima,
721 2942 794 3004 quae
810 2927 839 2987 si
854 2926 894 2988 ad

99 3025 161 3087 boc
177 3042 245 3086 non
260 3025 394 3092 striduit,
410 3025 451 3086 de
464 3024 615 3101 aliaque
628 3024 667 3084 ad
681 3041 740 3084 nos
754 3024 897 3101 pertinet

101 3123 253 3200 pecunie,
270 3137 331 3200 per
342 3138 399 3184 eos
415 3137 474 3199 per
488 3138 570 3200 quos
586 3121 741 3197 dirigitur
756 3123 820 3182 tuae
836 3121 896 3182 do-
934 3194 938 3199 1

101 3236 171 3282 mus
186 3220 383 3287 subsidium,
399 3219 472 3279 sine
487 3235 579 3279 mora
595 3219 814 3281 transmittas.
928 3236 934 3245 ·

135 3320 259 3381 Datum
280 3316 366 3395 aliud
392 3315 514 3380 Urbem
532 3318 695 3388 Veterem,
714 3315 782 3377 kal.
803 3316 892 3394 julii,

99 3429 185 3478 sano
201 3417 331 3494 quarto.

133 3561 179 3623 ln
191 3561 352 3621 cuondam
365 3560 505 3623 niodum
515 3555 675 3633 scriptam
687 3557 738 3618 est
746 3556 892 3631 Pelagio,

97 3653 892 3731 albanensiepisoopots.legato,meptst.7sa:

97 3753 314 3819 araterntuu
344 3755 411 3815 tue
440 3750 660 3827 praesentibus
693 3750 892 3823 innotescat,

97 3852 183 3932 ruod
198 3867 261 3912 nos
270 3851 392 3913 dilecto
403 3849 471 3911 illio
484 3847 579 3910 fratri
589 3851 745 3924 aymaro,
757 3848 895 3911 thesau-

97 3951 190 4015 sario
217 3950 335 4011 domus
363 3947 492 4009 militias
523 3943 651 4022 Templi
679 3945 899 4016 parisiensis,
928 3974 933 3981 ·

97 4047 222 4113 rostris
233 4045 385 4108 dedimus
398 4044 520 4106 litteris
535 4044 570 4104 in
585 4042 764 4115 mandatis,
786 4044 822 4104 ut
835 4058 895 4119 per

97 4162 153 4211 sos
176 4160 236 4222 per
257 4159 340 4220 quos
366 4141 522 4217 dirigitur
544 4142 662 4203 domus
686 4156 755 4201 suae
782 4143 893 4203 Terras
926 4182 929 4186 ι

97 4239 257 4326 {sanctae}
285 4239 483 4310 subsidium,
500 4254 561 4299 sex
575 4238 681 4299 millia
706 4253 901 4299 marcarum.
927 4296 930 4301 .

97 4340 228 4417 argenti
243 4338 303 4401 tibi
313 4337 387 4399 sine
402 4351 495 4399 mora
509 4334 723 4399 transmittat.

134 4439 257 4501 uatum
276 4434 364 4512 apud
380 4432 502 4496 Urbem
516 4434 681 4505 veterem,
709 4431 777 4499 kal.
801 4431 891 4509 julii,

97 4551 186 4599 auno
202 4534 333 4613 quarto.

432 4664 565 4752 CLXV

97 4806 148 4866 Ad
163 4804 332 4881 Uartaum
352 4803 566 4863 colocensem
586 4800 891 4873 archiepiscopum.

305 4914 322 4973 3
338 4913 401 4986 iulii
417 4913 461 4970 vel
475 4911 591 4986 augusti
605 4911 684 4969 lito.

205 5021 298 5087 [licien
309 5019 393 5070 Codex
406 5019 524 5083 diplom..
543 5019 625 5083 ilung.
636 5017 681 5073 lll,
693 5031 713 5075 a,
728 5015 783 5066 ibt.

142 5120 288 5181 Honorius
298 5117 408 5191 juribus
420 5117 575 5189 ilungariae
588 5115 624 5173 ob
637 5115 760 5174 laurae
771 5116 850 5191 regis

220 5208 411 5267 alienationes
423 5205 624 5263 immoderatas
636 5203 767 5263 oorrsulit.

135 5316 502 5391 Honoriusepiscopus,
513 5330 628 5375 servus
637 5328 810 5375 servorum
822 5313 892 5379 Dei,

97 5409 892 5488 colocensiarchiepiscop0‚eteJussuffraganeis.

135 5512 236 5589 (Vide
254 5510 379 5576 Qtttutu
395 5508 605 5581 compilatio,
624 5505 680 5568 lib.
698 5509 738 5577 ll,
757 5507 805 5568 tit.
823 5508 891 5578 XV,

97 5628 167 5691 cap.
182 5613 220 5680 33
239 5608 539 5681 chureliuunilo,
557 5607 578 5666 t.
597 5606 620 5675 l,
638 5604 700 5666 col.
717 5603 804 5683 237.)

720 267 948 329 EPISTOLAE.
973 268 1050 329 ulla
1075 269 1128 328 lv.

1690 267 1752 327 tus

953 586 1005 647 Ad
1019 585 1205 651 liebertum
1223 589 1525 662 Wesprsmteusem
1540 587 1747 662 episcopum.

1264 708 1437 782 suanm.

1147 823 1238 887 taeta,
1251 822 1312 875 cos.
1325 822 1388 887 dipl.
1400 824 1443 882 111,
1457 838 1475 881 ι,
1487 823 1556 888 sse]

952 930 989 988 Ut
998 943 1086 1002 super
1105 928 1151 986 bis
1165 944 1230 1003 quaa
1242 929 1278 987 ad
1298 931 1528 1002 prorogationem
1545 931 1671 1004 passagii
1696 944 1748 988 sau

987 1016 1228 1076 transfretationis
1238 1020 1390 1091 periment,
1404 1027 1433 1076 et
1447 1019 1522 1091 quod
1537 1021 1748 1092 cmuesignato-

984 1121 1047 1164 rum
1063 1107 1147 1164 saluti
1160 1114 1189 1165 et
1197 1109 1290 1167 l'erroe
1300 1109 1413 1169 Sancta
1424 1109 1572 1167 succursui
1582 1108 1685 1167 viderit
1693 1124 1742 1166 ex-

986 1194 1083 1271 pedire
1097 1202 1217 1255 statuat.

961 1316 965 1322 ·
991 1304 1158 1366 Honorius
1171 1304 1356 1382 episcopus,
1374 1308 1451 1378 etc„
1467 1304 1652 1368 venerabili
1676 1305 1747 1368 tra-

950 1400 1030 1463 tri...
1043 1403 1298 1479 Wesprimieusi
1310 1403 1477 1479 episcopo,
1494 1404 1557 1464 etc.

991 1500 1040 1559 lix
1058 1501 1151 1576 parte
1168 1503 1226 1562 tua
1246 1500 1310 1562 init
1323 1501 1446 1563 nostris
1458 1500 1596 1563 auribus
1611 1500 1748 1562 intima·

950 1597 1019 1658 tum
1034 1597 1120 1674 quod
1136 1597 1214 1659 olim
1229 1597 1290 1660 tibi
1305 1599 1428 1661 nostris
1451 1598 1641 1661 dederimus
1653 1598 1748 1661 litte·

950 1694 998 1755 ris
1020 1694 1054 1755 in
1076 1694 1251 1768 mandatis,
1268 1698 1304 1757 ut
1325 1712 1393 1767 eos,
1415 1691 1470 1773 qui
1486 1695 1596 1757 crucis
1614 1695 1748 1758 luerent

951 1796 1121 1855 caractere
1147 1792 1312 1868 insigniti,
1339 1808 1501 1865 moneres,
1523 1794 1747 1871 praecipiendo

952 1905 1010 1966 per
1023 1904 1185 1952 censuras
1197 1889 1444 1953 ecclesiasticas
1464 1890 1692 1968 compelleres,
1711 1894 1747 1952 ut

951 1989 1212 2065 exsequerentur
1225 1988 1259 2048 in
1269 1987 1405 2051 instanti
1417 1989 1571 2066 passagio
1585 1992 1661 2051 vota
1671 2005 1745 2057 sna,

950 2085 986 2146 tu
1004 2086 1170 2163 eosjuxta
1195 2086 1388 2147 mandatum
1414 2086 1633 2162 apostolicum
1656 2087 1745 2148 adid

950 2180 1130 2245 efficaciter
1155 2182 1313 2246 monuisti
1340 2199 1348 2246 :
1372 2198 1487 2247 verum
1511 2198 1587 2246 cum
1611 2184 1746 2262 quidam
1848 2218 1855 2231 =

950 2294 1094 2352 crucem,
1119 2281 1151 2342 et
1163 2281 1374 2359 quamplures
1390 2297 1432 2343 ex
1451 2280 1533 2358 ipsis
1557 2297 1624 2343 non
1638 2283 1746 2344 solum

951 2391 1094 2449 crucem,
1115 2377 1171 2438 sed
1191 2379 1313 2439 etcum
1329 2378 1401 2455 ipsa
1416 2378 1648 2455 deposuissent
1662 2380 1742 2441 ani-

951 2490 1039 2537 mum
1067 2473 1315 2547 transfretandi,
1343 2477 1376 2538 et
1399 2474 1441 2537 ad
1463 2476 1528 2538 iter
1550 2478 1743 2540 necessaria

950 2571 1086 2633 minime
1101 2571 1246 2634 habeant
1264 2588 1352 2634 nunc
1366 2575 1493 2650 parata,
1520 2575 1599 2637 licet
1613 2590 1746 2637 crucem

951 2670 1225 2746 presumpserint,
1250 2670 1286 2731 in
1302 2669 1440 2733 instanti
1464 2672 1575 2734 tamma
1591 2673 1746 2749 passagio
1832 2710 1839 2723 ι

950 2769 1118 2844 nequeunt
1139 2767 1304 2845 proticisci
1333 2769 1445 2830 :unde
1470 2784 1491 2831 a
1519 2771 1549 2832 te
1575 2770 1747 2834 humiliter

950 2864 1160 2941 postulabant
1175 2866 1211 2927 ut
1222 2881 1283 2943 pro
1297 2865 1347 2927 eis
1360 2866 1456 2928 nobis
1475 2868 1664 2944 supplicare
1679 2867 1742 2930 da-

950 2960 1057 3033 beres,
1094 2961 1179 3038 quod
1210 2962 1358 3039 ipsorum
1384 2963 1545 3028 transitus
1569 2979 1674 3042 usque
1701 2964 1743 3027 ad

952 3072 1126 3118 commane
1138 3061 1328 3134 passagium
1339 3061 1584 3135 Hungarorum,
1593 3061 1748 3125 videlicet

950 3154 1119 3221 altasclta
1143 3155 1295 3233 proximo
1320 3158 1460 3221 venturo
1485 3158 1679 3230 insanum,
1705 3160 1745 3220 de

928 3254 936 3265 ”
950 3250 1153 3328 benignitate
1192 3252 1287 3315 Sedis
1323 3255 1521 3331 apostolice
1543 3255 1750 3319 differretur,

951 3351 1118 3413 Praeterea
1133 3349 1409 3413 nohisinsinuare
1422 3354 1557 3426 curasti,
1568 3353 1654 3431 quod
1669 3354 1746 3431 qui-

950 3444 1026 3510 dam
1047 3448 1281 3525 crucesignati,
1298 3449 1332 3511 et
1350 3448 1504 3527 signandi
1522 3451 1634 3526 etiam,
1660 3451 1747 3514 inter

950 3550 1071 3608 caetera
1086 3547 1297 3617 confitentur,
1309 3563 1345 3610 se
1360 3547 1394 3610 iu
1410 3564 1570 3611 canonem
1589 3548 1746 3613 incidisse

950 3643 1123 3706 sententiae
1137 3644 1365 3722 promulgatae,
1383 3645 1439 3723 qui
1461 3646 1597 3725 propter
1611 3646 1743 3709 incom-

951 3741 1046 3802 moda
1061 3743 1266 3818 paupertatis
1277 3745 1442 3816 asserunt,
1460 3745 1667 3821 seduplicem
1680 3762 1746 3807 non

950 3855 1046 3914 posse
1072 3836 1249 3901 sustinere
1260 3839 1418 3912 laborem,
1440 3842 1594 3903 veniendi
1619 3844 1747 3906 scilicet

949 3936 990 3997 ad
1021 3936 1139 3998 sedem
1171 3936 1395 4014 apostolicam
1432 3954 1491 4015 pro
1525 3936 1745 4002 absolutionis

949 4031 1110 4095 beneflmo
1121 4032 1310 4104 obtinendo
1322 4035 1356 4096 et
1374 4034 1607 4110 proficiscendi
1625 4036 1661 4097 in
1672 4037 1747 4098 sub·

949 4131 1070 4193 sidium
1081 4133 1192 4193 Terrae
1207 4132 1349 4195 sancte.
1363 4131 1522 4207 Adjecisti
1534 4133 1647 4205 etiam,
1660 4135 1745 4212 quod

949 4245 1048 4306 quum
1064 4228 1164 4291 suerit
1180 4228 1215 4288 in
1230 4229 1378 4291 Concilio
1400 4230 1552 4304 generali
1571 4232 1743 4304 statutum,

949 4327 985 4393 ut
1006 4325 1119 4403 quiin
1141 4325 1301 4387 vicesima
1327 4343 1388 4389 sua
1416 4326 1451 4388 in
1475 4330 1586 4392 Terrae
1612 4330 1743 4395 Sanctae

949 4422 1329 4489 subsidiumlestinanda
1339 4423 1488 4489 fraudem
1498 4426 1643 4490 scienter
1655 4444 1748 4490 com-

949 4523 1128 4593 mitterent,
1144 4523 1520 4586 excommunicationem
1538 4525 1748 4591 incurrerent

948 4637 988 4683 eo
1001 4621 1087 4699 ipso,
1097 4621 1132 4683 in
1143 4621 1312 4697 Huugaria
1333 4621 1427 4683 multi
1443 4622 1632 4685 sacerdotes
1647 4639 1747 4700 paro·

948 4719 1076 4785 clriales
1086 4735 1126 4780 ac
1139 4718 1210 4790 alii,
1223 4718 1356 4796 quidam
1369 4734 1428 4796 per
1442 4719 1752 4798 fraudemquidam

948 4817 1126 4894 etiamper
1137 4815 1374 4893 negligentiam
1396 4817 1586 4893 hujusmodi
1606 4818 1745 4880 senten-

949 4915 1029 4977 tiam
1042 4913 1266 4975 incurrerunt.

991 5012 1083 5074 Unde
1107 5010 1358 5089 quumquidam
1373 5026 1416 5072 ex
1443 5011 1534 5090 ipsis.
1548 5013 1657 5091 parati
1672 5015 1745 5076 sol-

948 5127 1039 5182 vere,
1052 5109 1139 5187 quod
1151 5110 1323 5186 negarant,
1341 5109 1455 5186 petant
1468 5107 1667 5174 beneficium
1681 5110 1745 5173 ab·

948 5207 1123 5273 solutionis
1143 5207 1317 5279 instanter,
1343 5207 1515 5270 humiliter
1539 5208 1743 5285 postulabas,

950 5309 985 5369 ut
999 5304 1287 5383 superpraemissis
1300 5305 1475 5383 providere
1484 5305 1745 5369 misericorditer

948 5405 1200 5483 dignaremur...
1215 5403 1283 5464 Nos
1297 5403 1402 5480 igitur
1418 5403 1459 5464 de
1472 5402 1672 5465 discretione
1686 5406 1744 5466 tua

949 5502 1079 5579 plenam
1092 5501 1245 5562 tlduciam
1256 5500 1454 5572 obtinentes,
1467 5500 1559 5560 vices
1569 5502 1699 5562 nostras
1711 5503 1745 5563 iu

950 5601 1010 5662 lrac
1027 5603 1119 5678 parto
1143 5598 1202 5661 tibi
1217 5599 1373 5661 duximus
1389 5597 1654 5672 committendas,
1673 5600 1745 5661 lra-
