3774 6186
181 304 241 368 eci
800 310 977 373 nononn
998 308 1045 373 111
1065 311 1215 375 OPERA.
1380 407 1383 411 Ι
1773 322 1829 386 868

182 468 280 547 quasi
295 467 495 531 connubium
515 464 734 545 aspernando,
756 468 845 546 ipsos
864 484 925 547 per
942 468 975 532 te
1032 469 1297 533 ecclesiasticam
1329 472 1555 550 appellatione
1584 479 1716 540 remota
1742 495 1830 542 coin-

182 580 222 627 ac
237 566 321 627 alios
337 566 555 641 ecclesiarum
571 565 738 643 praelatos,
755 582 798 628 ne
815 583 889 628 cuin
905 567 975 629 tota
1031 583 1158 643 pascas.
1192 570 1311 631 Datum
1342 573 1499 634 Laterani
1503 614 1576 646 ......
1615 576 1827 652 pontificatus

182 662 237 724 die
249 663 338 724 circa
353 664 626 741 propagationem
640 665 673 725 et
689 664 915 753 dilatationem
924 664 977 726 vi·
1034 664 1140 725 nostri
1153 679 1243 727 anno
1258 667 1386 742 quinto.

182 775 255 822 neae
276 761 457 822 Dominicae
474 760 626 823 steterint
645 761 754 833 otiosi,
771 761 857 838 quod
877 777 975 825 nemo

181 874 239 920 eos
255 858 462 930 conduxerit,
478 858 613 920 valeant
634 858 800 930 excusari,
824 856 976 920 ducimus
1255 939 1257 943 ι
1305 851 1552 942 GCCCXLVI

180 956 387 1025 excitandos,
415 958 505 1018 utet
529 955 564 1017 in
589 956 652 1018 bac
679 956 853 1017 undecima
877 957 973 1029 bora,
1064 992 1248 1055 damme
1272 995 1341 1056 ΜΟ
1365 1010 1403 1056 03
1433 999 1546 1058 emo
1570 1013 1608 1059 ω,
1659 999 1672 1060 3
1743 1005 1794 1063 l·

179 1054 335 1114 conducti
344 1054 574 1128 mandragoris
586 1052 976 1130 Lyaeingredianturcu·
1242 1007 1656 1156 gmtigos'ssscmaffes’e
1686 1014 1773 1062 ⁶⁰⁰⁸

178 1149 381 1222 biculnm,et
395 1152 527 1212 vineam
540 1150 671 1211 Domini
684 1150 838 1212 studeant
852 1166 976 1228 propa·
1374 1212 1379 1223 ,
1414 1212 1430 1226 ,,
1604 1137 1613 1154 ’

179 1263 272 1324 gare,
289 1247 472 1309 laboraturi
488 1247 583 1324 quasi
600 1246 693 1309 brevi
710 1248 800 1309 borae
816 1248 923 1325 spatio
939 1247 974 1308 in
1116 1323 1122 1334 υ
1154 1323 1159 1334 Ι
1284 1324 1290 1336 Ι
1322 1212 1358 1270 ²⁰
1369 1214 1432 1285 ¹⁰¹⁰
1448 1215 1528 1272 ¹²²¹·

178 1345 295 1406 eadem
310 1346 343 1407 et
359 1344 470 1407 diurni
485 1344 614 1406 denarii
636 1345 779 1421 pretium
793 1344 972 1420 recepturi.
1070 1323 1201 1388 [Wffl‘ffl’
1214 1324 1327 1377 ⁰⁰⁰⁶¹¹i⁸
1342 1327 1481 1378 ³¹³¹⁸¹¹⁰i³³
1495 1333 1522 1378 ⁰²
1532 1329 1669 1392 fflb⁰ffl¹⁸³i
1683 1329 1705 1394 ¹·
1716 1331 1784 1398 ⁵⁸4]

178 1443 340 1516 Quocirca
368 1442 571 1503 fraternitati
602 1442 666 1504 tua
694 1457 753 1519 per
782 1442 974 1519 Apostolica
1045 1430 1808 1504 1¹¹luinissigfflim⁸¹¹1¹⁰¹fflss⁸¹⁰¹i⁰⁰i⁸S·Th⁰m8

58 1606 70 1613 ,
176 1541 302 1617 scripta
324 1539 532 1610 mandamus,
556 1540 719 1615 quatenus
742 1539 777 1600 in
801 1539 973 1615 provincia
1169 1519 1334 1576 ⁰⁰⁰⁰i³dili¹f
1350 1519 1527 1594 ludulssesslli
1543 1522 1685 1595 ilesslrifl·

176 1640 234 1699 tua
251 1638 393 1715 quatuor
412 1636 503 1697 viros
523 1635 690 1712 opinionis
708 1636 899 1697 sinceraeet
913 1636 973 1698 lit·
1067 1635 1235 1696 Honorius
1246 1636 1432 1715 episcopus,
1441 1653 1558 1701 servus
1569 1654 1746 1704 servorum
1753 1644 1820 1718 Dei,

176 1736 334 1798 teraturae
349 1731 507 1810 probatae,
520 1733 572 1794 vel
587 1733 666 1806 tres,
680 1749 741 1794 seu
755 1732 873 1795 saltem
890 1734 973 1794 duos
1027 1731 1276 1794 venerabilibus
1304 1733 1463 1796 iratribus
1489 1738 1614 1799 uostris
1639 1738 1824 1817 archiepis-

176 1836 414 1910 cujuscumque
433 1830 607 1907 religionis
624 1830 677 1892 vel
695 1830 833 1903 ordinis,
850 1832 883 1892 et
898 1831 973 1891 Gis·
1028 1829 1132 1905 copis,
1147 1829 1324 1908 episcopis,
1340 1832 1374 1893 et
1387 1831 1517 1895 dilectis
1530 1833 1622 1907 tiliis,
1634 1836 1705 1897 tam
1719 1836 1823 1900 eccle-

174 1930 351 1993 teroiensis
367 1928 551 2007 praesertim
566 1927 614 2007 (1)
626 1928 679 1990 cui
692 1928 851 1989 Dominus
865 1926 971 1989 bene·
1027 1926 1172 1987 siastiois
1187 1943 1286 2004 quain
1305 1929 1522 1991 saecularibus
1543 1932 1711 2008 personis,
1729 1933 1821 1996 salu-

79 2030 82 2037 *
175 2027 261 2089 dixit
279 2043 300 2089 a
321 2027 406 2088 mari
425 2042 530 2103 usque
549 2025 592 2087 ad
615 2040 707 2087 mare
728 2025 835 2102 ipsius
855 2026 973 2087 exten·
1026 2023 1092 2086 tem
1108 2024 1141 2085 et
1154 2025 1371 2100 apostolicam
1386 2026 1664 2091 benedictionem.

176 2126 283 2187 dendo
307 2124 470 2201 palmites,
490 2123 606 2199 eligas,
624 2123 680 2200 qui
700 2138 800 2199 super
823 2124 973 2185 attentes
1066 2123 1194 2192 Quanto
1213 2122 1414 2184 venerabilis
1435 2126 1564 2203 martyr
1586 2125 1733 2190 'ihomas
1752 2145 1821 2191 mo·

174 2227 292 2285 asinos
310 2222 539 2293 ascendentes,
556 2220 782 2298 habentesque
805 2221 909 2282 vitam
936 2220 971 2280 in
1026 2218 1139 2280 deruis
1153 2219 1358 2297 temporibus
1380 2224 1495 2284 contra
1512 2224 1681 2286 versutias
1695 2227 1820 2304 antiqui

174 2320 336 2398 patientia
351 2321 386 2381 et
397 2320 535 2381 mortem
549 2319 583 2380 in
601 2319 766 2380 desiderio
782 2318 899 2395 sponte
912 2332 973 2379 ve-
1026 2316 1142 2388 hostie,
1162 2317 1219 2393 qul
1243 2319 1425 2380 Ecclesiam
1454 2321 1513 2382 Dei
1535 2322 1735 2399 impugnare
1757 2340 1819 2385 non

174 2417 376 2479 lintauimas
389 2431 467 2477 suas
482 2416 604 2478 offerre
616 2415 801 2478 discrimini
814 2430 854 2476 ac
868 2414 972 2476 bene-
1025 2414 1147 2486 cessat,
1172 2414 1340 2489 gloriosus
1363 2416 1592 2494 triumphavit,
1618 2419 1652 2481 et
1678 2422 1820 2482 cantua-

175 2514 286 2576 dicere
296 2515 447 2586 Domino,
460 2514 580 2591 parati,
594 2530 654 2591 pro
666 2514 772 2590 ipsius
783 2513 928 2585 nomine,
941 2512 970 2572 si
1024 2510 1169 2571 riensem
1203 2512 1379 2573 ecclesiam
1415 2514 1559 2578 reddidit
1594 2516 1743 2593 pretioso
1771 2518 1819 2578 sui

174 2627 257 2690 opus
280 2611 392 2684 suerit,
407 2611 603 2689 martyrium
623 2611 800 2682 sustinere,
822 2624 862 2670 ac
880 2610 970 2686 ipsos
1025 2608 1174 2683 corporis
1196 2610 1360 2685 sanguine
1382 2608 1593 2688 decoratam
1615 2613 1722 2687 tanto,
1748 2614 1820 2678 iicet

173 2725 279 2786 usque
295 2708 338 2770 ad
353 2709 473 2771 testum
491 2708 580 2769 beati
595 2708 733 2769 Martini
756 2707 798 2768 ad
822 2721 971 2784 praeseu-
1024 2705 1146 2765 enima
1162 2706 1333 2767 nonnullis
1351 2710 1475 2770 sanotae
1491 2711 1651 2772 Romanae
1666 2712 1820 2774 Ecclesia

173 2807 254 2868 tiam
264 2804 971 2876 nostramtransmittas,secundumcircum·
1024 2802 1235 2879 pontificibus
1250 2803 1426 2866 translatio
1442 2805 1591 2882 eiusdem
1607 2806 1711 2869 tuerit
1729 2809 1821 2871 affec-

173 2901 969 2981 spectionisApostolicaeprovidentiam,unacum
1023 2899 1103 2971 tata,
1123 2901 1155 2960 et
1170 2901 1302 2961 Sanctae
1325 2902 1575 2965 cantuariensis
1594 2903 1749 2966 ecclesiae
1762 2921 1820 2982 pro

172 3001 252 3073 illis,
269 3016 351 3079 quos
367 3000 407 3061 de
422 2981 604 3077 provinciis
625 2999 703 3060 aliis
723 2998 765 3058 ad
787 3014 849 3059 nos
870 3013 970 3058 man·
1023 2997 1172 3073 tempore
1187 2996 1397 3070 demandata,
1414 3016 1480 3060 non
1496 3000 1605 3076 potuit
1617 3001 1733 3063 tamen
1748 3005 1821 3065 ante

172 3098 290 3159 damus
309 3096 490 3160 transmitti
514 3097 555 3157 ad
577 3096 836 3158 sollicitudinem
857 3095 971 3156 diver·
1023 3095 1172 3170 tempora
1194 3093 1370 3171 adimpleri
1387 3116 1395 3155 ε
1412 3097 1498 3171 quod
1519 3097 1654 3174 quidem
1674 3099 1820 3176 disposi-

172 3211 285 3257 sarum
304 3196 452 3272 gentium
470 3194 696 3265 destinandos,
713 3195 750 3254 ut
768 3192 804 3252 in
819 3191 868 3253 eis
887 3191 969 3252 iun·
1022 3191 1107 3252 ttoni
1133 3191 1256 3253 divinas
1281 3191 1528 3266 adscribamus,
1554 3210 1622 3255 nou
1653 3196 1818 3259 humanae.

171 3295 288 3369 gentes
314 3293 481 3368 legatione
502 3307 562 3368 pro
586 3290 728 3361 Christo,
757 3288 970 3351 reconciliari
1023 3291 1139 3349 Annus
1150 3289 1457 3365 quinquagesimus,
1471 3306 1579 3351 annus
1590 3292 1751 3368 jubilaeus
1761 3295 1818 3357 est

172 3391 347 3454 obsecrent
359 3390 435 3450 illas
448 3392 528 3461 Dec,
542 3389 638 3465 quasi
651 3402 711 3464 per
722 3387 816 3464 ipsos
829 3386 969 3447 Domino
1022 3383 1183 3447 Jubilaeus
1195 3385 1404 3446 remissionis
1419 3402 1539 3460 annus,
1556 3388 1609 3450 vel
1624 3390 1820 3452 remissivus

81 3472 85 3478 ’
172 3488 382 3560 exiiortante,
399 3502 439 3547 ac
453 3488 622 3563 tamquam
635 3486 725 3545 cives
743 3482 969 3559 apostolorum
1023 3482 1272 3558 interpretatur.
1295 3483 1388 3544 Sicut
1402 3484 1491 3545 enim
1506 3485 1542 3546 in
1555 3487 1644 3562 Lege
1663 3503 1754 3550 anno
1772 3491 1822 3566 ju·

172 3590 206 3648 et
229 3584 400 3646 domestici
426 3583 498 3650 Dei,
527 3582 661 3642 easdem
681 3578 784 3642 verbo
809 3578 968 3640 doctrinas
1022 3578 1121 3640 biiaeo
1140 3594 1242 3640 onera
1265 3581 1298 3641 et
1317 3580 1494 3643 servitutes
1509 3585 1758 3647 consueverunt
1771 3584 1821 3646 di·

172 3682 373 3749 illuminent,
405 3693 520 3757 pacem
552 3676 706 3754 gentibus
731 3676 907 3739 tribuendo
928 3690 968 3737 ac
1022 3674 1109 3736 mitti
1124 3674 1263 3752 populo,
1287 3676 1337 3737 sic
1360 3678 1393 3738 et
1414 3677 1448 3738 in
1472 3693 1561 3739 anno
1584 3679 1725 3757 jubilaeo
1748 3698 1820 3743 cum

173 3796 249 3842 cum
268 3777 473 3840 exultatione
495 3774 538 3840 ad
560 3792 633 3849 nos,
647 3790 707 3836 seu
726 3774 768 3836 ad
792 3773 968 3835 Dominum
1023 3772 1818 3855 quindecimdierumspatiotranslationisipsius

173 3878 283 3957 potius
296 3875 512 3946 revertentes,
526 3873 667 3952 Justitiae
682 3871 871 3949 manipulos
885 3869 970 3932 rete-
1023 3870 1189 3947 martvris,
1207 3886 1311 3932 onera
1337 3872 1568 3948 poenitentium
1591 3875 1818 3938 remittuntur.

49 3972 56 3988 '
173 3977 250 4037 rant
267 3976 300 4037 et
324 3973 495 4035 abeodem
519 3973 596 4032 vitae
618 3972 769 4031 senatum
790 3968 966 4046 recipiant,
1023 3967 1165 4045 ideoque
1187 3968 1439 4029 universitatem
1464 3972 1610 4032 vestram
1632 3987 1817 4045 monemus,

174 4072 336 4149 sanguine
355 4070 490 4149 proprio
512 4068 666 4130 laureati.
690 4066 781 4139 Quod
803 4067 833 4126 si
854 4065 967 4127 forsan
1022 4079 1081 4142 per
1105 4064 1295 4141 apostolica
1325 4065 1420 4159 vobis
1450 4066 1574 4144 scripta
1605 4069 1817 4141 mandantes,

172 4171 303 4250 praelati
316 4185 442 4240 eorum,
457 4168 514 4245 qui
530 4166 661 4227 animas
676 4180 755 4226 suas
770 4165 887 4242 sponte
906 4178 968 4240 pe·
1022 4164 1185 4240 quatenus
1210 4160 1250 4223 ob
1272 4164 1494 4224 reverentiam
1523 4164 1584 4225 Dei
1612 4165 1646 4226 et
1672 4165 1818 4243 ejusdem

172 4268 279 4330 riculo
293 4264 660 4335 duxerintofferendas,
674 4261 967 4327 voluntatieorum
1023 4260 1179 4336 martyris
1203 4259 1381 4335 privilegia
1404 4262 1517 4322 vestra
1536 4262 1569 4322 et
1593 4261 1818 4339 indulgentias

173 4363 469 4445 praepsumpserint
503 4361 644 4433 obviari,
675 4359 968 4437 presumptionem
1022 4357 1173 4418 servetis.
1189 4357 1307 4418 Datum
1322 4357 1490 4432 Laterani,
1503 4373 1592 4420 anno
1604 4360 1816 4437 pontificatus

173 4477 300 4534 eorum,
315 4461 496 4522 monitione
515 4459 699 4536 praemissa,
712 4472 772 4535 per
790 4469 967 4518 censuram
1022 4455 1128 4515 nostri
1141 4453 1268 4531 quinto.

209 4612 249 4685 (i)
268 4609 471 4671 cistercienses
485 4608 521 4667 ad
536 4607 592 4665 boc
609 4605 756 4680 negotium
771 4605 896 4662 maxime
912 4603 965 4662 ba·
1021 4603 1104 4661 saluti
1124 4610 1209 4675 atque
1220 4603 1357 4660 sectarios
1372 4601 1408 4660 ad
1423 4610 1530 4661 rectam
1547 4600 1613 4661 ildei
1626 4606 1762 4664 semitam
1775 4621 1814 4664 re

172 4682 244 4741 biles
256 4682 376 4749 censuit,
390 4687 488 4753 utpute
502 4694 574 4752 quos
587 4677 640 4735 sub
656 4683 837 4734 antecessore
850 4690 902 4733 suo
917 4679 964 4732 iii·
1020 4674 1157 4732 ducentes
1166 4681 1248 4746 prout
1257 4682 1373 4733 enarrat
1382 4675 1482 4733 Petrus
1497 4674 1730 4748 Vallisarnensis,
1743 4678 1813 4737 litii.

173 4753 306 4812 nocentia
323 4753 375 4822 iii,
394 4751 556 4809 observavit
574 4761 685 4806 summa
703 4746 873 4830 bumilitate,
894 4761 964 4820 peu·
1019 4746 1174 4816 Atticene,
1189 4758 1252 4817 cap.
1269 4744 1296 4802 3.

173 4831 349 4899 pertateque,
363 4836 442 4881 more
456 4820 621 4896 apostolico,
637 4819 758 4893 proximi
781 4817 967 4892 invigilantes

894 5142 1096 5159 ὴ
