3824 6180
108 269 170 330 aor
536 256 540 263 '
608 228 624 275 ²
735 253 909 334 uonoan'
932 274 976 333 ιιι
997 274 1146 337 ornan.
1444 322 1447 327 .
1700 284 1770 343 sos

455 440 562 529 XXV
938 437 1122 497 ¹canonico
1148 452 1208 512 per
1233 439 1516 514 poenitentiarium
1538 439 1692 501 nostrum
1716 443 1753 504 ad

43 528 50 549 ”
111 562 164 621 Ap
187 564 379 635 eijcmm
405 528 676 635 Atrevajemem',
705 564 740 624 εἰ
770 565 907 626 abbates
962 534 1125 594 cautelam
1150 533 1310 599 beneflcio
1339 536 1559 598 absolutionis
1587 538 1753 613 impenso,

150 659 267 719 Sancti
283 661 908 733 r⁷euastrarreoaten.‚etaacosror·
961 646 1021 707 ⁰⁰¹⁸
1043 632 1231 707 AP⁰⁸¹⁰¹¹⁰³
1261 633 1355 693 V⁰bi⁸
1384 636 1507 711 scripta
1543 636 1753 709 massdssmussr

153 759 311 818 pacem,
325 761 492 820 mmsis,
962 729 1124 804 quatenus
1139 729 1180 790 de
1195 731 1341 793 omnium
1353 732 1502 807 judicum
1520 733 1753 807 predictorum

402 862 526 920 loctob.
540 863 618 923 1249·
962 841 1119 900 processu
1135 827 1275 888 veritate
1298 828 1429 904 plenius
1452 829 1624 905 indagata,
1649 831 1763 902 illum,

127 954 304 1018 [begest.,lib.
318 956 361 1015 ιιι,
375 958 517 1022 epistula.
536 959 592 1009 uss.
607 961 643 1011 na
655 960 730 1010 rorte
747 959 781 1009 uu
797 958 890 1024 ruat]
962 939 1058 999 quem
1072 924 1189 984 merito
1202 925 1353 986 videritis
1363 925 1624 1002 approbandum,
1646 928 1758 989 sacia-

111 1044 165 1101 par
179 1046 221 1101 eis
234 1061 385 1118 pmoessug
399 1062 509 1116 mnes,
526 1050 573 1120 quq
598 1049 625 1106 jn
639 1063 738 1117 causa,
754 1064 818 1123 ΨΜ
833 1049 906 1105 ime,
960 1021 1004 1081 tis
1019 1023 1215 1083 auctoritate
1228 1024 1353 1090 nostra,
1377 1024 1506 1085 sublato
1520 1025 1757 1102 appellationis

148 1132 296 1190 oddonem
314 1137 483 1193 canonicum
499 1136 904 1205 Laudunensam,ct0donem
961 1117 1154 1189 obstaculo,
1183 1119 1422 1183 inviolabiliter
1455 1120 1641 1182 observari.
1675 1125 1758 1183 Tes-

147 1222 240 1278 civem
254 1223 434 1280 Lauduncns.
449 1223 576 1281 decerta
592 1227 775 1297 pecuniarum
791 1240 902 1282 summa
960 1216 1021 1281 ῑθθι
1037 1217 1098 1276 etc·
1117 1217 1208 1287 QUOd
1224 1218 1253 1277 Si
1267 1232 1332 1276 ¹1⁰ss
1345 1233 1471 1290 omneS,
1483 1221 1545 1279 θῑῦ·
1560 1221 1683 1282 Datum
1698 1221 1758 1282 Vi·

145 1310 318 1379 vertebatur,
327 1312 413 1369 babili
427 1312 547 1380 luerent,
559 1313 711 1381 revisendi,
725 1321 753 1370 et
763 1312 837 1386 qrrod
847 1315 907 1386 jus·
960 1311 1069 1384 terbii,
1087 1312 1196 1373 idibus
1211 1313 1367 1387 octobris,
1378 1331 1466 1376 anno
1481 1319 1611 1391 quarto.

147 1405 207 1455 tum
221 1400 312 1456 visum
323 1399 406 1457 luerit
421 1415 519 1457 curam
534 1400 679 1458 definitive
693 1402 904 1475 pronuntiandi.

153 1509 329 1579 Honorius,
347 1512 422 1581 etc,
447 1509 629 1570 venerabili
654 1510 786 1572 tratri...
812 1511 904 1588 epis-
1295 1474 1420 1560 XXVI

111 1619 193 1680 copo
209 1607 241 1665 et
255 1605 384 1666 dilectis
397 1606 512 1667 tiliis...
531 1608 644 1668 Sancti
658 1607 792 1668 vedasti
814 1608 906 1669 Atre
960 1607 1357 1680 Adcrcbtpreabpteracm
1368 1609 1515 1680 Maports
1533 1611 1697 1669 Ecclesiae
1721 1610 1757 1671 et

111 1699 221 1762 batert.
236 1703 352 1763 et...de
363 1705 426 1764 Les
437 1704 628 1764 cistercien.
639 1705 766 1764 ordinis
777 1703 906 1765 abbati·
999 1704 1344 1765 Sorictibcrcrentilct
1357 1706 1475 1766 Sancti
1484 1705 1653 1779 stappae-t
1661 1711 1766 1779 prio·

109 1797 171 1858 bus
185 1800 367 1861 Tornacen.
380 1801 543 1873 dioecesis,
557 1802 708 1872 salutem,
722 1803 783 1862 etc.
1000 1814 1058 1860 res
1072 1802 1212 1861 Floreat
1217 1805 1301 1860 tuos.

153 1896 367 1971 Significante
386 1898 521 1959 Oddone
536 1899 697 1959 canonico
710 1899 902 1960 Laudunen.
1227 1904 1260 1960 lb
1280 1905 1388 1962 octobr.
1409 1905 1488 1963 illa.

110 1993 308 2054 adnoslram
318 1996 476 2055 noveritis
487 1996 691 2057 audientiam
703 1995 903 2072 pervenisse,
966 2030 968 2035 ·
1092 2007 1185 2073 parnt,
1195 2011 1261 2062 ascl.
1275 2011 1387 2061 Floram.
1400 2013 1523 2070 uentu,
1535 2012 1618 2077 1⁷an

111 2091 197 2167 ‘1¹¹0d
214 2107 288 2152 cum
312 2092 400 2153 intel
418 2093 537 2169 ipsum,
563 2094 595 2153 θῑ
619 2093 904 2154 Oddoncmcivem
961 2106 1103 2163 Honorius
1133 2108 1174 2163 lll
1199 2121 1316 2164 causam
1353 2106 1468 2181 delegat
1502 2109 1757 2182 archipresbytero-

112 2189 305 2249 Laudunen.
322 2205 471 2250 coram...
486 2189 604 2251 abbate
619 2190 730 2250 Sancti
743 2189 905 2252 Johannis
996 2194 1167 2262 Florentino,
1179 2203 1207 2252 et
1222 2196 1250 2252 S.
1267 2197 1410 2253 laurentii
1430 2204 1460 2253 et
1474 2198 1501 2254 S.
1518 2198 1657 2270 stephani
1675 2202 1749 2271 prio-

61 2286 64 2297 '
110 2286 145 2345 in
159 2286 335 2347 valencen.
351 2289 384 2347 et
395 2286 624 2365 conjudicibus
633 2287 703 2347 suis
718 2302 819 2364 super
828 2303 906 2363 qua·
994 2283 1073 2339 ubufl
1088 2284 1267 2351 Florentinis,
1287 2284 1366 2343 inter
1383 2285 1551 2358 &pileorum
1568 2288 1714 2345 Lucanum
1727 2296 1754 2347 ct

80 2441 81 2445 ,
113 2383 188 2442 dam
223 2399 352 2443 summa
381 2385 530 2461 pecuniae
561 2384 757 2446 auctoritate
793 2386 904 2444 nostra
996 2371 1312 2429 ⁸bb³¹0ffldesel0ssb

111 2480 250 2557 quaestio
278 2483 473 2552 verteretur,
503 2483 535 2542 et
562 2482 662 2541 iidem
688 2484 802 2543 centra
830 2498 904 2541 eum
999 2481 1349 2556 Honoriusepiscopus
1365 2497 1670 2544 seruusservorum
1683 2485 1749 2552 Dei,

111 2577 259 2654 iniquam
273 2577 483 2639 diffinitivam
495 2580 691 2639 sententiam
702 2578 904 2655 promulgas·
959 2574 1087 2636 dilectis
1116 2576 1193 2636 llliis
1219 2576 1504 2654 archipresbytero
1529 2580 1669 2655 Majoris
1689 2583 1751 2640 Ec-

112 2677 196 2745 sent,
219 2674 290 2750 ipse
319 2675 360 2736 ad
388 2676 610 2751 apostolicam
640 2675 757 2736 sedem
784 2676 904 2753 appel·
959 2672 1080 2744 clasiae,
1097 2676 1131 2734 et
1151 2674 1263 2734 Sancti
1287 2675 1468 2746 Laurentii,
1484 2679 1518 2736 et
1540 2678 1655 2737 Sancti
1675 2679 1748 2738 Ste-

111 2770 222 2831 lans...
255 2770 365 2832 abbati
387 2773 498 2833 Sancti
524 2772 691 2833 Vincentii
710 2772 902 2833 laudunen.
960 2769 1060 2843 phani
1088 2770 1270 2846 prioribus,
1297 2771 1509 2844 Florentinis,
1539 2773 1685 2834 salutem
1720 2775 1751 2836 et

110 2871 189 2929 tunc
202 2867 306 2945 priori
323 2869 435 2930 Sancti
451 2869 584 2930 'rhomae
607 2868 800 2929 Laudunen.
816 2869 903 2930 dioe-
959 2867 1175 2943 apostolicam
1190 2867 1463 2929 benedictionem.

111 2965 197 3026 cesis
221 2966 254 3028 et
279 2966 508 3042 conjudicibus
535 2967 604 3027 suis
625 2966 771 3042 cognitio
799 2967 904 3042 ipsius
999 2965 1209 3026 Venerabilis
1249 2966 1353 3026 irater
1392 2968 1504 3027 noster
1506 3010 1566 3026 .....
1600 2969 1751 3028 Lucanus

110 3060 310 3121 sententiaea
321 3060 416 3121 nobis
430 3060 739 3136 obtinuitdelegam',
749 3061 804 3138 qni
817 3077 902 3132 eam,
959 3062 1134 3138 episcopus
1149 3063 1345 3123 transmissa
1357 3062 1583 3124 dudumnobis
1593 3065 1750 3140 petitione

110 3156 265 3232 exigente
271 3156 667 3234 justitia,sententialiter
683 3157 901 3218 inllrmarunt.
959 3160 1165 3229 monstrarit,
1178 3160 1302 3236 quod...
1317 3159 1418 3221 abbas
1437 3165 1469 3221 et
1482 3163 1666 3223 conventus
1680 3177 1750 3222 mo-

110 3255 224 3316 Dictus
239 3271 319 3316 vero
341 3255 424 3316 civis
452 3271 553 3316 causa
578 3255 774 3330 subterlbgil
789 3271 903 3316 vocem
960 3257 1096 3317 austerii
1112 3257 1152 3316 de
1167 3260 1290 3318 Serena
1302 3274 1402 3334 super
1414 3258 1609 3333 quibusdam
1626 3272 1751 3335 posses·

109 3351 150 3411 ad
165 3367 225 3411 nos
236 3352 469 3428 appellationis
489 3353 641 3413 emittens
663 3367 702 3412 ac
718 3368 904 3428 proponens
959 3352 1108 3414 sionibus
1121 3357 1153 3415 et
1167 3354 1266 3414 rebus
1281 3354 1357 3415 aliis
1371 3354 1620 3432 injuriabantur
1635 3357 1760 3426 eidem,

111 3464 146 3510 se
159 3449 233 3509 ideo
249 3448 538 3526 appellasse,quod
551 3449 681 3523 judices
699 3451 772 3509 acta
784 3448 903 3524 judicii
959 3466 1059 3525 super
1071 3451 1189 3527 quibus
1214 3452 1292 3513 ad...
1309 3452 1463 3527 abbatem,
1475 3453 1515 3512 de
1533 3454 1657 3524 Quiesa
1672 3469 1747 3514 nos-

106 3547 202 3623 juxta
228 3547 394 3620 generalis
417 3546 539 3607 statuta
559 3545 698 3606 Consilii
715 3561 781 3606 non
797 3545 903 3606 l'acie-
958 3548 1028 3607 tras
1043 3548 1079 3608 in
1094 3549 1259 3608 communi
1275 3547 1381 3611 forma
1399 3549 1526 3610 litteras
1549 3549 1748 3624 impetrarit,

109 3643 190 3704 bant
217 3643 328 3714 scrlbi,
350 3643 522 3704 humiliter
543 3643 696 3721 requisiti
720 3659 820 3720 super
841 3643 903 3703 hoc
959 3661 1070 3705 coram
1084 3662 1147 3721 quo
1163 3646 1310 3720 ejusdem
1325 3647 1471 3723 episcopi
1486 3647 1684 3723 procurator
1698 3647 1760 3707 in·¹

111 3739 269 3815 quasdam
285 3756 305 3800 a
325 3739 421 3800 nobis
437 3740 565 3801 litteras
580 3738 620 3800 ad
636 3754 723 3815 mag.
740 3742 780 3799 Η.
797 3754 903 3800 cano·
957 3742 1008 3800 ter
1023 3741 1089 3800 alia
1113 3742 1207 3819 petiit
1229 3759 1341 3803 omnes
1354 3745 1472 3813 terras,
1490 3743 1655 3813 homines,
1669 3759 1747 3819 pos·

108 3837 219 3897 uicum
237 3836 349 3897 Sancti
373 3836 548 3912 Gangerici
564 3837 597 3896 et
616 3837 688 3913 ejus
712 3835 904 3912 conjudices
958 3838 1124 3898 sessiones
1150 3840 1183 3899 et
1208 3839 1366 3911 redditus,
1395 3855 1476 3917 quos
1504 3840 1569 3915 ipsi
1591 3838 1695 3900 abbas
1718 3840 1750 3901 et

108 3934 310 4011 impetravit,
327 3933 479 4011 aquibus
494 3934 601 3995 dictus
614 3935 794 3994 canonicus
809 3949 852 3994 ex
864 3949 903 3994 eo
958 3936 1138 3995 conventus
1167 3934 1206 3995 de
1235 3938 1371 4008 Serena,
1387 3936 1440 3996 rel
1464 3935 1551 3996 alius
1573 3952 1633 4012 pro
1659 3937 1751 4007 cisa

109 4031 255 4092 sentiens
279 4031 427 4093 indebite
442 4047 479 4092 se
502 4031 648 4108 gravari,
663 4030 750 4107 quod
774 4032 902 4108 copiam
958 4031 1123 4092 allrrmine
1134 4032 1262 4093 Cecinae
1276 4049 1379 4109 usque
1393 4032 1433 4094 ad
1448 4034 1571 4100 lllsam,
1579 4034 1612 4094 et
1624 4033 1668 4095 ab
1677 4035 1750 4093 Elsa

108 4129 213 4190 libelli
238 4146 334 4206 quem
357 4130 472 4190 contra
498 4144 573 4189 eum
598 4128 801 4190 formaverat
826 4144 903 4205 pars
959 4144 1062 4205 usque
1088 4129 1129 4190 ad
1155 4134 1293 4199 Arnum,
1309 4131 1509 4197 etssmaxime
1526 4132 1561 4190 in
1578 4131 1747 4202 Molliano,

107 4228 259 4298 adversa,
276 4225 383 4287 eidem
405 4226 514 4287 iacere
534 4225 752 4301 denegabant,
765 4228 797 4287 ct
814 4228 905 4302 post·
958 4228 1169 4299 Lucagnarro,
1195 4227 1385 4302 Perignano
1410 4227 1558 4298 Padulae‚
1590 4230 1624 4288 S.
1642 4230 1748 4296 Petro,

106 4324 251 4394 modum,
271 4323 342 4400 ipso
356 4323 503 4395 absente,
517 4339 584 4383 noa
598 4324 709 4384 tamen
720 4339 780 4399 per
794 4325 905 4384 contu·
958 4324 1069 4383 Monte
1103 4322 1248 4394 Culacio,
1284 4324 1409 4385 Solatio
1444 4324 1609 4394 Furculae,
1640 4324 1748 4392 Alica,

107 4422 249 4482 maciem
260 4420 478 4483 admittebant
488 4422 588 4482 testes
600 4420 640 4481 ab
654 4420 796 4483 adversa
811 4420 903 4496 parte
958 4420 1120 4492 Folliano‚
1137 4421 1248 4481 Monte
1262 4421 1415 4492 Castalio,
1430 4421 1520 4482 Colle
1532 4421 1669 4493 carelli,
1686 4423 1748 4482 Ta-

106 4519 295 4596 productos
318 4521 464 4580 nostram
486 4518 690 4579 audientiam
710 4517 901 4595 appellavit,
958 4518 1060 4587 rarle,
1074 4519 1232 4578 eteorum
1245 4517 1358 4589 curiis,
1378 4533 1478 4594 supra
1493 4516 1755 4594 prehenderent,

106 4615 163 4677 sed
174 4616 273 4677 iidem
280 4616 421 4691 judices,
431 4615 902 4692 appellationehujusmodivi·
958 4616 994 4675 ut
1008 4613 1147 4676 dicebat.
1161 4613 1274 4675 Dictus
1290 4630 1368 4675 vero
1379 4614 1480 4675 abhas
1493 4614 1533 4675 de
1550 4617 1660 4686 Quesa
1673 4630 1750 4692 par-

105 4714 246 4792 lipensa,
259 4713 409 4790 praedicti
422 4713 551 4774 abbatis
560 4713 672 4773 Sancti
685 4712 861 4782 vincentii,
871 4713 904 4773 et
958 4714 1022 4773 tem
1049 4711 1179 4788 praelati
1198 4712 1390 4772 monasterii
1405 4714 1563 4789 reputans
1577 4714 1750 4774 contuma-

107 4828 243 4872 suorum
258 4811 468 4887 conjudicum
480 4827 671 4888 processum
683 4826 742 4887 per
754 4810 902 4887 iniquam
958 4824 1040 4879 cem,
1068 4811 1318 4884 procuratorem
1346 4810 1454 4886 ipsum
1480 4825 1541 4884 pro
1565 4812 1636 4885 jam
1665 4810 1759 4871 dicto*

106 4908 315 4969 diffinitivam
329 4909 525 4970 sententiam
536 4907 757 4979 infirmarunt,
770 4907 805 4966 in
815 4922 904 4966 eum·
958 4906 1124 4981 episcopo,
1133 4906 1168 4967 in
1191 4907 1432 4982 possessionem
1446 4907 1592 4967 omnium
1606 4907 1760 4983 praedic--

106 5006 180 5067 dem
205 5005 422 5067 nibilominus
442 5004 795 5066 excommunicationis
821 5019 902 5063 sen·
956 5005 1161 5079 torum,post
1173 5003 1427 5080 appellationem
1443 5003 1484 5064 ad
1499 5019 1558 5064 nos
1574 5003 1749 5080 interposi-

105 5103 244 5165 tentiam
259 5103 474 5180 proterentes.
502 5102 595 5164 Unde
615 5100 710 5162 nobis
732 5100 904 5161 humiliter
956 5103 1035 5170 tam,
1053 5100 1201 5162 decrerit
1217 5115 1317 5162 causa
1329 5100 1487 5162 custodiae
1508 5101 1747 5172 inducendum

104 5200 322 5278 supplicabat,
339 5202 375 5262 ut
389 5217 462 5262 cum
486 5199 526 5260 ad
539 5199 704 5260 cautelam
720 5213 779 5274 per
794 5197 904 5274 poeni·
958 5200 991 5259 et
1003 5197 1081 5258 licet
1093 5197 1224 5258 libellus
1244 5197 1373 5259 oblatus
1400 5198 1639 5275 quodammodo
1654 5199 1759 5260 ruerit·

105 5298 297 5361 tentiarium
312 5300 461 5359 nostrum
473 5296 632 5357 iacientes
648 5294 786 5367 absolvi,
799 5295 847 5356 tot
857 5294 904 5354 di·
958 5293 1127 5355 conlectus
1142 5311 1243 5372 super
1267 5296 1415 5366 incertis,
1428 5311 1502 5356 cum
1517 5310 1619 5371 snper
1630 5310 1751 5373 appre-

105 5411 279 5459 uersarum
293 5395 533 5456 sententiarum
544 5392 789 5454 intricationem
800 5392 904 5468 expli·
958 5391 1073 5462 hensa,
1115 5408 1189 5468 quae
1222 5392 1317 5469 quasi
1354 5391 1415 5452 sub
1447 5391 1620 5452 involucro
1659 5395 1762 5469 pete--

106 5494 177 5555 cari
200 5509 259 5571 per
283 5494 445 5554 discretos
461 5491 591 5567 aliquos
616 5489 811 5550 faceremus.
834 5490 902 5549 Nos
958 5486 1091 5553 bantur,
1113 5489 1148 5549 in
1177 5505 1217 5551 eo
1246 5488 1432 5565 specificata
1459 5503 1525 5548 non
1552 5487 1690 5561 luerint;
1720 5489 1751 5548 et

20 5622 23 5627 ·
106 5592 208 5667 igitur
223 5591 322 5653 linem
338 5590 463 5666 imponi
478 5586 781 5663 litibuscupientes,
795 5587 901 5647 eidem
958 5583 1006 5643 sic
1039 5584 1145 5647 dictus
1184 5584 1286 5647 abbas
1318 5599 1418 5661 super
1450 5585 1587 5647 incertis
1617 5600 1754 5662 proces-
