3774 6186
119 204 179 268 761

121 367 229 439 Quum
240 364 350 427 autem
360 360 595 440 procuratores
604 360 916 439 ipsorumabbatum

116 462 206 541 jussi
219 462 330 523 essent
339 459 528 538 exprimere
541 475 605 537 quo
616 461 693 537 jure
706 457 770 536 ipsi
780 458 916 522 abbates

120 559 280 623 deberent
300 558 456 621 electioni
482 557 611 621 abbatis
637 557 820 633 supradicti
843 573 917 619 mo-

120 657 261 721 nasterii
272 657 445 728 interesse,
460 655 713 733 responderunt,
730 654 817 733 quod
836 654 916 717 olim

119 772 222 834 qurum
249 756 499 816 assumerentur
524 753 559 814 in
585 768 722 814 suorum
748 753 917 815 monaste·

117 854 246 915 riorum
267 850 403 913 abbates
428 850 490 913 luit
509 851 559 912 eis
583 849 774 927 specialiter
798 850 915 911 indul-

118 950 189 1011 tum
205 948 247 1012 ab
250 992 310 1010 .....
335 947 453 1010 311313
474 951 508 1009 31
529 948 697 1010 conventu
719 946 916 1009 monasterii

118 1047 294 1110 Fiscanen.
321 1045 357 1107 ut
382 1043 544 1107 baberent
566 1060 682 1106 vocem
708 1044 743 1105 in
769 1043 914 1121 capitulo

119 1144 322 1207 eorumdem.
339 1145 408 1205 Nos
423 1143 533 1205 autem
548 1142 711 1205 rationem
725 1140 915 1219 hujusmodi

119 1241 273 1303 bivolam
288 1241 490 1319 reputantes,
509 1255 609 1318 super
629 1239 692 1302 boc
711 1239 752 1302 de
773 1238 914 1301 consilio

118 1338 260 1402 bairum
292 1340 482 1401 nostrorum
514 1339 709 1415 perpetuum
745 1336 915 1400 silentium

120 1437 340 1515 imposuimus
377 1435 552 1499 abbatibus
579 1434 792 1512 supradictis.
829 1433 915 1506 Quia

119 1550 200 1596 vero
216 1550 276 1611 pro
291 1533 409 1595 abbate
432 1532 545 1595 Sancti
559 1532 698 1595 Taurini
712 1530 774 1592 luit
790 1531 916 1609 specia-

119 1632 198 1693 liter
220 1630 399 1707 allegatum
421 1630 507 1708 quod
533 1632 583 1691 est
601 1630 637 1690 in
658 1629 755 1708 quasi
775 1644 913 1706 posses-

119 1729 215 1790 sione
238 1727 430 1804 bujusmodi
447 1726 535 1805 juris
555 1742 630 1788 cum
652 1726 914 1803 praedecessores

118 1825 173 1887 sui
192 1824 306 1886 vocari
323 1823 559 1885 consueverint
583 1821 624 1884 ad
649 1822 829 1885 electiones
854 1820 916 1883 ab·

118 1922 232 1984 batum
253 1921 448 1983 monasterii
463 1919 644 1998 saepedicti,
660 1936 723 1981 nec
737 1935 837 1997 super
851 1918 915 1981 boc

117 2018 215 2081 nobis
231 2018 304 2079 tleri
329 2019 435 2096 potuit
458 2017 557 2095 plena
575 2018 667 2090 ildes,
688 2017 729 2079 de
749 2033 914 2079 consensu

117 2117 371 2195 procuratorum
382 2116 487 2193 ipsius
497 2115 638 2188 abbatis,
649 2116 682 2177 et
693 2114 824 2193 praelati
837 2129 913 2176 mo-

117 2214 258 2276 nasterii
277 2230 336 2291 per
352 2212 541 2291 Apostolica
559 2212 653 2275 vobis
675 2213 798 2290 scripta
818 2228 915 2274 mau-

116 2310 247 2383 damus,
270 2312 444 2388 quatenus,
469 2310 596 2373 vocatis
618 2311 676 2387 qui
690 2309 814 2372 fuerint
834 2325 915 2372 evo-

116 2409 228 2480 candi,
255 2410 287 2470 et
310 2408 432 2470 auditis
457 2408 536 2469 binc
562 2407 640 2470 inde
663 2407 852 2485 propositis,
883 2407 913 2468 si

116 2505 221 2568 abbas
231 2506 314 2583 ipse,
324 2506 409 2567 infra
422 2522 569 2567 mensem
582 2522 601 2567 a
615 2506 731 2583 primae
744 2504 913 2566 citationis

115 2604 237 2674 edicto,
253 2601 445 2682 probaverit
462 2618 499 2664 se
516 2603 557 2666 de
574 2601 814 2665 consuetudine
835 2616 912 2664 ser-

114 2702 291 2763 vatacirca
302 2700 563 2777 praedecessores
573 2700 680 2777 ipsius
689 2699 913 2777 esseinquasi

114 2798 327 2876 possessione
348 2797 506 2875 praedicta
528 2797 750 2873 cognoscatis,
766 2798 914 2875 postmo-

116 2897 196 2957 dum
217 2896 257 2958 de
279 2896 437 2973 praedicto
459 2896 648 2973 contemptu
668 2896 701 2956 31
719 2894 796 2955 31110
817 2894 914 2956 solli·

116 2995 184 3057 cite
202 2994 387 3066 veritatem,
402 2994 436 3054 et
460 2992 547 3069 quod
575 2991 773 3054 canonicum
799 2990 910 3063 luerit,

116 3091 341 3168 appellatione
365 3090 558 3167 postposita,
584 3089 750 3151 statuatis.
772 3089 808 3150 Si
831 3103 911 3150 vero

115 3188 205 3250 idem
221 3187 323 3249 abbas
333 3190 404 3265 jam
419 3187 540 3249 dictam
555 3186 828 3249 consuetudinem
845 3201 911 3247 non

115 3285 309 3363 probaverit
325 3284 414 3347 inira
436 3284 613 3348 terminum
630 3284 911 3362 suprascriptum,

115 3398 177 3444 vos
192 3382 298 3444 eidem
313 3398 414 3461 super
435 3382 509 3456 boc,
528 3382 751 3460 appellatione
771 3381 910 3453 remota,

115 3481 286 3543 silentium
311 3480 531 3558 imponentes,
556 3478 748 3556 praedictam
770 3478 911 3541 electio-

116 3594 193 3640 nem
215 3581 248 3639 et
267 3592 442 3656 personam
468 3577 566 3639 electi
587 3577 766 3654 diligenter
782 3575 913 3637 exami-

115 3692 198 3738 nare
223 3677 356 3749 curetis,
382 3677 416 3738 et
436 3676 466 3737 si
489 3690 666 3752 personam
692 3674 857 3747 idoneam,
879 3672 914 3735 et

114 3774 312 3836 electionem
324 3773 520 3836 canonicam
531 3771 738 3843 inveneritis,
750 3785 824 3831 eam
837 3786 913 3832 auc·

113 3872 249 3937 toritate
264 3872 388 3943 nostra,
406 3869 536 3931 sublato
550 3867 787 3946 appellationis
806 3867 913 3929 obsta·

114 3969 202 4042 culo,
219 3967 432 4031 consumetis.
453 3965 609 4044 Alioquin
629 3965 801 4028 cassantes
819 3981 913 4026 eam-

115 4068 190 4129 dem
206 4065 344 4144 praefato
357 4064 562 4129 monasterio
577 4062 709 4125 faciatis
719 4062 760 4124 de
769 4078 912 4139 persona

114 4165 237 4227 idonea
265 4162 503 4225 coram-vobis
533 4161 695 4224 canonice
725 4158 910 4238 provideri,

114 4261 204 4323 idem
226 4261 358 4333 facturi,
375 4261 404 4321 si
419 4258 504 4322 sorte
523 4259 596 4336 ipso
617 4257 736 4320 abbate
751 4256 911 4334 probante

114 4358 390 4421 consuetudinem
403 4355 640 4435 supradictam,
651 4354 802 4417 eamdem
818 4354 910 4416 3100-

114 4456 241 4519 tionem
256 4455 433 4531 contigerit
449 4454 588 4516 irritari.
602 4454 717 4515 Testes
731 4454 841 4514 autem
854 4452 912 4529 qui

115 4553 241 4616 luerint
254 4553 427 4624 nominati,
448 4552 478 4612 st
497 4567 533 4613 se
551 4551 670 4627 gratia,
688 4550 776 4623 odio,
790 4549 843 4612 vel
861 4549 911 4612 ti·

115 4667 209 4713 more
222 4649 459 4721 subtraxerint,
475 4663 617 4710 censura
632 4648 747 4720 simili,
761 4645 912 4725 appella-

114 4748 206 4811 tione
221 4747 384 4819 cessante,
405 4745 585 4822 compellas
606 4745 742 4807 veritati
761 4744 913 4807 testimo-

116 4846 209 4907 nium
223 4844 410 4922 perbibere.
431 4842 542 4905 Nullis
557 4841 676 4904 litteris
689 4840 909 4913 obstantibus,

116 4943 145 5005 si
161 4959 235 5020 quae
254 4940 471 5019 apparuerint
495 4942 617 5018 praeter
638 4954 812 5001 assensum
833 4953 912 5015 par-

114 5040 230 5102 tiuma
246 5038 331 5101 Sede
348 5038 539 5116 apostolica
560 5037 757 5114 impetratae.
772 5035 865 5109 Quod
880 5035 911 5095 si

114 5153 182 5199 non
197 5151 322 5210 omnes,
336 5138 399 5199 etc.
423 5136 542 5198 batum
557 5134 725 5207 Laterani,
742 5135 789 5195 111
804 5149 911 5196 nonas

113 5235 245 5313 aprilis,
262 5234 472 5311 pontificatus
487 5231 593 5295 nostri
607 5247 697 5294 anno
714 5232 841 5310 quinto.

749 202 978 303 amendam.
1001 204 1080 267 Lis.
1102 204 1142 267 V.

1164 44 1369 121 ¹¹„

1707 210 1770 273 roa

1275 390 1462 491 CCCXVI

1010 524 1063 585 Ad
1075 524 1300 588 benedictam
1314 528 1511 603 episcopam
1523 528 1739 593 scarensem.

1260 648 1277 707 3
1297 649 1378 723 april.
1396 650 1474 723 llll.

1088 760 1234 827 [Libegrsm
1246 762 1356 815 Sreuskt
1367 762 1441 829 dipl,
1452 766 1471 823 l,
1484 764 1540 825 113,
1552 780 1577 817 1.
1588 766 1656 833 m]

970 874 1005 933 Ei
1019 875 1151 933 coneedit
1169 875 1332 935 laecdmtem
1347 877 1451 937 ilerum
1470 878 1638 939 absolvendi
1649 895 1702 940 eos
1715 882 1766 956 qui

1065 964 1096 1021 iu
1110 978 1252 1023 canonem
1263 966 1330 1025 1310
1342 968 1495 1026 30110113
1505 969 1675 1028 inciderant.

1008 1081 1176 1143 Honorius
1189 1082 1502 1162 episcopusservus
1512 1087 1761 1161 servorumllei,

968 1178 1154 1240 venerabili
1185 1179 1282 1243 tratri
1285 1224 1359 1242 ......
1395 1182 1551 1261 episcopo
1585 1184 1762 1257 scarensi,

969 1275 1155 1339 salutemet
1166 1278 1381 1355 apostolicam
1393 1279 1669 1343 benedictionem.

1010 1374 1243 1437 Fraternitatis
1265 1376 1331 1438 tuae
1357 1376 1511 1455 precibus
1528 1377 1691 1451 inclinati,
1706 1394 1764 1441 eos

970 1471 1026 1547 qui
1041 1471 1081 1532 de
1095 1471 1231 1533 dioecesi
1245 1474 1303 1535 tua
1317 1473 1352 1533 in
1367 1489 1529 1536 canonem
1541 1464 1764 1538 1313301131-

968 1568 1025 1630 tiae
1053 1568 1249 1638 incidentes,
1279 1571 1614 1647 apraedecessoribus
1633 1572 1700 1634 tuis
1722 1573 1763 1635 de

969 1665 1056 1727 13010
1067 1664 1210 1729 absoluti
1225 1667 1359 1730 luerunt
1368 1684 1435 1731 non
1448 1668 1648 1732 habentibus
1663 1686 1765 1748 super

969 1762 1032 1824 boc
1044 1779 1065 1825 a
1080 1764 1165 1826 Sede
1183 1765 1373 1843 Apostolica
1386 1765 1557 1829 licentiam
1570 1767 1762 1845 specialem,

968 1860 1090 1923 iterum
1113 1864 1212 1939 Juxta
1239 1862 1378 1925 formam
1395 1865 1552 1926 Ecclesiae
1567 1864 1760 1927 absolvendi

968 1956 1108 2019 liberam
1122 1958 1183 2019 tibi
1198 1960 1397 2022 auctoritate
1411 1960 1623 2036 praesentium
1639 1976 1763 2023 conce·

968 2055 1076 2116 dimus
1098 2054 1299 2118 facultatem.
1315 2058 1434 2119 Datum
1450 2058 1617 2131 Laterani,
1634 2060 1680 2119 111
1697 2074 1762 2120 no-

968 2167 1029 2214 nas
1042 2151 1169 2230 aprilis,
1185 2153 1398 2230 pontificatus
1412 2154 1518 2217 nostri
1532 2169 1621 2218 anno
1634 2154 1760 2233 quinto.
1834 2181 1839 2192 ·

1261 2358 1465 2448 CCCXVII

1008 2501 1061 2561 Ad
1077 2501 1258 2563 1101101000
1271 2504 1507 2565 coercitionem
1526 2464 1718 2564 1101000001.

1255 2622 1273 2680 6
1290 2623 1373 2696 april.
1388 2623 1467 2682 1111.

1045 2735 1185 2801 [11311011
1198 2737 1402 2800 1113100100,
1415 2738 1448 2789 ad
1459 2752 1520 2791 ann.
1534 2739 1604 2799 1111,
1613 2738 1689 2805 1311]

967 2844 1120 2902 utcontra
1141 2844 1286 2903 civitatem
1309 2846 1520 2904 Anconitanum
1545 2852 1575 2904 et
1592 2846 1761 2906 comitatum
1855 2886 1858 2891 -

1204 2933 1296 3006 lpsiua
1310 2933 1381 2992 nibil
1396 2940 1524 2993 31101101.

1006 3048 1678 3126 Honoriusepiscopus,serrusservorum
1688 3052 1760 3127 Dei,

967 3142 1087 3206 dilecto
1098 3145 1167 3208 illio
1181 3145 1331 3221 anolino,
1343 3147 1530 3209 marchioni
1542 3149 1683 3222 listensi,
1700 3166 1758 3211 sa-

967 3241 1080 3303 tutem.

1007 3341 1088 3400 Cum
1107 3340 1275 3403 civitatem
1290 3341 1546 3415 anconitanam,
1564 3342 1598 3405 et
1618 3342 1761 3405 comita·

967 3437 1036 3498 tum
1055 3438 1160 3516 ipsius
1184 3439 1220 3500 in
1243 3438 1434 3501 demanium
1453 3439 1761 3517 apostolicaesedis

967 3532 1160 3597 duxerimus
1179 3536 1383 3609 retinendos,
1402 3535 1569 3600 nobilitati
1583 3538 1650 3600 tuae
1668 3553 1760 3615 prae·
1843 3614 1846 3621 Ι

967 3632 1110 3694 sentium
1136 3634 1334 3696 auctoritate
1358 3634 1572 3708 mandamus,
1598 3635 1764 3713 quatenus

967 3731 1082 3791 contra
1097 3746 1170 3791 eam
1183 3732 1216 3793 31
1230 3731 1421 3793 comitatum
1433 3730 1539 3808 ipsius
1550 3730 1634 3793 nibil
1647 3731 1760 3793 atten-

966 3827 1026 3899 tes,
1043 3826 1095 3889 131
1124 3826 1229 3889 iacias
1253 3828 1420 3900 attentari,
1444 3828 1530 3906 quod
1548 3828 1588 3890 ad
1604 3843 1761 3905 guerram

966 3923 1142 4001 pertineat,
1153 3924 1206 3985 vel
1220 3940 1280 4002 per
1291 3924 1377 4002 quod
1392 3925 1497 4003 possit
1512 3924 1679 3987 discordia
1696 3940 1760 3986 su-

966 4020 1082 4082 boriri.
1108 4022 1227 4082 Datum
1252 4020 1420 4093 Laterani,
1448 4022 1525 4082 Vlll
1552 4020 1597 4083 id.
1626 4021 1758 4099 aprilis,

967 4118 1177 4196 pontificatus
1192 4118 1297 4180 nostri
1313 4133 1401 4179 anno
1416 4118 1542 4195 quinto.

1252 4323 1477 4412 CCCXVIII

1005 4467 1057 4528 Ad
1072 4466 1315 4543 Erzpctbertum
1329 4467 1473 4528 electum
1487 4466 1520 4528 01
1531 4467 1720 4543 capitutum

1263 4566 1467 4627 0010010101.

1256 4686 1274 4744 8
1289 4686 1370 4760 april.
1391 4685 1470 4744 1111.

1106 4799 1222 4864 [Ennem
1231 4798 1346 4860 Ouellen,
1360 4804 1379 4849 1.
1390 4798 1422 4857 ll,
1436 4813 1462 4863 p.
1473 4797 1513 4858 83,
1530 4812 1557 4848 1.
1571 4798 1623 4864 bb]

965 4908 1095 4965 Testatur
1109 4905 1164 4963 sibi
1180 4904 1232 4963 loo
1250 4919 1362 4962 marcas
1382 4904 1494 4977 argenti
1510 4904 1672 4989 persolutae
1685 4919 1760 4967 csse.

1005 5031 1173 5095 Honorius
1184 5030 1371 5108 episcopus,
1380 5045 1674 5094 servusssrrorum
1687 5032 1760 5106 Dei,

966 5130 1095 5192 dilectis
1110 5129 1188 5190 liliis
1214 5127 1320 5190 electo
1345 5129 1379 5189 31
1399 5127 1544 5203 capitulo
1559 5127 1760 5199 Coloniensi,
1848 5120 1856 5133 ’

966 5227 1108 5289 salutem
1124 5224 1385 5303 etapostolicam
1403 5224 1680 5287 benedictionem.

1006 5327 1112 5397 Quum
1133 5323 1271 5386 dilectus
1286 5322 1376 5383 lilius
1403 5322 1567 5385 Hauricus
1592 5322 1634 5384 de
1655 5326 1762 5385 Para·

966 5422 1090 5499 gniano
1114 5420 1339 5483 subdiaconus
1366 5421 1481 5483 noster
1502 5420 1634 5481 eentum
1657 5434 1760 5482 sexa-

967 5520 1058 5595 ginta
1080 5532 1212 5580 marcas
1239 5516 1383 5593 argenti,
1406 5532 1480 5595 quae
1500 5514 1574 5586 Tb,
1597 5514 1762 5594 quondam
