3774 6186
115 311 174 371 247
734 309 910 371 HONORII
931 310 977 371 111
998 312 1147 373 OPERA.
1698 313 1741 374 248

41 540 52 548 ³
117 470 158 531 de
173 471 288 533 nostro
301 471 334 531 in
348 471 430 547 ipsis
443 469 647 547 providimus
667 469 910 531 honorandum.
966 469 1054 530 modi
1069 469 1157 530 inter
1175 485 1234 530 vos
1257 470 1289 529 et
1309 469 1468 531 ecclesias
1483 471 1612 532 vestras
1628 469 1739 533 dissen-

116 571 198 629 cum
228 585 319 644 erge,
350 567 437 629 sicut
459 567 547 628 idem
577 567 849 643 archiepiscopus
877 569 911 625 in
966 567 1070 626 sionis
1093 566 1267 627 materiam
1294 566 1450 638 suboriri,
1480 583 1556 629 cum
1585 569 1692 644 posset
1710 586 1740 632 ex

10 656 14 662 ’
117 667 231 726 nostra
272 665 442 743 proposuit
478 664 656 741 praesentia
691 664 910 734 constitutus,
966 662 1028 724 hoc
1050 663 1085 723 in
1105 664 1174 724 toto
1196 679 1300 738 regno
1323 664 1502 739 Hungariae
1527 680 1588 742 per
1609 681 1678 736 voe,
1700 669 1739 744 qui

118 763 263 824 decimas
279 763 442 839 percipiat
456 763 490 822 in
505 761 672 838 aliquibus
687 760 838 821 ecclesiis
852 775 910 820 re·
966 760 1046 821 estis
1067 760 1266 837 principalia
1288 761 1434 822 membra
1457 765 1541 840 ejus,
1568 762 1739 824 scandalon

118 859 248 935 galibus
270 860 305 919 in
327 859 501 920 colocensi
530 859 665 919 dioecesi
686 859 719 919 et
740 857 912 934 provincia
965 848 1134 932 generari,
1165 858 1367 920 fraternitati
1394 861 1459 920 tuae
1485 876 1546 936 per
1571 859 1740 936 Apostolicu

120 956 389 1027 consistentibus,
417 972 556 1033 quarum
592 956 699 1032 ipsum
734 955 828 1015 decet
853 969 914 1030 po-
966 955 1088 1030 scripta
1121 954 1261 1016 firmiter
1294 955 1518 1033 praecipiendo
1547 957 1739 1029 mandamus,

118 1053 207 1130 pulis
228 1053 327 1130 juxta
349 1053 450 1114 officii
477 1052 530 1112 sui
555 1052 699 1113 debitum
726 1066 913 1128 proponere
967 1053 1129 1127 quatenus
1152 1052 1369 1129 apraemissis
1395 1053 1430 1113 in
1455 1055 1627 1131 posterum
1651 1053 1742 1114 tahter

119 1149 257 1210 verbum
288 1149 363 1220 Dei,
393 1165 454 1211 nos
485 1149 633 1226 ejusdem
669 1148 912 1223 archiepiscopi
967 1149 1200 1225 conquiescas,
1239 1149 1325 1226 quod
1354 1149 1442 1210 idem
1468 1150 1742 1226 archiepiscopus,

37 1309 41 1313 ,
120 1247 272 1323 precihus
287 1247 450 1318 inclinati,
467 1247 497 1307 ei
514 1246 735 1323 personaliter
748 1246 788 1306 de
804 1245 912 1320 gratia
967 1261 1063 1320 quem
1085 1260 1146 1305 nos
1169 1247 1202 1306 et
1221 1245 1341 1307 fratres
1365 1247 1470 1309 nostri
1493 1247 1636 1308 sincerae
1659 1245 1746 1308 dilec-

120 1345 345 1405 conoessimus
371 1344 524 1420 speciali,
557 1346 593 1404 ut
619 1359 692 1404 cum
717 1343 759 1403 ad
783 1343 912 1417 regales
966 1342 1067 1403 tionis
1086 1342 1234 1403 brachiis
1253 1345 1493 1420 amplexamur,
1517 1359 1613 1405 suam
1631 1346 1748 1421 propter

118 1441 279 1502 ecclesias
294 1441 447 1502 dioecesis
465 1444 497 1503 et
517 1441 697 1517 provinciae
721 1439 913 1501 colocensis
966 1439 1030 1500 hoc
1045 1456 1111 1501 non
1124 1442 1262 1516 cogatur
1273 1442 1315 1501 ad
1331 1457 1392 1503 nos
1406 1442 1530 1503 iterare
1546 1441 1750 1518 querelam,a

118 1539 227 1615 ipsum
243 1538 410 1599 declinare
426 1539 611 1613 contigerit,
632 1538 733 1614 pallio
746 1537 913 1597 consuetis
967 1540 1062 1614 cujus
1082 1537 1324 1611 molestatione,
1356 1539 1419 1600 etsi
1446 1554 1511 1599 uon
1540 1538 1750 1608 voluntarius,

119 1635 235 1696 diebus
257 1637 290 1697 et
309 1636 385 1696 aliis
404 1635 558 1710 insigniis
574 1633 914 1711 archiepiscopalibus
968 1636 1041 1710 post
1061 1634 1320 1696 admonitionem
1336 1637 1449 1697 nostra
1465 1651 1563 1713 poena
1584 1652 1754 1712 praesump

119 1733 168 1793 uti
208 1733 323 1809 possit.
362 1732 522 1804 Quocirca
565 1733 778 1808 praesentium
818 1730 913 1791 vohis
967 1731 1090 1791 tionem
1109 1730 1299 1808 huJusmodi
1319 1731 1540 1810 subsequente
1557 1747 1691 1793 cessare
1705 1747 1755 1791 co-

119 1830 317 1891 auctoritate
339 1829 546 1901 mandamus,
573 1831 737 1905 quatenus
762 1827 914 1889 eumdem
968 1829 1096 1904 gereris
1111 1827 1246 1889 invitus.
1263 1829 1381 1890 Datum
1398 1830 1501 1892 Reate
1520 1831 1567 1890 Ill
1583 1829 1660 1890 idus
1672 1830 1756 1906 junii

119 1926 418 2004 archiepiscopum,
434 1927 609 2004 quominus
623 1927 839 1986 concessione
856 1924 915 1984 hu·
968 1925 1179 2002 pontificatus
1194 1926 1300 1988 nostri
1312 1942 1400 1989 anno
1410 1927 1521 1989 tertio.

117 2023 264 2101 jusmodi
284 2025 332 2086 uti
355 2024 459 2084 libere
479 2024 600 2096 valeat,
616 2022 779 2100 impedire
800 2022 913 2083 nulla-

120 2121 455 2198 tenuspraesumaus.
1254 2113 1476 2200 chXXVI

161 2220 279 2279 Datum
295 2221 408 2289 Reate,
426 2221 471 2279 111
493 2218 567 2278 idus
585 2217 684 2295 junii,
705 2216 915 2294 pontificatus
1002 2256 1054 2315 Aa
1065 2257 1223 2330 priorem
1237 2256 1271 2317 εἰ
1284 2255 1491 2317 conventum
1504 2257 1546 2316 de
1562 2255 1727 2317 passage,

121 2317 228 2376 nostri
242 2331 330 2377 anno
345 2317 455 2378 tertie.
821 2369 832 2385 .
1261 2379 1294 2435 η
1303 2377 1376 2450 junii
1392 2377 1470 2435 1219ο

162 2443 333 2501 herodem
353 2444 492 2502 modeim
508 2440 679 2515 scriptum
700 2439 751 2501 est
774 2437 915 2513 Ugolino
1145 2491 1150 2502 .
1379 2491 1394 2501 ..

1082 2491 1236 2556 [Registrum
1247 2497 1396 2542 monastern
1408 2491 1440 2541 de
1449 2488 1576 2551 Passetet,
1589 2491 1657 2556 lla]

121 2537 377 2615 archiepiscopo
392 2537 549 2599 mutanda
564 2536 709 2598 mutatis.
1060 2599 1066 2610 ,

1022 2600 1148 2657 Priorem
1161 2606 1190 2656 et
1203 2604 1376 2656 conventum
1390 2597 1426 2656 de
1444 2598 1574 2655 Passelet
1588 2599 1711 2656 tuendos

419 2730 620 2818 ccxxxv
1302 2687 1430 2759 ΜΨ·

1011 2795 1193 2866 Honorius,
1220 2796 1299 2866 etc,
1330 2794 1460 2856 dilectis
1486 2794 1567 2854 filiis
1598 2795 1703 2873 priori
1728 2795 1760 2856 et

186 2866 239 2924 ’Μ
253 2866 546 2938 α”θὴῑθρῑδθθΡῑιΜ
559 2863 844 2937 Βινῑθθηῑωῑδωη·
971 2892 1149 2953 conventui
1161 2892 1201 2952 de
1214 2892 1373 2964 Passelet,
1382 2892 1612 2953 cluniacensis
1626 2891 1758 2964 ordinis,

413 2978 444 3033 Η
458 2976 531 3048 Ιϋῡῑῑ
548 2975 627 3032 ¹²¹9·
971 2989 1110 3051 salutem
1123 2991 1157 3050 et
1170 2989 1386 3066 apostolicam
1402 2988 1680 3052 benedictionem.

98 3100 104 3116 ·
215 3082 345 3147 parisino,
358 3083 424 3132 M0ss·
438 3081 582 3146 uulgaris,
600 3081 620 3138 Ι,
636 3095 661 3144 r·
676 3080 717 3139 ²²»
732 3093 758 3129 ¹¹·
771 3079 824 3143 ³⁶l
1011 3086 1102 3147 Solet
1115 3100 1263 3146 annuere
1281 3085 1382 3146 Sedes
1396 3085 1587 3161 apostolica
1599 3086 1666 3162 piis
1681 3085 1760 3146 votis

125 3179 241 3238 blandat
255 3189 285 3237 ut
299 3181 415 3253 pallium
432 3188 461 3236 et
475 3194 588 3236 crucem
600 3178 628 3234 in
643 3179 758 3236 dioeeasi
770 3176 917 3236 colocensi
970 3184 1004 3244 et
1020 3183 1167 3243 honestis
1182 3183 1363 3258 petentium
1384 3181 1536 3259 precibus
1552 3182 1703 3244 favorem
1715 3181 1762 3242 be

390 3277 502 3342 ll⁰l¹are
521 3268 648 3324 desistat.
971 3280 1125 3342 nevolum
1158 3280 1335 3355 impertiri;
1371 3284 1558 3356 eapropter,
1586 3279 1704 3341 dilecti
1730 3280 1763 3338 in

164 3378 333 3438 Honorius
343 3377 518 3454 episcopus
533 3391 649 3436 seruus
662 3390 833 3435 servorum
844 3373 915 3433 Dei.
971 3377 1110 3438 Domino
1131 3376 1203 3447 filii,
1227 3377 1346 3438 vestris
1362 3377 1462 3454 justis
1484 3376 1763 3452 postulationibus

123 3473 316 3536 Venerabili
331 3473 427 3535 tratri
430 3517 490 3533 .....
513 3472 764 3548 archiepiscopo
790 3471 919 3545 Strigo-
970 3475 1065 3550 grato
1089 3476 1323 3535 concurrentes
1346 3489 1496 3544 assensu,
1525 3473 1568 3534 ad
1595 3473 1767 3550 exemplar

123 3571 234 3632 niensi
255 3570 395 3632 salutem
420 3572 452 3632 et
473 3569 689 3646 apostolicam
708 3567 917 3629 benedictio·
971 3571 1079 3632 salicis
1094 3570 1336 3632 recordationis
1351 3571 1535 3631 Innocentii
1551 3585 1660 3647 papae,
1676 3586 1765 3646 prae-

124 3684 211 3728 nem.
972 3668 1156 3731 decessoris
1180 3668 1298 3741 nostri,
1319 3683 1479 3745 personas
1499 3669 1631 3729 vestras
1646 3669 1681 3729 et
1695 3684 1768 3729 mo-

163 3766 255 3826 Licet
278 3765 313 3825 in
335 3762 482 3842 quolibet
502 3762 765 3841 reprehensibile
781 3762 916 3838 judice·
971 3767 1154 3827 nestorium
1175 3765 1295 3840 ipsum,
1317 3765 1432 3841 inquo
1452 3765 1566 3826 divino
1584 3765 1769 3841 mancipati

122 3864 187 3932 tur,
215 3863 244 3922 si
268 3862 427 3924 extendat
452 3861 493 3922 ad
520 3860 659 3922 alterius
687 3858 774 3920 bona
804 3859 919 3921 illicite
972 3865 1052 3926 estis
1068 3863 1237 3940 obsequio,
1254 3879 1328 3923 oum
1353 3861 1616 3924 omnibusbonis
1639 3878 1716 3938 quae
1735 3863 1770 3922 in

122 3976 240 4021 manus
254 3976 343 4032 suas,
365 3960 397 4019 id
419 3960 455 4021 in
470 3958 616 4036 praelatis
632 3957 849 4019 ecclesiarum
865 3975 920 4034 po-
972 3961 1225 4038 preesentiarum
1241 3958 1486 4020 rationabiliter
1500 3958 1648 4035 possidet
1661 3959 1770 4020 autin

123 4058 188 4120 test
222 4059 255 4120 et
289 4057 384 4119 dehet
418 4057 511 4119 tanto
546 4056 666 4117 fortius
698 4055 916 4131 reprehendi,
972 4057 1119 4118 futurum
1142 4057 1245 4134 justis
1271 4056 1390 4127 modis,
1407 4057 1586 4132 praestante
1616 4057 1769 4127 Domino,

125 4158 249 4235 quanto
265 4156 374 4215 minus
390 4155 425 4214 in
447 4152 569 4215 talibus
592 4153 824 4214 excusationes
840 4168 919 4229 pec-
973 4155 1093 4231 poterit
1116 4153 1269 4230 adipisci,
1290 4153 1351 4213 suh
1374 4152 1463 4214 beati
1488 4152 1579 4215 Petri
1600 4153 1634 4215 et
1655 4156 1771 4216 nostra

124 4253 208 4315 catis
223 4251 347 4312 hahere
362 4251 511 4328 possunt,
531 4265 590 4326 per
611 4249 757 4309 divinam
773 4251 806 4310 et
819 4250 920 4310 natu·
974 4251 1177 4328 protectione
1198 4249 1409 4326 suscipimus.
1437 4250 1636 4327 Specialiter
1658 4253 1772 4312 autem

124 4351 230 4411 ralem
243 4349 360 4424 legem,
374 4363 446 4424 quae
457 4346 611 4423 prohihet
627 4362 693 4406 non
709 4361 782 4407 esse
798 4345 920 4407 sacien-
973 4348 1222 4410 concessionem
1247 4347 1465 4409 ecclesiarum
1487 4346 1527 4408 de
1551 4347 1708 4418 Kathert,
1732 4348 1772 4409 de

124 4448 202 4508 dum
226 4445 302 4507 aliis
331 4444 417 4520 quod
443 4443 581 4520 quilibet
606 4443 679 4502 fleri
708 4443 772 4504 sihi
799 4442 917 4516 nollet,
974 4446 1152 4521 Ruthglen,
1183 4443 1225 4504 de
1249 4445 1469 4515 corniannoc,
1495 4444 1536 4504 de
1559 4444 1769 4516 llilherham,

125 4544 233 4607 edocti
246 4542 376 4620 plenius
391 4543 424 4603 et
437 4541 604 4601 instructi.
623 4542 709 4600 Sane
724 4540 835 4601 oblata
857 4556 920 4601 no·
974 4543 1013 4603 de
1033 4545 1165 4603 Mernes
1184 4543 1217 4603 et
1235 4542 1274 4601 de
1293 4542 1418 4615 Polloc,
1442 4557 1461 4602 a
1483 4540 1579 4603 bonae
1597 4543 1772 4604 memoriae

124 4643 176 4704 bis
202 4640 404 4703 venerabilis
424 4639 537 4700 fratris
559 4637 702 4699 nostri...
729 4638 919 4699 colocensis
972 4639 1125 4701 Jocelino
1149 4637 1348 4714 olasguensi
1373 4638 1541 4715 episcopo,
1567 4638 1610 4699 de
1632 4639 1774 4715 capituli

125 4737 368 4817 archiepiscopi
399 4735 603 4812 conquaestio
637 4734 806 4812 patefecit,
833 4735 919 4811 quod
973 4734 1190 4810 olasguensis
1225 4749 1380 4804 assensu,
1408 4735 1442 4795 et
1468 4734 1640 4796 Florentio
1669 4735 1772 4796 clas-

123 4840 160 4900 tu
176 4837 350 4914 promissa,
367 4835 465 4912 prout
479 4832 648 4904 condecet,
664 4847 730 4893 non
746 4832 919 4893 attendens
974 4832 1093 4908 guensi
1108 4832 1224 4904 electo,
1241 4830 1318 4892 dum
1336 4846 1451 4894 curam
1465 4831 1598 4906 gereret
1620 4831 1774 4893 ecclesiae

126 4935 160 4995 in
173 4933 348 5011 provincia
363 4934 396 4993 et
407 4931 543 4993 dloecesi
560 4929 743 5001 colocensi,
764 4929 799 4988 in
814 4927 919 4990 abba·
975 4929 1202 5004 clasguensis,
1219 4928 1260 4989 ad
1276 4928 1433 4999 vestram,
1457 4927 1627 5004 hospitum
1642 4930 1775 4991 vestro-

23 5044 26 5051 ·
128 5032 192 5104 tiis,
210 5029 439 5107 praeposituris
461 5045 500 5089 ac
524 5029 558 5088 in
584 5026 736 5089 ecclesiis
752 5025 921 5103 regalibus
975 5042 1060 5097 rum,
1075 5027 1108 5088 et
1127 5041 1321 5103 pauperum,
1336 5025 1625 5097 sustentationem,
1643 5025 1773 5087 libera·

126 5145 202 5191 cum
224 5126 327 5205 pallio
352 5125 512 5197 celebras,
538 5141 577 5186 ac
602 5139 714 5187 coram
735 5124 768 5185 te
790 5138 921 5184 crucem
975 5123 1051 5184 liter
1062 5123 1155 5184 vohis
1166 5123 1298 5195 tactam,
1308 5138 1384 5183 cum
1394 5121 1547 5184 omnibus
1557 5123 1774 5198 pertinentiis

128 5226 211 5286 sacis
244 5226 280 5286 in
316 5222 464 5300 ejusdem
499 5221 729 5298 praeJudicium
763 5221 919 5298 haJulari.
976 5221 1056 5293 suis,
1067 5220 1204 5281 decimis
1219 5220 1387 5287 videlicet,
1401 5218 1596 5291 redditibus,
1613 5221 1727 5292 terris,
1740 5222 1774 5283 et

72 5368 75 5376 .
129 5327 209 5384 Cum
225 5323 327 5398 igitur
342 5320 405 5381 hoc
417 5320 527 5397 potius
548 5318 704 5396 praesumi
719 5318 866 5380 creditur
880 5334 923 5379 ex
976 5317 1241 5395 possessionibus
1274 5317 1362 5389 aliis,
1391 5316 1478 5377 sicut
1494 5316 1548 5394 pie
1572 5317 1607 5378 et
1635 5318 1776 5395 provide

113 5419 332 5496 arrogantia,
354 5433 453 5493 quam
474 5432 518 5477 ex
538 5415 715 5492 privilegio
736 5414 789 5476 vel
810 5415 923 5476 indul·
976 5415 1063 5477 iacta
1079 5415 1139 5485 est,
1160 5415 1194 5477 et
1215 5414 1250 5474 in
1270 5413 1471 5476 authenticis
1491 5414 1684 5475 eorumdem
1701 5416 1775 5492 ple-

128 5518 239 5594 gentia
260 5515 410 5593 speciali,
427 5530 501 5575 cum
524 5512 701 5590 imperium
722 5528 788 5574 non
803 5512 924 5574 habeat
977 5512 1053 5572 nius
1068 5511 1266 5582 continetur,
1281 5510 1374 5572 vobis
1388 5512 1422 5571 et
1434 5525 1493 5587 per
1506 5525 1565 5573 vos
1578 5511 1688 5573 eidem
1703 5529 1776 5575 mo-

130 5631 189 5693 par
216 5613 249 5675 in
274 5628 398 5690 parem,
426 5611 577 5672 nolentes
602 5610 779 5671 occasione
807 5609 924 5686 huJ'us-
978 5609 1124 5670 naslerio
1143 5610 1264 5680 vestro,
1281 5607 1776 5685 auctoritatehpostolicaeou-
