3774 6186
145 492 250 555 tutam
264 491 631 562 fiduciamobtinemus,
649 492 683 553 et
702 506 799 570 quam
820 489 942 553 certis-

146 590 230 652 sime
262 591 416 652 novimus
446 605 559 666 regem
587 590 620 652 et
645 605 784 666 regnum
812 589 942 650 sincera

146 689 286 765 diligere
299 689 449 761 caritate,
463 688 543 750 illuc
552 704 712 751 concesso
722 687 783 751 tibi
798 687 942 764 legatio·

146 786 199 847 nis
225 786 346 857 ostiolo,
376 786 531 848 duximus
552 786 797 848 destinandum.
825 785 943 846 Datum

146 884 312 955 Laterani,
330 884 475 946 secundo
495 884 570 945 idus
586 883 793 962 septembris,
810 882 944 960 pontiti·

145 983 239 1042 catus
254 982 360 1043 nostri
374 998 463 1066 auno
474 983 583 1044 tertio.

501 1133 592 1221 XXI

193 1268 246 1327 Ad
260 1270 456 1342 episcopum
465 1269 500 1330 et
510 1269 699 1342 capitutum
711 1267 892 1328 Matiscou.

405 1382 440 1440 st
452 1380 591 1455 septemb.
605 1381 684 1439 lala.

174 1487 296 1552 Μαι,
309 1487 355 1539 lib.
368 1488 413 1547 lli,
426 1488 499 1552 epist.
509 1488 548 1537 dl.
563 1489 622 1539 lisa.
631 1488 667 1540 ha
680 1488 756 1538 Porta
766 1485 799 1538 du
810 1487 909 1553 mett]

146 1599 190 1657 lle
206 1594 403 1666 alienationes,
421 1595 670 1664 commutationes,
681 1601 731 1652 aut
742 1595 945 1654 conoessiones

262 1685 326 1742 sins
343 1684 470 1758 episcopi
485 1698 629 1742 covtseusu
644 1691 827 1742 attententur.

184 1793 460 1878 Honoriusate,
483 1792 670 1855 venerabili
697 1793 830 1855 tratri...
849 1791 943 1872 epis·

145 1908 244 1970 copo,
274 1889 405 1953 dilectis
437 1890 516 1952 uliis
542 1890 687 1968 capitulo
711 1890 941 1963 Matisconeu„

145 1989 312 2061 salutem,
329 1989 393 2050 eto.

184 2089 303 2159 Quum,
315 2085 529 2148 sicutnostris
539 2083 732 2148 estaurihus
742 2084 941 2158 intimatum,

144 2172 296 2247 eeclesiae
317 2185 437 2246 vestrae
464 2183 716 2260 procurationes
737 2185 771 2246 et
795 2183 943 2247 redditus

143 2297 381 2359 nonnunquam
408 2280 557 2343 alienare
581 2281 754 2358 confingat
781 2276 816 2343 in
837 2282 944 2359 ipsius

143 2379 296 2442 ecclesiae
315 2381 348 2440 et
372 2378 571 2441 servitorum
597 2381 669 2456 ejus
689 2395 755 2440 uon
779 2379 944 2441 modicam

143 2477 327 2548 laesionem,
356 2491 418 2537 nos
447 2492 547 2552 super
570 2475 634 2536 hoc
660 2476 772 2537 dehita
795 2476 944 2537 volentes

144 2573 368 2636 sollicitudine
384 2572 571 2649 providere,
585 2572 783 2633 auctoritate
795 2587 945 2648 praesen-

144 2669 225 2733 tium
242 2669 441 2740 inhibemus,
457 2683 499 2729 ue
512 2668 746 2744 praedictorum
766 2668 945 2731 alienatio-

145 2782 215 2838 nes,
233 2766 304 2826 sive
328 2764 613 2837 commutationes,
639 2767 697 2826 aut
712 2766 943 2827 concessiones

148 2864 188 2925 ad
205 2863 333 2923 firmam
355 2863 397 2922 de
419 2863 541 2923 caetero
564 2862 768 2924 attententur
786 2862 858 2924 sine
872 2864 941 2937 tuo,

147 2960 251 3022 frater
261 2959 425 3036 episcope,
438 2957 578 3019 oonsilio
591 2959 803 3033 etconsensu,
811 2961 942 3024 irritum

143 3057 376 3126 decernentes,
407 3055 436 3114 si
465 3054 542 3131 quid
569 3057 684 3118 contra
709 3056 942 3120 inhibitionem

142 3154 291 3216 nostram
307 3151 407 3214 merit
424 3152 631 3226 attentatum,
645 3154 723 3216 dum
735 3156 849 3218 tamen
862 3172 944 3218 eou-

143 3251 283 3315 suetudo
300 3249 449 3312 ecclesiae
467 3265 534 3311 uon
548 3255 721 3329 repugnet.
737 3254 830 3315 Nulli
849 3271 940 3331 ergo,

144 3351 220 3421 etc,
254 3348 377 3409 nostrae
413 3347 640 3409 concessionis
668 3351 701 3410 et
734 3349 942 3412 inhibitionis

142 3447 337 3523 iufringere,
360 3444 423 3506 etc.
448 3445 482 3506 Si
497 3445 572 3522 quis
587 3445 710 3518 autem,
735 3448 798 3509 etc.
819 3450 941 3510 ‘Datum

142 3544 310 3615 Laterani,
330 3545 359 3604 V
372 3542 534 3604 kalendas
554 3542 711 3617 octobris,
731 3545 942 3622 pontificatus

144 3642 250 3706 nostri
265 3656 354 3702 anno
366 3640 475 3702 tertio.

490 3780 600 3868 XXII

220 3919 272 3979 Ad
292 3917 576 3990 archiepiscopos,
604 3919 781 3993 cphcopos
797 3935 862 3996 per

204 4089 212 4105 ι
320 4015 530 4088 Hispaniam
542 4016 756 4079 constitutos.

452 4126 540 4183 tuot.
558 4128 637 4185 1218.

262 4230 415 4298 [bullarium
427 4231 591 4293 Vaticanum,
600 4234 646 4296 111,
656 4235 770 4300 append.
780 4237 833 4302 aa]

143 4328 290 4397 scribitde
304 4329 432 4387 exercitu
453 4330 609 4388 christiano
623 4332 791 4406 inpartibus
807 4342 944 4394 transma-

176 4424 246 4481 rinis
264 4418 415 4477 existente.
443 4418 576 4492 Praecipit
598 4427 628 4477 ut
642 4422 854 4495 lluguioionem
873 4425 940 4483 suh·

176 4511 329 4571 diaconum
356 4513 386 4562 et
403 4505 583 4579 capellanum
607 4522 690 4567 suum
719 4517 750 4567 et
771 4513 941 4586 magistrum

177 4596 320 4662 Ciuthium
336 4594 531 4669 presbyterum
547 4593 673 4655 basilicas
695 4599 835 4673 Principis
853 4616 938 4676 apos·

144 4688 147 4695 '
177 4688 310 4754 telorum,
328 4683 493 4752 canonicos,
514 4682 550 4741 ad
575 4685 653 4758 ipsos
675 4701 726 4760 pro
752 4687 941 4750 subventione

178 4774 319 4838 exercitus
330 4771 486 4846 supradicti
497 4771 653 4830 destinatos
663 4773 788 4834 habeant
797 4792 941 4838 commen·

178 4859 502 4931 datos,vicesimamque
515 4860 607 4932 ipsam
619 4869 648 4918 et
659 4863 795 4922 Ecclesia
804 4867 940 4927 Romanae

178 4964 283 5016 census
296 4944 533 5006 sinediiiicultate
547 4949 706 5025 assignent.

184 5065 936 5152 Honorius,eto,archiepiscopisetepiscopis,

150 5164 326 5243 ahbadbus,
352 5161 519 5238 prioribus
539 5179 578 5226 ac
594 5167 741 5242 praelatis
758 5173 793 5231 et
807 5170 938 5233 clericis

127 5278 134 5287 ‘
152 5260 320 5343 universis,
335 5259 403 5319 tam
416 5261 578 5337 exemptis
589 5279 688 5340 quam
699 5266 776 5327 aliis
791 5285 850 5346 per
865 5273 938 5332 His·

156 5367 276 5459 mmm
289 5357 485 5420 constitutis.

195 5464 249 5533 mg
259 5453 348 5521 solus
363 5455 418 5532 qui
431 5458 482 5518 est
497 5458 644 5521 omnium
662 5463 813 5539 cognitor
827 5482 939 5529 secre-

158 5572 256 5637 tm!
265 5552 356 5615 novit
369 5553 555 5618 anxietates
570 5559 747 5622 continuas
759 5579 840 5640 quas
854 5567 939 5627 tem-

147 5672 228 5761 μ
252 5653 323 5730 jam
351 5651 449 5728 longo
479 5655 676 5730 pertulimus
709 5675 769 5737 pro
805 5665 938 5739 negotio

146 333 185 394 31
764 330 941 392 HONORII
964 329 1008 388 [ΙΙ
1031 329 1178 390 OPERA.
1762 332 1795 388 32

997 489 1110 549 Terrae
1127 488 1269 549 Sancta.
1285 488 1413 560 Quanto
1429 489 1538 550 autem
1550 491 1697 566 majores
1707 504 1797 567 prop-

997 586 1118 648 terhoc
1131 586 1350 648 sustinuimus
1360 601 1536 664 expensas,
1551 586 1797 649 sollicitudines

998 682 1186 756 etlabores,
1203 685 1294 746 tanto
1317 678 1460 761 ampliu‘s
1484 684 1579 746 nobis
1605 684 1742 746 cederet
1761 685 1797 745 ad

998 779 1211 858 opprobrium
1231 787 1265 843 et
1292 781 1450 853 dolorem,
1469 782 1496 842 si
1519 781 1635 843 ddeles
1661 782 1721 859 qui
1743 800 1799 859 pm

997 878 1070 955 ipso
1084 878 1215 956 negotio
1231 881 1457 956 exposuerunt
1471 894 1525 939 res
1536 879 1664 956 pariter
1673 879 1708 941 et
1726 896 1800 956 per-

998 990 1110 1049 sonas,
1127 991 1186 1053 pro
1200 992 1311 1038 rerum
1335 976 1497 1038 deiectus
1519 992 1579 1038 suo
1600 980 1800 1052 cogerentur

998 1073 1167 1151 proposito
1191 1075 1334 1136 resilire.
1364 1077 1450 1136 Sane
1470 1074 1673 1136 venerabilis
1697 1074 1801 1136 irater

948 1179 951 1183 ·
998 1173 1147 1232 noster...
1166 1171 1355 1249 patriarcha
1369 1175 1402 1235 et
1412 1172 1605 1233 carissimus
1618 1172 1653 1232 iu
1670 1173 1801 1235 Christo

999 1268 1087 1330 iilius
1103 1273 1216 1332 noster
1229 1273 1376 1332 loannes
1388 1271 1528 1332 illustris
1540 1286 1600 1331 rex
1612 1271 1802 1347 Hierosoly-

998 1366 1154 1440 mitanus,
1166 1368 1315 1444 magistri
1328 1384 1457 1446 quoque
1468 1367 1651 1445 Hospitalis
1664 1369 1698 1430 et
1706 1370 1802 1431 Tem-

999 1464 1085 1543 pliet
1093 1464 1241 1527 universi
1252 1466 1420 1543 principes
1435 1469 1467 1528 et
1475 1465 1618 1528 barones
1633 1467 1801 1528 exercitus

999 1561 1175 1624 christiani
1184 1563 1801 1641 existentisinpartibustransmarinis

999 1658 1068 1719 suis
1083 1658 1179 1720 nobis
1194 1659 1313 1721 litteris
1336 1659 1533 1722 intimarunt
1552 1659 1640 1739 quod
1651 1661 1724 1723 tam
1738 1659 1801 1722 im·

999 1754 1179 1834 portabiles
1208 1772 1373 1834 expensas
1402 1757 1512 1820 iacere
1541 1757 1798 1835 compelluntur,

998 1854 1067 1915 tum
1082 1854 1117 1915 in
1131 1853 1295 1916 machinis
1305 1856 1339 1917 et
1347 1855 1465 1931 galeis,
1473 1857 1543 1917 tum
1552 1856 1588 1916 in
1601 1855 1668 1918 alio
1678 1855 1799 1918 bellico

998 1952 1172 2030 apparatu,
1187 1952 1272 2031 quod
1289 1953 1355 2014 uisi
1369 1952 1411 2014 ad
1427 1969 1484 2014 eas
1499 1952 1670 2016 iaciendas
1684 1953 1800 2016 subve-

999 2050 1130 2111 niamus
1145 2049 1282 2123 eisdem,
1292 2066 1350 2112 eas
1360 2050 1550 2113 nullatenus
1559 2051 1718 2129 potarunt
1732 2069 1800 2114 sus·

998 2145 1116 2220 tinere,
1147 2146 1204 2209 sed
1228 2163 1294 2209 nou
1317 2147 1441 2225 absque
1465 2147 1678 2218 contusione,
1713 2149 1800 2228 quod

999 2245 1158 2306 Dominus
1172 2246 1312 2318 avertat,
1324 2245 1366 2307 ab
1378 2246 1523 2324 incoepto
1533 2245 1696 2310 desistere
1708 2262 1801 2308 com·

999 2342 1177 2418 pelluntur.
1201 2344 1282 2403 Cum
1309 2343 1420 2404 autem
1436 2360 1495 2421 pro
1511 2343 1646 2422 navigio
1671 2346 1800 2408 Roma-

998 2454 1128 2510 norum,
1144 2439 1180 2498 in
1199 2454 1264 2516 quo
1286 2439 1373 2501 ultra
1392 2440 1512 2516 viginti
1538 2441 1644 2504 millia
1666 2458 1802 2506 marca-

998 2551 1072 2595 rum
1103 2536 1232 2612 argenti
1263 2537 1480 2614 expendimus
1513 2556 1646 2602 camera
1684 2542 1802 2603 nostra

999 2646 1083 2707 piene
1109 2632 1241 2708 penitus
1257 2632 1300 2694 sit
1318 2634 1493 2708 exhausta,
1511 2652 1572 2698 nec
1585 2637 1626 2697 de
1638 2636 1700 2698 illa
1716 2653 1799 2716 pos-

998 2727 1102 2789 simus
1115 2729 1241 2790 eisdem
1252 2733 1474 2808 opportunum
1492 2734 1678 2796 subsidium
1691 2735 1799 2797 mini-

998 2827 1115 2899 strare,
1132 2826 1370 2905 Hispaniarum
1387 2831 1591 2904 vicesimam,
1610 2833 1798 2896 secundum

998 2924 1240 2987 ordinationem
1251 2928 1390 2988 Consilii
1404 2929 1572 3004 generalis
1585 2931 1798 3007 providimus

997 3024 1275 3099 congregandam,
1303 3026 1341 3087 ut
1364 3026 1602 3089 subveniamus
1630 3029 1800 3092 exercitui

998 3120 1199 3197 supradicto.
1225 3123 1368 3184 Dilectus
1399 3124 1511 3202 itaque
1543 3125 1629 3187 filios
1667 3127 1804 3204 Hugui-

997 3218 1137 3290 cionem,
1154 3219 1392 3281 subdiaconum
1408 3223 1440 3283 et
1463 3223 1697 3300 cappellauum
1713 3241 1800 3287 nos·

996 3318 1084 3376 trum
1099 3316 1133 3377 et
1153 3316 1348 3393 magistrum
1372 3320 1540 3382 cinthium
1564 3320 1801 3399 presbyterum

996 3410 1145 3474 basilicae
1175 3413 1335 3493 principis
1363 3418 1598 3494 apostolorum,
1615 3422 1803 3484 carronicos

998 3509 1121 3572 latores
1140 3514 1366 3590 praesentium,
1388 3515 1477 3576 viros
1500 3516 1614 3594 utique
1637 3519 1802 3595 providos

997 3609 1030 3669 et
1041 3607 1166 3681 fideles,
1179 3626 1218 3671 ac
1232 3610 1328 3672 nohis
1341 3613 1374 3674 et
1387 3613 1543 3674 iratribus
1559 3616 1684 3676 nostris
1698 3632 1801 3679 caros

997 3705 1067 3766 suis
1080 3707 1290 3783 exigentibus
1303 3710 1430 3772 meritis
1438 3711 1471 3772 et
1480 3713 1646 3790 acceptos,
1661 3714 1704 3774 ad
1719 3732 1804 3791 pan

997 3803 1046 3866 tes
1074 3807 1200 3867 vestras
1219 3823 1278 3883 pro
1304 3808 1494 3885 hujusmodi
1522 3810 1657 3887 negotio
1689 3811 1804 3875 desti-

998 3904 1125 3975 nantes,
1143 3904 1391 3967 uuiversitatem
1414 3907 1558 3967 vestram
1570 3923 1748 3970 monemus
1762 3928 1802 3972 ao

996 4017 1153 4076 rogamus
1181 4003 1315 4074 attente,
1342 4018 1381 4064 ao
1404 4019 1464 4080 per
1484 4006 1676 4081 apostolica
1701 4007 1801 4069 vobis

997 4099 1119 4177 scripta
1141 4100 1363 4177 praecipimus,
1384 4102 1549 4178 quatenus
1570 4105 1659 4182 ipsos
1675 4105 1718 4166 oh
1747 4123 1805 4169 re-

995 4196 1179 4258 verentiam
1211 4198 1363 4259 nostram
1400 4199 1559 4262 hahentes
1596 4205 1803 4279 propensius

997 4295 1251 4367 commendatos,
1270 4297 1383 4373 eisque
1404 4298 1440 4358 in
1455 4314 1572 4359 securo
1584 4300 1755 4362 conductu
1768 4304 1802 4364 st

997 4388 1072 4450 aliis
1086 4392 1284 4453 necessariis
1300 4393 1453 4455 hilariter
1468 4396 1692 4472 providentes,
1706 4399 1800 4462 vice-

997 4486 1113 4548 simam
1129 4489 1281 4566 ipsamet
1308 4491 1465 4554 Ecclesiae
1492 4495 1650 4556 Romanae
1673 4511 1802 4560 census

996 4585 1068 4645 sine
1094 4585 1288 4649 difficultate
1302 4589 1480 4666 assignetis
1496 4591 1632 4653 eisdem.
1655 4594 1753 4666 Quod
1772 4597 1803 4659 si

996 4683 1051 4760 qui
1071 4683 1155 4746 iorte
1178 4701 1215 4747 se
1233 4685 1269 4746 in
1289 4686 1423 4748 illorum
1447 4689 1612 4751 solutione
1639 4691 1802 4756 difficiles

995 4781 1209 4846 exhibuerint
1221 4784 1274 4846 vel
1285 4784 1437 4857 rebelles,
1449 4802 1509 4847 vos
1522 4786 1643 4850 fratres
1658 4791 1801 4854 archie-

994 4880 1121 4957 piscopi
1138 4882 1171 4942 et
1189 4881 1347 4959 episcopi,
1365 4882 1491 4959 singuli
1503 4887 1801 4962 suaeJuridictioni

994 4977 1139 5055 objectos
1154 4978 1196 5040 ad
1209 4980 1254 5054 id,
1271 4996 1345 5041 cum
1360 4980 1402 5042 ab
1417 4981 1466 5043 eis
1479 4982 1610 5045 fueritis
1626 4987 1797 5063 requisiti,

993 5092 1053 5155 per
1087 5092 1246 5139 censuras
1283 5077 1539 5155 ecclesiasticas,
1568 5085 1800 5160 appellatione

993 5174 1186 5252 postposita,
1198 5177 1414 5255 compellatis.
1424 5180 1579 5258 Alioquin
1592 5183 1798 5247 seutentiam

993 5288 1092 5350 quam
1105 5272 1179 5350 ipsi,
1205 5274 1259 5336 vel
1279 5291 1394 5337 eorum
1410 5277 1496 5338 alter
1514 5278 1652 5342 tulerint
1666 5281 1702 5341 in
1715 5298 1798 5344 eos·

993 5369 1079 5442 dem,
1106 5371 1317 5449 praecipimus
1341 5374 1502 5451 usquead
1530 5376 1794 5442 satisfactionem

993 5469 1190 5546 condignam
1205 5470 1345 5532 firmiter
1358 5471 1540 5533 observari.
1558 5476 1678 5537 Datum
1695 5478 1795 5540 Late-

992 5568 1078 5640 rani,
1107 5567 1206 5631 tertio
1244 5584 1351 5630 nonas
1379 5569 1541 5644 octobris,
1578 5574 1790 5648 ponuucams

994 5665 1099 5728 nostri
1112 5681 1199 5728 anno
1212 5667 1323 5729 tertio.
