3774 6186
739 312 967 397 sersroun.
991 313 1069 375 ura.
1093 314 1132 375 v.

410 474 626 562 CCCLXIV

189 616 241 674 All
256 615 467 690 sitopistrnm
481 619 515 678 S.
536 619 698 679 clericum
712 620 852 682 Bituri-

442 728 590 775 conseia.

399 834 433 891 29
448 835 529 907 april.
549 836 627 892 ital.

150 947 273 1011 [begeat.
286 947 331 997 lib.
344 948 375 1007 V,
389 949 461 1012 epist.
472 949 527 998 620.
542 950 599 999 llas.
611 950 647 1000 La
661 951 735 1001 Porto
748 949 783 1001 du
798 951 892 1016 Thali]

170 1061 304 1136 Indulget
328 1070 360 1120 ut
374 1062 430 1120 duo
444 1063 582 1122 beneficia
598 1065 744 1139 possidere
757 1069 856 1140 possit.

153 1180 332 1252 Honorius,
363 1181 438 1251 etc,
468 1182 587 1243 dilecto
608 1183 676 1244 illio
692 1185 850 1260 magistro
874 1185 907 1245 S.

115 1276 239 1338 clerico
254 1277 471 1339 Bituricensis
485 1279 739 1357 archiepiscopi.

154 1374 204 1436 Ad
231 1374 454 1435 exhibendum
480 1376 541 1438 tibi
564 1377 706 1452 gratiam
731 1377 910 1453 specialem

114 1471 234 1533 merito
259 1471 324 1533 tuae
353 1471 526 1549 probitatis
549 1474 687 1546 inducti,
713 1476 911 1537 auctoritate

113 1568 176 1629 tibi
200 1568 413 1651 praesenlIum
428 1570 639 1646 indulgemus
655 1572 700 1644 ut,
718 1588 819 1648 quum
833 1572 912 1633 uui-

114 1681 190 1725 cum
210 1665 334 1727 babeas
349 1667 547 1729 beneficium
566 1685 680 1731 curam
695 1669 821 1731 babens
836 1669 912 1732 ani·

113 1778 244 1823 marum
264 1778 440 1837 annexam,
467 1765 552 1842 quod
572 1767 659 1827 sicut
678 1767 802 1828 asseris
824 1767 910 1829 ultra

115 1876 278 1921 summam
296 1864 429 1923 centum
450 1862 630 1924 solidorum
644 1866 810 1926 Toronen.
824 1880 912 1925 nun-

115 1974 215 2034 quam
242 1958 301 2021 tibi
327 1959 434 2020 naluit
461 1961 644 2033 aunuatim,
669 1960 760 2022 aliud
784 1961 855 2034 tibi,
882 1962 910 2022 si

114 2056 276 2117 canonice
297 2056 467 2128 offeratur,
491 2058 609 2134 possis,
624 2059 746 2120 statuto
772 2059 911 2121 concilii

112 2153 282 2228 generalis
318 2170 384 2215 non
415 2153 576 2228 obstante,
600 2156 759 2233 recipere,
785 2158 910 2219 etcum

114 2248 174 2310 illo
195 2248 300 2310 libere
316 2251 470 2312 retinere.
486 2252 577 2312 Nulli
593 2268 683 2327 ergo,
699 2253 774 2325 etc,
788 2256 910 2316 nostrae

116 2346 342 2407 concessionis
360 2347 552 2424 iufringere.
571 2349 606 2409 Si
621 2350 694 2426 quis
709 2352 829 2422 autem,
847 2352 909 2412 etc.

115 2444 235 2504 Datum
260 2446 426 2517 Laterani,
453 2447 499 2506 111
530 2445 691 2507 kalendas
714 2447 795 2508 maii
823 2463 910 2509 anuo

112 2540 243 2617 quinto.

418 2701 612 2789 CCCLXV

216 2844 268 2903 Ad
291 2844 486 2916 episcopum
509 2843 810 2920 argentinensem.

400 2964 526 3036 29april.
548 2965 627 3022 llll.

181 3077 321 3141 [Schedia
336 3076 432 3128 Alsntia
444 3078 561 3143 diplom,
575 3083 594 3128 t.
606 3079 671 3145 ll,p.
681 3078 737 3138 dil,
748 3092 775 3128 u.
787 3076 855 3143 3l8.]

117 3186 218 3242 llonet
232 3193 259 3242 et
273 3183 402 3241 hortatur
412 3185 578 3257 episcopum
592 3186 711 3258 argent.
727 3192 758 3242 ut
773 3184 809 3241 ab
821 3182 909 3242 advo·

153 3280 283 3331 catorum
296 3272 496 3331 vexationibus
509 3272 610 3331 liberet
621 3274 759 3332 ecclesias
773 3288 833 3331 sue
844 3272 913 3331 dioe·

154 3376 240 3420 cesis.

158 3478 909 3557 llonortusepiscopus,servusservorumnei,

116 3576 301 3638 venerabili
313 3577 407 3639 tratri
426 3576 662 3653 argentinensi
679 3577 846 3654 episcopo,
862 3591 913 3638 sa·

117 3675 220 3735 lutem
233 3676 266 3736 et
280 3674 495 3750 apostolicam
517 3673 791 3735 benedictionem.

157 3772 276 3833 Dilecti
288 3772 350 3831 sslii
365 3770 547 3848 capitulum
557 3770 798 3846 argentinense
808 3771 913 3832 trans·

116 3870 221 3930 missa
243 3869 337 3930 nobis
368 3868 528 3946 petitione
559 3868 797 3939 monstrarunt,
826 3866 912 3944 quod

116 3969 268 4045 plerique
278 3966 429 4028 advocati
437 3966 653 4027 ecclesiarum
665 3966 731 4028 tuae
744 3964 910 4037 diaecesis,

118 4065 346 4126 advocationis
361 4063 556 4141 obsequium
568 4063 793 4140 pervertentes
809 4062 844 4123 iu
859 4062 913 4123 do·

118 4162 311 4222 minationis
337 4161 471 4231 abusus,
499 4160 658 4221 ecclesias
680 4160 771 4237 ipsas
796 4160 912 4221 multi·

117 4260 252 4337 pliciter
266 4258 455 4336 opprimunt
468 4259 502 4319 et
517 4257 669 4334 affligunt
682 4258 716 4318 et
736 4256 795 4328 sic,
815 4272 915 4319 occa-

1699 322 1760 385 794

965 472 1114 535 vocatias
1142 472 1203 536 tibi
1225 471 1267 536 de
1286 474 1407 545 caetero
1423 491 1545 540 vacare
1569 480 1758 558 contigerit,

965 570 1048 630 nulli
1065 586 1123 633 eas
1145 570 1297 633 conferre
1317 589 1519 650 praesumas,¹
1535 576 1592 639 sed
1608 579 1760 643 ecclesia

964 666 1030 729 tuae
1043 668 1158 729 usibus
1181 669 1316 731 studeas
1329 672 1509 748 applicare,
1523 689 1644 736 canens
1654 676 1760 739 nibil-

964 765 1095 826 ominus
1120 782 1163 827 ne
1184 782 1250 828 una
1275 768 1417 830 ecclesia
1446 770 1559 847 plures
1581 772 1759 836 advocatos
1829 780 1846 803 ¹

964 865 1123 935 assumat,
1134 879 1195 926 nec
1203 864 1389 941 aliquemiu
1400 867 1571 931 advocatia
1580 870 1759 933 succedere

963 958 1151 1036 adoptionis
1159 963 1237 1037 jure
1252 963 1434 1038 permittas,
1449 981 1491 1027 ne
1501 965 1654 1029 rideatur
1665 967 1758 1029 locus

964 1056 1140 1119 calumniis
1152 1059 1318 1135 ampliari.
1333 1060 1453 1121 Datum
1465 1063 1633 1136 Laterani,
1647 1067 1692 1125 111
1701 1065 1759 1129 ka·

965 1152 1179 1227 lendasmaii,
1197 1157 1619 1232 pontificatusuostriauuo
1630 1161 1755 1239 quinto.

1254 1387 1469 1476 CCCLXVI

1043 1528 1096 1587 Ad
1108 1530 1402 1603 archiepiscopum
1412 1530 1676 1595 Biturtconsem.

1255 1650 1291 1707 29
1310 1650 1391 1723 april.
1408 1652 1487 1709 itti.

996 1760 1118 1825 [liegest.,
1127 1761 1173 1813 lib.
1183 1760 1215 1822 V,
1225 1763 1299 1828 epist.
1308 1764 1365 1815 nen.
1382 1765 1722 1833 ldss.l,a1’ortedu'l'beil.]

966 1867 1046 1925 Facit
1071 1867 1099 1924 ei
1124 1876 1293 1942 potestatem
1318 1870 1354 1928 ad
1378 1871 1499 1930 liberam
1519 1882 1549 1931 et
1564 1882 1757 1947 spontaneam

1001 1955 1217 2029 prebendarum
1239 1960 1400 2017 cessionem
1424 1976 1475 2019 eas
1493 1964 1624 2034 personis
1645 1963 1757 2022 idoneis
1801 2018 1804 2023 .

1001 2044 1179 2117 providendi.

1005 2165 1111 2234 Quum
1137 2162 1328 2241 frequenter
1350 2166 1535 2243 contingat,
1561 2169 1598 2230 ut
1621 2169 1755 2246 quidam

965 2260 1150 2322 obtinentes
1161 2260 1355 2338 praebendas
1367 2265 1402 2323 in
1414 2264 1575 2335 ecclesiis,
1587 2266 1622 2325 in
1637 2266 1757 2343 quibus

965 2357 1112 2418 residere
1123 2373 1189 2420 non
1199 2362 1347 2435 possunt,
1356 2362 1590 2435 easresignare
1599 2362 1757 2429 differant

965 2469 1008 2514 ne
1023 2454 1238 2517 conterantur
1248 2457 1406 2532 indiguis,
1418 2474 1478 2520 nos
1489 2458 1529 2519 de
1543 2462 1601 2520 tua
1618 2461 1757 2523 caritate

965 2552 1118 2626 gerentes
1133 2552 1287 2614 ilduciam
1296 2554 1473 2630 specialem
1486 2558 1684 2620 auctoritate
1695 2557 1757 2619 tibi

966 2648 1180 2725 praesentium
1194 2649 1415 2726 indulgemus,
1437 2654 1472 2714 ut
1485 2653 1526 2714 ad
1541 2656 1757 2731 spontaneam

965 2747 998 2807 et
1011 2744 1151 2806 liberam
1164 2747 1425 2825 resignationem
1440 2749 1584 2820 illorum,
1601 2752 1657 2828 qui
1670 2767 1759 2828 pras-

964 2841 1101 2915 bendas,
1118 2858 1176 2904 seu
1189 2843 1256 2904 alia
1268 2843 1430 2906 beneficia
1441 2845 1590 2909 obtinent
1606 2848 1642 2908 in
1654 2849 1758 2912 eccle-

966 2939 1025 3000 siis
1035 2938 1094 3000 tibi
1105 2939 1178 3016 lege
1190 2940 1380 3004 dioecesana
1390 2942 1617 3019 subjectis,ea,
1626 2945 1756 3009 sublato

966 3036 1143 3114 cujuslibet
1174 3037 1408 3115 appellationis
1428 3042 1460 3101 et
1486 3042 1757 3105 contradictionis

966 3133 1146 3206 obstaculo,
1163 3135 1270 3211 possis
1285 3134 1414 3197 idoneis
1426 3137 1577 3199 conterre
1593 3142 1755 3216 personis.
1869 3190 1874 3205 .

965 3230 1057 3293 Nulli
1072 3247 1165 3308 ergo,
1175 3234 1252 3304 etc,
1267 3234 1389 3294 nostrae
1404 3236 1627 3296 concessionis
1643 3236 1758 3298 infrin-

965 3344 1056 3405 gere.
1082 3330 1117 3391 si
1141 3328 1349 3406 quisautem,
1370 3331 1433 3392 etc.
1454 3333 1573 3394 batum
1587 3333 1755 3407 Laterani,

966 3426 1012 3487 Ill
1034 3425 1196 3488 kalendas
1214 3427 1306 3499 maii,
1323 3426 1535 3505 pontificatus
1549 3430 1655 3492 nostri
1669 3444 1758 3493 anuo

966 3523 1093 3599 quinto.

1246 3755 1480 3844 CCCLXVII

997 3897 1050 3956 Ad
1064 3894 1231 3958 &coitum
1245 3898 1279 3959 ct
1292 3901 1473 3960 concisione
1488 3902 1523 3961 S.
1539 3902 1666 3963 Moriar
1682 3904 1724 3963 dc

1283 3997 1446 4057 Cocwtolc.

1249 4114 1285 4173 30
1298 4116 1379 4188 april.
1397 4117 1476 4174 saal.

1054 4227 1213 4293 [Heiuemau.
1224 4229 1308 4281 Codex
1317 4229 1483 4289 Aubaltinus,
1494 4245 1520 4295 p.
1533 4230 1573 4290 td,
1584 4246 1610 4282 n.
1620 4232 1673 4298 nn]

118 4357 215 4417 sione
230 4356 282 4417 sui
297 4354 409 4426 oflicii,
427 4371 467 4417 eo
482 4354 652 4416 esilcacius
668 4353 826 4426 officiunt,
849 4369 913 4432 quo
967 4344 1026 4401 13⁰⁸
1045 4343 1239 4418 lt010801¹d⁰⁸
1257 4344 1386 4417 ⁸⁰⁸⁰il>ib
1409 4352 1437 4403 et
1458 4345 1512 4403 sub
1533 4345 1608 4406 beati
1630 4349 1706 4406 Petri
1725 4363 1760 4408 ac

118 4453 180 4515 sub
196 4452 398 4514 defensionis
412 4451 574 4529 praetextu
583 4451 618 4513 iu
631 4450 727 4514 bonis
742 4450 914 4512 ecclesias·
1179 4445 1230 4488 ⁸⁰⁸
1246 4431 1422 4504 protectione
1436 4433 1546 4507 recipit.

117 4551 194 4613 licis
210 4547 620 4627 liberinsdebacchantur13
640 4564 715 4610 cum
736 4547 840 4624 igitur
855 4548 913 4608 in·
1006 4548 1174 4611 Honorius
1182 4549 1368 4626 episcopus,
1378 4566 1674 4615 semusservorum
1686 4554 1758 4629 Dei,
1811 4605 1814 4609 .

119 4648 242 4710 stantia
271 4648 384 4708 nostra
412 4644 606 4723 quotidiana
629 4646 673 4707 sit
698 4645 914 4707 ecclesiarum
968 4644 1097 4707 dilectis
1121 4645 1199 4706 tiliis
1222 4646 1348 4707 decano
1373 4647 1406 4708 et
1433 4649 1602 4710 canonicis
1629 4651 1759 4712 sanctas

119 4745 267 4807 omnium
282 4743 470 4806 sollicitudo
488 4743 656 4815 contiuua,
672 4742 914 4804 fraternitatem
968 4743 1083 4806 Mariae
1096 4743 1136 4803 de
1152 4743 1316 4815 cocwicn,
1334 4743 1475 4805 salutem
1494 4748 1527 4807 et
1545 4747 1760 4822 apostolicam

118 4845 211 4905 tuam
235 4857 428 4913 monemus,
456 4842 489 4902 et
511 4840 683 4902 hortamur
708 4841 832 4902 attente
856 4856 916 4917 per
968 4838 1241 4903 benedictionem.

119 4939 309 5017 apostolica
324 4939 381 5000 tibi
397 4937 521 5015 scripta
535 4937 675 4999 firmiter
688 4937 913 5014 praecipiendo
1009 4938 1114 5009 Quum
1137 4952 1158 4997 a
1176 4936 1272 4998 nobis
1287 4938 1410 5014 petitur
1422 4937 1508 5014 quod
1518 4939 1645 5014 jmtum
1660 4940 1711 5002 est
1729 4940 1762 5003 et

119 5037 316 5098 mandantes
350 5036 525 5113 quatenus,
559 5034 705 5095 humano
731 5048 843 5096 amore
876 5050 916 5097 ac
969 5030 1156 5102 honestum,
1178 5032 1245 5091 tam
1269 5032 1365 5106 vigor
1388 5031 1553 5108 aequitatis
1568 5049 1665 5111 quam
1681 5034 1761 5096 ordo
1867 5084 1878 5093 .

119 5134 288 5196 mundano
301 5133 420 5194 timore
433 5131 635 5209 postpositis,
648 5131 807 5193 ecclesias
823 5132 916 5209 ipsas
969 5129 1075 5204 exigit
1089 5127 1240 5201 rationis,
1258 5129 1294 5189 ut
1309 5128 1342 5189 id
1362 5143 1422 5205 per
1442 5129 1699 5191 sollicitudiuem
1712 5130 1764 5192 ol-

121 5233 161 5294 de
171 5232 408 5293 aduocatorum
418 5227 651 5291 vexationibus
658 5229 771 5291 taliter
780 5229 916 5292 studeas
970 5225 1037 5285 ilcii
1052 5225 1158 5286 nostri
1170 5225 1212 5286 ad
1227 5225 1372 5287 debitum
1384 5226 1584 5303 perducatur
1596 5228 1760 5289 effectum.

120 5329 308 5398 defensare,
325 5327 412 5403 quod
440 5343 508 5387 non
526 5326 636 5403 possis
655 5325 695 5387 de
713 5325 916 5402 negligentia
971 5324 1163 5400 Eapropter,
1186 5324 1298 5384 dilecti
1320 5325 1356 5384 iu
1379 5325 1519 5385 Domino
1546 5325 1617 5396 tilii,
1643 5326 1763 5389 vestris

119 5424 332 5504 reprehendi,
342 5424 399 5485 sed
408 5424 518 5501 potius
528 5424 688 5485 merearis
696 5423 736 5485 de
744 5422 917 5500 diligentia
966 5421 1068 5498 jnstis
1092 5420 1369 5497 postulationibus
1401 5422 1497 5496 grato
1528 5424 1763 5485 concurrentes

120 5522 359 5586 commendari.
375 5520 423 5582 Ad
448 5521 520 5582 baec
534 5521 732 5583 auctoritate
755 5519 816 5582 tibi
831 5537 919 5598 prae-
971 5533 1122 5589 assensu,
1139 5533 1299 5597 personas
1322 5519 1497 5581 vestraset
1517 5518 1626 5579 locum
1648 5520 1684 5579 in
1698 5536 1764 5597 quo
1861 5572 1868 5583 .

120 5621 267 5683 sentium
279 5619 418 5682 tirmiter
437 5617 637 5692 inhibemus,
656 5619 693 5682 ut
705 5618 736 5681 si
749 5633 833 5696 quas
852 5618 917 5681 ad·
971 5616 1085 5678 divino
1106 5615 1186 5677 estis
1212 5614 1371 5695 obsequio
1393 5615 1585 5693 mancipati,
1606 5630 1766 5679 cumom-
