3774 6186
122 306 180 367 341
1712 301 1774 360 342

743 302 972 366 EPISTOLAE.
996 302 1074 362 LIB.
1097 303 1151 362 lv.

124 462 292 542 praedictae
315 466 493 528 comitissae
517 464 759 543 pertinentibus
782 478 923 540 respon·
1015 458 1224 522 Venerabilis
1244 458 1347 521 trater
1360 459 1475 521 noster
1492 459 1666 521 'luccensis
1680 457 1774 535 epis-

125 563 324 641 dere‚quum
335 579 374 625 ea
388 580 461 641 quae
474 579 574 641 supra
588 563 722 626 nomiue
733 578 793 622 suo
808 563 920 622 elnon
976 574 1078 636 copus
1092 558 1247 635 exposuit
1261 557 1432 619 humiliter
1447 573 1558 619 coram
1577 554 1673 618 nobis
1686 554 1773 632 quod

125 662 261 723 nomine
282 661 343 723 tilii
359 662 410 722 sui
426 661 557 738 petebat
567 665 622 738 jus
641 660 847 736 respicerent
864 672 922 718 co-
977 657 1095 733 ipsnm,
1107 656 1281 716 occasione
1291 653 1608 731 indulgentiaevobis
1616 653 1777 730 abhpos·

126 759 273 830 mitatus,
287 775 385 836 quem
398 758 470 836 ipsa
486 775 552 820 non
569 774 630 819 suo
644 757 776 818 nomine
792 756 848 817 sed
860 754 920 815 tilii
974 755 1075 817 tolica
1090 754 1174 815 Sede
1198 768 1377 825 concessae,
1394 752 1622 829 multipliciter
1645 765 1772 827 aggra-

126 856 179 916 sui
205 858 306 928 tenet,
321 857 433 934 utpote
453 858 509 934 qui
528 855 569 917 de
591 855 747 916 comitatu
770 855 842 931 ipso
862 868 922 931 per
975 853 1073 924 vatis,
1088 852 1133 913 ita
1150 851 1235 929 quod
1248 851 1284 911 in
1297 850 1446 927 partibus
1458 850 1578 912 vestris
1590 849 1771 911 ecclesias-

125 969 238 1030 regem
251 954 359 1015 iuerat
371 954 545 1015 investitus
558 955 656 1031 prout
670 955 742 1014 erat
755 953 920 1013 notorium
974 951 1040 1012 tica
1073 964 1215 1011 censura
1248 948 1472 1010 contemnitur
1500 950 1534 1009 et
1573 944 1774 1025 episcopalis

126 1055 163 1112 ut
186 1052 272 1113 idem
293 1051 467 1129 episcopus
494 1054 628 1128 paratus
652 1051 726 1112 erat
746 1066 789 1112 ex
810 1050 919 1110 abun·
976 1047 1146 1123 dignitatis
1181 1045 1363 1107 auctoritas
1397 1047 1578 1106 evertatur.
1612 1044 1775 1116 Quocirca

125 1148 238 1210 dantia
264 1148 416 1225 probare.
447 1149 544 1209 Prior
572 1148 683 1209 autem
705 1149 738 1209 et
763 1148 921 1223 magister
976 1144 1180 1206 nobilitatem
1209 1147 1353 1205 vestram
1391 1143 1589 1203 monendam
1617 1141 1774 1202 duximus

126 1246 274 1322 praedicti
285 1246 473 1308 interlocuti
484 1245 921 1323 fueruntquod,exoeptione
975 1243 1008 1302 et
1021 1241 1229 1312 hortandam,
1249 1256 1308 1317 per
1320 1240 1509 1317 ApostolIca
1532 1240 1654 1316 scripta
1679 1252 1775 1298 man·
1874 1270 1877 1275 -

127 1342 315 1420 hujusmodi
326 1358 392 1404 non
401 1343 562 1415 obstante,
571 1341 920 1418 tenebaturpraedictis
975 1340 1090 1399 dantes
1115 1340 1278 1415 quatenus
1306 1341 1338 1400 et
1362 1337 1555 1415 pradictum
1570 1336 1771 1413 episcopum,

127 1440 305 1502 comitissae
335 1439 550 1517 petitionibus
573 1440 784 1517 respondere.
813 1439 921 1510 Quare
976 1451 1072 1512 quem
1083 1436 1216 1511 propter
1226 1435 1400 1511 probitatis
1411 1435 1539 1495 meritIs
1549 1430 1772 1510 exigentibus,

128 1539 326 1598 memoratus
351 1537 539 1614 episcopus,
555 1537 702 1599 sentiens
730 1551 766 1596 se
787 1535 921 1611 gravari
975 1549 1035 1593 uos
1051 1534 1084 1593 et
1095 1532 1216 1593 iratres
1228 1533 1336 1594 nostri
1351 1531 1510 1593 habemus
1525 1530 1701 1591 admodum
1716 1545 1776 1590 ac·

129 1634 421 1710 praesenticura,si
437 1635 633 1711 ipsecontra
648 1633 798 1694 eamdem
813 1631 920 1692 comi·
976 1631 1105 1705 ceptum
1130 1645 1191 1691 uec
1215 1645 1281 1691 non
1303 1629 1388 1691 alios
1414 1628 1568 1690 evicinis
1587 1628 1772 1704 episcopos,

128 1731 243 1793 lissam
259 1732 294 1792 iu
304 1747 406 1793 causa
420 1731 790 1808 hujusmodioblineret‚
801 1727 921 1790 nilsihi
977 1726 1147 1798 habentes,
1160 1728 1246 1789 sicut
1258 1727 1423 1798 convenit,
1432 1727 1466 1787 in
1478 1725 1665 1787 reverentia
1676 1725 1709 1786 et
1717 1724 1789 1801 hog

129 1830 284 1904 proderet
297 1829 377 1906 quin
392 1829 503 1891 anato
519 1831 592 1906 ejus
608 1829 719 1905 posset
732 1842 832 1904 super
850 1826 920 1886 eis·
977 1840 1068 1896 nore,
1084 1825 1193 1902 ipsum
1207 1825 1399 1886 nullatenus
1410 1823 1612 1900 aggravetis,
1629 1822 1675 1884 ita
1687 1820 1773 1898 qarod
1875 1884 1879 1889 ,

127 1923 923 2004 dempetitionibusconveniri,nostramaudien·
976 1923 1062 1999 apud
1090 1925 1193 1984 Deum
1221 1922 1316 1984 vobis
1340 1922 1494 1984 meritum
1516 1919 1713 2000 comparetis
1741 1920 1776 1980 et

124 2025 205 2085 tiam
220 2024 402 2100 appellavit
416 2046 424 2084 :
438 2024 488 2084 illi
501 2039 581 2084 vero
592 2025 734 2101 perocto
747 2037 879 2083 menses
890 2023 923 2083 et
977 2020 1064 2096 apud
1080 2020 1231 2082 homines
1244 2036 1365 2083 nomen
1385 2019 1518 2090 bonum,
1531 2033 1656 2096 nosque
1671 2015 1775 2077 devo-

122 2121 279 2198 amplius‚
291 2123 365 2198 post
379 2120 636 2198 appellationem
654 2121 809 2182 emissam
825 2135 923 2181 occa·
978 2119 1100 2178 tionem
1121 2120 1265 2179 vestram
1282 2119 1448 2195 possimus
1470 2117 1588 2177 merito
1603 2128 1774 2176 commen·

119 2219 219 2279 sione
235 2219 327 2294 pacis
351 2234 424 2295 quaa
439 2219 526 2278 inter
540 2219 630 2295 ipsos
653 2233 712 2294 per
731 2231 923 2278 communes

117 2318 354 2377 tractaverunt
370 2316 505 2386 amicos
518 2316 650 2391 negotio
663 2315 776 2376 habito
792 2315 827 2374 iu
842 2329 921 2374 sus-

115 2430 240 2490 penso,
255 2415 445 2490 episcopum
460 2413 656 2474 citaverunt.
672 2411 765 2473 Unde
777 2411 850 2488 ipse
865 2411 920 2472 vi-

114 2512 208 2572 deus
232 2511 309 2571 illos
328 2512 443 2572 contra
464 2526 501 2570 se
522 2510 596 2586 plus
618 2508 728 2570 debito
741 2509 921 2579 animosos,

117 2608 167 2668 ad
186 2609 303 2669 sedem
317 2607 540 2684 apostolicam
557 2623 623 2667 uon
638 2607 711 2668 sine
723 2605 854 2681 magnis
871 2606 923 2665 la-

114 2705 262 2766 boribus
285 2709 318 2766 et
334 2705 489 2781 expensis
505 2705 725 2781 personaliter
746 2703 920 2764 laboravit.

119 2803 287 2875 Quocirca
303 2802 495 2865 discretioni
519 2805 639 2862 vestrae
655 2817 714 2878 per
732 2801 922 2877 apostolica

122 2901 250 2977 scripta
265 2899 461 2960 mandamus
477 2899 639 2975 quatenus
664 2898 692 2958 si
710 2899 761 2959 est
773 2899 809 2958 in
824 2912 923 2958 revo-

126 3000 200 3068 cato
216 2999 251 3057 in
267 2998 389 3058 statum
402 2995 560 3067 debitum,
575 2996 604 3055 si
624 2994 700 3072 quid
714 2997 788 3071 post
804 2994 924 3071 hujus-

127 3094 215 3155 modi
234 3094 492 3172 appellationem
507 3093 705 3153 inveneritis
726 3093 851 3152 temere
870 3093 923 3153 at-

127 3195 301 3264 tentatum,
322 3190 472 3268 partibus
498 3189 700 3260 convocatis,
722 3204 858 3250 causam
890 3191 923 3250 et

128 3290 351 3367 appellatione
366 3293 493 3350 remota
513 3289 578 3349 line
595 3287 705 3349 debito
724 3287 920 3356 terminetis,

128 3388 287 3448 facientes
309 3386 394 3464 quod
419 3385 635 3447 decreveritis
659 3401 719 3461 per
746 3401 922 3446 censuram

127 3485 386 3546 ecclesiasticam
403 3483 543 3544 tirmiter
558 3483 748 3554 observare,
772 3483 922 3560 alioquin

129 3584 239 3658 partes
254 3581 295 3642 ad
311 3581 459 3657 priorum
477 3580 627 3657 judicum
649 3596 790 3641 examen
808 3579 924 3656 appel-

129 3679 234 3741 lantes
256 3679 291 3739 in
313 3679 469 3755 expensis
489 3678 635 3753 legitime
653 3677 920 3738 condemnantes.

128 3778 240 3837 'restes
252 3778 364 3837 autem
376 3775 574 3853 quisuerunt
584 3773 758 3845 nominati,
768 3774 923 3849 sisegra·

128 3874 184 3944 tia,
202 3874 290 3944 odio,
304 3873 357 3933 vel
382 3874 502 3934 timore
525 3871 754 3933 subtraxerint
781 3885 922 3931 censura

129 3971 240 4041 simili,
255 3970 478 4047 appellatione
498 3972 662 4040 cessante,
679 3969 806 4045 cogatis
828 3969 922 4029 veri-

128 4067 185 4128 tati
213 4068 442 4129 testimonium
469 4066 660 4144 perhibere;
689 4065 829 4142 quodsi
857 4080 922 4125 uon

128 4180 241 4226 omues
255 4165 308 4226 his
324 4164 543 4241 exsequendis
557 4164 732 4240 potueritis
748 4164 922 4229 interesse,

128 4263 191 4324 duo
211 4265 357 4323 vestrum
387 4277 427 4322 ea
454 4261 671 4322 nihilominus
686 4261 921 4337 exsequantur.

127 4362 244 4421 batum
260 4359 412 4432 viterbii,
425 4361 454 4419 ΙΙ
476 4359 552 4420 idus
573 4357 773 4430 novembris,
789 4357 924 4434 pontill-

127 4461 220 4519 catus
235 4457 341 4518 nostri
359 4471 448 4517 anno
461 4458 590 4532 quarto.

452 4615 597 4703 XLVII

164 4743 215 4801 Ad
238 4744 426 4802 Blancbum
448 4740 661 4801 comitissam
685 4740 883 4811 caanpaniae

384 4841 524 4910 mandate
543 4838 663 4908 attilam.

388 4951 420 5008 lt
432 4949 565 5007 novemb.
584 4950 663 5007 liis.

125 5055 259 5122 [biblioth.
271 5056 414 5115 Natiousle,
427 5055 589 5112 blanuscrits,
603 5055 679 5105 londs
694 5055 803 5106 latium.
814 5055 876 5106 5993
890 5055 922 5114 Α,

348 5135 405 5189 Lib.
421 5135 581 5200 pontificum,
594 5135 639 5185 iol.
653 5135 705 5200 id]

124 5234 241 5292 blandai
253 5241 286 5292 ul
298 5234 442 5292 comitissa
454 5235 626 5291 Trecensem
636 5235 803 5306 episcopum
813 5241 841 5292 et
851 5233 923 5292 alios

248 5324 435 5395 coepiscopos
451 5321 556 5381 habeat
567 5323 794 5381 commendatos.

163 5430 344 5501 llonorius,
367 5433 443 5500 etc,
467 5430 596 5491 dilectis
621 5430 699 5490 tiliis
720 5429 823 5491 nobili
843 5446 921 5490 mu·

83 5528 87 5533 “
124 5528 200 5589 lieri
223 5527 401 5589 comitissas
425 5528 614 5603 Campania
634 5528 668 5589 et
687 5529 724 5588 T.
749 5528 828 5589 nato
849 5530 922 5603 ejus

125 5627 267 5687 salntem
282 5628 315 5686 et
330 5624 544 5702 apostolicam
561 5625 836 5686 benedictionem.

977 2214 1067 2275 dare.
1082 2216 1199 2277 Datum
1209 2215 1361 2301 ¹viterbii,
1376 2217 1405 2275 ll
1420 2215 1464 2275 id.
1479 2212 1679 2284 novembris,
1696 2226 1774 2289 pou·

978 2311 1121 2373 titicatus
1137 2312 1240 2373 nostri
1255 2328 1343 2373 anno
1354 2313 1483 2389 quarm.

1291 2471 1458 2557 XLVIII

977 2598 1028 2657 Ad
1046 2597 1328 2668 archiepiscopos,
1356 2599 1541 2669 episcopos,
1569 2592 1770 2660 coabbates,
1827 2572 1834 2588 '

1014 2696 1153 2766 priores
1180 2693 1214 2755 ct
1235 2697 1320 2754 oltos
1352 2695 1574 2754 ecclesiaram
1606 2689 1773 2766 prolatos

1014 2804 1081 2864 per
1091 2792 1297 2863 Hispaniam
1313 2789 1526 2851 corastltntos.

1277 2903 1310 2960 15
1320 2918 1387 2960 nov.
1406 2903 1484 2960 lala.

1144 3008 1259 3074 [hipolli
1272 3009 1337 3058 Buii.
1349 3008 1453 3059 Praedia.
1466 3009 1485 3065 1,
1496 3008 1520 3067 8,
1535 3023 1560 3057 u.
1576 3007 1613 3072 a]

978 3109 1059 3179 lpsos
1082 3114 1167 3179 rogat
1185 3115 1215 3164 ut
1227 3108 1333 3164 latores
1347 3107 1530 3178 praesentium
1546 3105 1646 3162 tratres
1666 3104 1775 3162 ordinis

1013 3194 1233 3252 Praedicatorum
1246 3194 1374 3268 benigne
1387 3194 1527 3266 recipiant
1540 3209 1575 3250 ac
1589 3208 1639 3251 cos
1651 3192 1776 3250 habeant

1013 3282 1239 3341 courmendatos.

1017 3388 1196 3455 Honorius,
1228 3391 1303 3458 etc„
1339 3388 1584 3450 venerabilibus
1618 3386 1777 3449 tratribus

978 3486 1250 3563 archiepiscopis,
1263 3487 1428 3564 episcopis
1437 3504 1476 3548 ao
1490 3485 1619 3548 dilectis
1635 3483 1777 3545 tiliisab-

978 3583 1118 3656 batibus,
1136 3584 1303 3661 prioribus
1319 3585 1351 3646 et
1370 3585 1446 3645 aliis
1462 3583 1678 3646 ecclesiarum
1693 3598 1776 3660 prae·

979 3682 1055 3742 latis
1070 3698 1130 3758 per
1143 3681 1339 3759 Hispaniam
1362 3683 1561 3755 constitutis,
1583 3682 1723 3744 salutem
1743 3680 1776 3741 et

979 3779 1195 3853 apostolicam
1209 3778 1485 3847 benedictionem.

1021 3874 1055 3935 Si
1068 3891 1229 3951 personas
1251 3876 1426 3951 religiosas
1443 3877 1584 3952 diligere
1608 3891 1647 3938 ac
1663 3877 1773 3938 hono-

978 3987 1055 4032 rare
1073 3974 1207 4043 curetis,
1225 3975 1303 4044 Deo,
1323 3974 1377 4033 cui
1397 3973 1524 4034 servire
1546 3988 1688 4050 regnare
1711 3973 1773 4043 est,

979 4069 1060 4128 satis
1075 4070 1206 4144 gratum
1220 4068 1413 4146 obsequium
1428 4069 1604 4140 exhibetis,
1621 4068 1676 4145 qui
1687 4067 1773 4145 quod

980 4165 1037 4225 uui
1053 4181 1095 4226 ex
1108 4166 1254 4225 minimis
1270 4166 1339 4226 suis
1364 4165 1410 4237 tlt,
1428 4166 1491 4227 sibi
1507 4166 1580 4227 fieri
1593 4166 1774 4227 asseverat.

980 4265 1148 4339 Rogamus
1175 4263 1313 4339 prolude
1338 4263 1547 4325 devotionem
1571 4264 1715 4325 vestram
1744 4264 1777 4326 et

980 4360 1198 4421 exhortamur
1224 4361 1358 4432 attente,
1385 4376 1445 4438 per
1467 4361 1659 4438 apostolica
1682 4360 1776 4422 vobis

981 4458 1104 4534 scripta
1120 4458 1327 4529 mandantes,
1344 4461 1507 4536 quatenus
1529 4459 1668 4520 dilectos
1689 4458 1776 4519 illios

980 4556 1104 4616 latores
1121 4556 1336 4632 praesentium
1359 4557 1486 4618 ordinis
1502 4556 1774 4627 Praedicatorum,

980 4667 1119 4728 quorum
1150 4653 1231 4715 utile
1268 4653 1491 4715 ministerium
1524 4654 1556 4714 et
1581 4653 1776 4729 religionem

979 4749 1146 4810 credimus
1161 4751 1230 4811 Deo
1253 4750 1394 4825 gratam,
1419 4750 1591 4811 incorum
1617 4747 1777 4813 laudabili

980 4846 1149 4923 proposito
1166 4846 1378 4908 confoventes
1394 4846 1434 4906 ad
1451 4845 1597 4906 osticium
1613 4845 1779 4922 praedira-

979 4943 1091 5014 tionis,
1108 4943 1149 5004 ad
1163 4943 1248 5020 quod
1265 4943 1414 5019 deputati
1439 4944 1527 5014 sunt,
1544 4942 1668 5005 curetIs
1691 4942 1776 5006 bena

978 5041 1141 5117 recipere,
1171 5056 1210 5101 ac
1236 5039 1395 5102 habentes
1426 5057 1484 5102 eos
1510 5057 1570 5118 pro
1598 5043 1713 5104 nostra
1742 5043 1775 5103 et

978 5137 1176 5213 apostolica
1197 5137 1291 5198 Sedis
1312 5140 1500 5201 reverentia
1516 5138 1773 5210 commendatos,

977 5235 1012 5295 in
1044 5235 1114 5295 suis
1142 5235 1193 5295 ets
1223 5237 1478 5299 necessitatibus
1505 5236 1688 5307 assIstatis,
1719 5236 1777 5312 qui

977 5331 1120 5392 Verbum
1134 5333 1193 5392 Dei
1207 5334 1312 5407 gratis
1332 5337 1366 5396 et
1382 5335 1525 5395 lldeliter
1539 5333 1772 5410 proponentes,

977 5429 1176 5491 intendendo
1212 5431 1412 5506 profectibus
1439 5431 1638 5501 animarum,
1667 5430 1775 5507 ipsum

978 5528 1152 5589 Dominum
1164 5528 1272 5588 solum
1285 5528 1404 5598 secuti,
1422 5528 1627 5605 paupertatis
1642 5528 1775 5590 titulum

979 5625 1197 5701 praetulerunt
1214 5640 1351 5701 :preces
1372 5627 1405 5685 et
1420 5624 1610 5687 mandatum
1626 5627 1776 5689 nostrum
