3774 6186
151 226 211 286 eti
775 224 1005 289 EPIS'FOLAE.
1026 227 1106 288 biis
1127 227 1167 290 V.
1730 227 1791 289 678

149 380 360 462 episcopiset
372 380 503 446 dilectis
516 380 596 445 flllls
609 382 795 460 abbatibus,
814 386 942 464 priori-
996 386 1086 458 nent
1098 384 1281 463 patientum
1297 385 1438 466 ideoque
1452 383 1654 448 fraternitati
1667 387 1788 447 vestra

149 479 223 554 bus,
235 480 491 554 archidiaconis,
507 481 653 554 decanis,
670 484 869 561 praepositis,
883 499 942 545 ar·
996 498 1057 560 per
1082 483 1270 560 apostolica
1305 484 1428 560 scripta
1461 482 1656 545 mandamus
1690 483 1789 559 atque

148 578 453 656 chipresbyteriset
466 579 768 642 aliisecclesiarum
783 581 940 658 praelatis,
996 580 1218 658 praecipimus,
1236 581 1398 656 quatenus
1417 580 1592 657 praedictos
1615 579 1788 642 archidia-

149 676 192 737 ad
207 691 289 753 quos
301 676 419 739 litterae
432 677 504 738 istae
523 678 744 754 pervenerint,
759 678 944 740 salutemet
997 692 1098 739 conos
1118 679 1151 739 et
1173 678 1329 749 decanos,
1353 693 1413 739 seu
1439 677 1603 755 quoslibet
1628 677 1789 739 officiales

149 773 365 851 apostolicam
375 773 652 836 benedictionem.
996 789 1122 846 eorum,
1137 773 1361 851 appellatione
1379 775 1412 836 et
1425 775 1641 837 excusatione
1654 790 1792 837 cessan-

190 870 309 932 Dilecti
342 870 419 942 filii,
454 869 575 932 fratres
608 871 725 933 domus
759 870 942 948 Hospitalis
995 868 1096 945 tibus,
1109 886 1169 949 per
1183 870 1625 933 censuramecclesiasticam
1640 887 1792 949 compes-

150 969 281 1029 Sanctae
289 966 405 1029 Mariae
415 968 694 1030 Theutonicorum
706 969 943 1047 Hierosolymi·
996 967 1091 1041 catis,
1105 984 1148 1029 ne
1161 968 1312 1030 homiues
1327 968 1559 1045 praedictorum
1576 966 1714 1030 fratrum
1730 984 1791 1049 pro

149 1064 232 1135 tani,
249 1078 385 1140 gravem
407 1065 449 1126 ad
465 1080 526 1127 nos
539 1065 779 1142 querimoniam
794 1066 943 1128 destina·
996 1065 1188 1126 excessibus
1210 1065 1280 1125 suis
1304 1080 1401 1142 poena
1425 1065 1618 1142 pecuniaria
1640 1067 1790 1142 puniant,

148 1162 238 1233 runt,
252 1162 340 1239 quod
361 1162 496 1238 quidam
516 1178 631 1224 eorum
654 1163 783 1236 vicarii,
808 1164 865 1242 qul
890 1166 943 1226 te·
996 1163 1054 1225 sed
1077 1164 1145 1226 alia
1165 1164 1216 1226 eis
1243 1163 1398 1240 imposita
1412 1164 1607 1240 poenitentia
1628 1163 1717 1228 bona
1732 1181 1793 1229 eo-

148 1261 272 1322 nentur
285 1259 321 1320 in
336 1259 407 1320 suis
421 1260 574 1322 ecclesiis
593 1261 815 1337 personaliter
834 1262 942 1325 deser·
995 1277 1070 1324 rum
1085 1261 1125 1323 ad
1142 1277 1222 1323 usus
1242 1260 1473 1338 praedictorum
1495 1260 1634 1324 fratrum
1655 1263 1691 1325 tn
1710 1277 1793 1340 paoe

148 1357 234 1429 vire,
251 1356 368 1418 contra
381 1356 584 1419 voluntatem
597 1358 747 1436 ipsorum
765 1361 798 1423 et
811 1359 941 1422 inhibi-
996 1373 1036 1419 ac
1064 1357 1175 1434 quiete
1197 1357 1374 1420 dimittant
1395 1359 1513 1419 Datum
1532 1358 1700 1431 Laterani,
1714 1360 1793 1423 Xlll

107 1492 129 1532 0
147 1455 272 1516 tionem
297 1454 392 1515 Sedis
412 1455 621 1532 apostolica,
637 1458 780 1519 vicarios
797 1457 882 1519 alios
906 1458 942 1519 in
997 1454 1129 1519 kalend.
1146 1454 1317 1528 februarii,
1338 1455 1549 1532 pontificatus
1570 1457 1677 1520 nostri
1701 1471 1792 1522 anno

146 1551 275 1612 eisdem
296 1550 448 1613 ecclesiis
467 1553 641 1615 instituere
661 1568 726 1614 non
750 1552 939 1627 formidant,
995 1552 1123 1630 quinto.

147 1647 237 1709 bona
258 1649 329 1720 illa,
353 1665 426 1728 quae
441 1650 482 1711 de
503 1650 575 1741 suis
589 1650 775 1729 percipiunt
792 1651 939 1725 vicariis,
1317 1658 1470 1746 CCXIX

148 1746 184 1807 in
203 1763 283 1808 usus
298 1747 581 1811 extraordinarios
598 1749 832 1826 expendentes.
858 1749 941 1822 Quia
1286 1794 1338 1855 Aa
1351 1795 1487 1855 eosdem

147 1859 241 1915 vero,
257 1845 343 1906 sicut
357 1847 555 1924 temporalia
575 1847 740 1919 metimus,
766 1847 813 1910 ita
827 1850 861 1910 et
872 1847 943 1924 spi·
1307 1913 1312 1924 ,
1407 1915 1423 1928 η
1490 1838 1498 1853 ’
1567 1910 1574 1919 ,

147 1941 286 2004 ritualia
320 1959 433 2005 serere
467 1959 528 2004 nos
566 1945 712 2021 oportet,
748 1944 942 2007 discretioni
1255 1913 1425 1987 ²⁰J⁸¹¹¹¹⁰f¹¹
1442 1916 1521 1975 ¹²²¹·

147 2039 268 2101 vestrae
298 2055 358 2116 per
383 2040 573 2117 Apostolica
597 2041 719 2120 scripta
747 2043 941 2104 mandamus
1227 2019 1365 2086 [⁵th
1377 2022 1395 2071 ¹·
1408 2036 1441 2081 ⁶·'
1453 2036 1481 2087 Ρ·
1490 2021 1560 2087 ³⁰⁴4

146 2137 247 2212 atque
261 2138 483 2216 pmcspimus,
492 2140 656 2216 quatenus
668 2140 774 2202 dictos
784 2140 939 2213 vicarios,
995 2128 1138 2187 Honorius
1152 2134 1229 2187 velat
1252 2127 1359 2186 ordinis
1387 2127 1555 2188 Theutonicl
1581 2138 1729 2204 flpofldld!
1754 2131 1792 2195 ld

148 2235 185 2294 ut
205 2234 242 2293 in
257 2234 407 2296 ecclesiis
430 2235 620 2299 eorumdem
644 2235 783 2299 fratrum
797 2237 941 2299 vicarios
1102 2216 1188 2273 ⁸¹¹³¹¹¹
1207 2215 1375 2290 f⁰¹¹⁸¹⁰¹¹⁰¹¹¹
1395 2218 1564 2276 ”mitum
1584 2219 1684 2294 recipi.

146 2329 235 2392 alios
261 2333 436 2394 instituere
461 2334 598 2396 minime
612 2337 824 2412 praesumant,
840 2334 941 2397 immo
1034 2333 1705 2409 Honoriusepiscopus‚servasservorum
1717 2337 1789 2411 Dei,

146 2430 379 2505 personaliter,
415 2431 451 2493 ut
484 2431 649 2504 tenentur,
684 2431 875 2495 deserviant
904 2434 941 2494 in
995 2429 1242 2492 venerabilibus
1275 2429 1434 2492 fratribus
1462 2432 1724 2510 archiepiscopis
1757 2437 1793 2498 ef

147 2525 286 2599 eisdem,
309 2528 490 2590 monitione
515 2529 700 2606 praemissa,
718 2546 778 2607 per
794 2531 941 2607 ipsorum
996 2527 1171 2605 episcopis,
1189 2527 1222 2588 et
1235 2526 1365 2589 dilectis
1381 2528 1459 2589 filiis
1471 2529 1656 2602 abhatibus,
1668 2532 1792 2608 priori·

146 2623 386 2686 beneficiorum
419 2625 688 2699 subtractionem,
718 2628 942 2705 appellatione
995 2624 1068 2697 bus,
1104 2624 1258 2698 decanis,
1291 2625 1554 2698 archidiaconis,
1589 2630 1788 2706 prepositis,

148 2723 291 2794 remota,
304 2724 442 2798 cogatis.
465 2725 584 2786 Datum
606 2726 772 2794 Laterani,
795 2728 857 2788 XII
871 2725 939 2788 hal.
996 2722 1293 2801 archipresbyteris
1316 2724 1350 2785 et
1369 2723 1447 2785 aliis
1470 2724 1689 2788 ecclesiarum
1702 2741 1791 2804 prae·

147 2817 320 2893 februarii,
338 2819 550 2897 pontificatus
565 2822 670 2884 nostri
683 2837 772 2884 anno
786 2823 912 2901 quinto.
997 2819 1084 2891 latis,
1101 2819 1142 2881 ad
1158 2836 1239 2897 quos
1253 2820 1373 2882 litterae
1397 2821 1470 2884 ista
1490 2824 1716 2899 pervenerint,
1731 2839 1791 2889 sa-

998 2917 1099 2980 lutem
1114 2918 1147 2979 et
1160 2918 1376 2995 apostolicam
1390 2919 1668 2984 benedictionem.

446 2999 642 3087 CCXVIII
1036 3015 1179 3077 Militum
1195 3015 1312 3077 domus
1328 3017 1509 3094 Hospitalis
1525 3020 1655 3082 sancis
1674 3020 1790 3084 Marisa

439 3133 492 3199 Aa
505 3135 652 3194 eosdem,
996 3111 1276 3174 'theutonicorum
1297 3113 1591 3192 Hierosolymitani
1615 3117 1788 3193 professio,

996 3208 1280 3369 :illiont
1293 3214 1466 3369 nnn
1482 3213 1792 3389 nachon

248 3475 255 3487 ·
376 3366 710 3490 [5ῖηψθ’1“”·’ξ’ζωι·]
997 3351 1175 3465 fossionem
1191 3351 1293 3466 semel
1305 3408 1509 3483 assumptam
1524 3423 1655 3471 crucem
1671 3411 1789 3473 Domi-

147 3476 291 3534 ¹¹⁰¹¹⁰¹¹⁰⁸
309 3482 386 3535 “²⁸¹
400 3474 532 3576 ¹7⁰¹¹J¹¹¹²⁸
550 3476 659 3579 ΜΨ
672 3477 839 3579 Τὴθΰῐθῃῑῦῑ
853 3495 939 3557 iffi·
995 3500 1106 3563 nicam
1120 3503 1155 3563 et
1168 3500 1317 3564 habitum
1331 3503 1438 3580 ipsius
1450 3504 1606 3582 abjicere,
1619 3509 1672 3570 vel
1687 3507 1790 3570 alium

305 3672 311 3685 ι
389 3579 478 3684 ”fam
494 3579 577 3638 poe¹¹⁸
592 3581 696 3639 ¹³¹¹¹¹¹³¹·
996 3597 1185 3671 locum‚seu
1199 3599 1300 3662 etiam
1315 3602 1552 3664 monasterium
1568 3606 1705 3682 majoris
1719 3607 1791 3669 sive

187 3673 939 3750 H⁰fl0ffl¹⁸091800P11b801'V118servorumDei·
996 3696 1135 3758 minoris
1156 3697 1329 3773 religionis
1352 3696 1497 3770 obtentu,
1510 3700 1625 3764 invitis
1646 3704 1718 3767 sire
1735 3705 1792 3766 in·

145 3769 408 3880 Wilffillflibffi·
428 3769 586 3880 ssflffibll?
621 3773 881 3853 archiepiscopis
908 3781 942 3840 θῒ
994 3793 1456 3869 consultisfratribusauteo,
1471 3799 1791 3876 quimagisferexti-

148 3883 316 3946 episoopls
330 3869 363 3928 et
378 3867 509 3928 dilectis
522 3867 599 3929 filus
612 3869 796 3945 abbatibus,
813 3875 939 3951 priori·
995 3889 1083 3959 terit,
1111 3890 1211 3954 liceat
1235 3893 1476 3969 transmigrare
1503 3896 1653 3974 nullique
1676 3900 1788 3962 00010.

148 3965 222 4036 bus,
252 3965 398 4038 decanis,
423 3965 668 4028 archidiaconis
685 3972 719 4030 et
741 3970 817 4031 aliis
830 3974 941 4034 eccle·
995 3985 1139 4048 sragfioae
1160 3989 1356 4051 metumve
1384 4006 1535 4067 personae
1561 3994 1653 4071 ipsos
1680 3998 1791 4059 susci.

147 4063 274 4124 siarum
298 4063 457 4139 liraelafih
480 4063 521 4124 ad
542 4080 623 4141 quos
638 4064 757 4128 lillffl'ae
776 4068 848 4131 islae
863 4087 941 4147 Per·
995 4097 1074 4160 pere
1088 4083 1188 4147 liceat
1200 4086 1391 4148 veltenore.
1412 4089 1493 4149 cum
1508 4090 1596 4151 euim
1611 4091 1653 4152 ad
1672 4092 1790 4156 defen·-

146 4160 310 4233 V01¹0Pi¹¹l2
336 4160 488 4270 θθᾎξῑῑθῐΰ»
512 4162 576 4223 θῑῦ·
994 4180 1136 4243 dandam
1145 4183 1340 4246 orientalem
1353 4184 1529 4247 ecclesiam
1538 4190 1572 4249 et
1583 4205 1788 4265 paganorum

187 4257 306 4320 Dilecli
341 4257 420 4328 filu,
452 4258 572 4321 frfllrffl
606 4259 723 4325 domim
758 4265 939 4343 hospitali,
994 4278 1157 4340 sevitiam
1176 4281 1420 4356 reprimendam
1433 4284 1561 4347 relictis
1576 4288 1704 4365 pompis
1718 4306 1788 4352 sae-

136 4357 277 4425 ,sanese
303 4356 420 4417 uarie
443 4355 721 4422 Theutonicorum
741 4363 938 4443 Hierosoly·
992 4375 1163 4438 calarinus
1190 4377 1250 4440 noi
1276 4378 1344 4442 sint
1368 4381 1505 4445 servitio
1533 4378 1730 4462 mancipati,
1758 4389 1787 4450 si

145 4453 476 4524 mitani‚transmissa
487 4454 582 4517 nobis
592 4455 817 4523 insinuatione
825 4478 940 4525 mons-
992 4473 1188 4535 transeundi
1197 4475 1239 4536 ad
1251 4476 1318 4538 aua
1328 4477 1402 4539 loca
1412 4479 1447 4541 et
1460 4484 1626 4558 sumptum
1638 4483 1787 4548 pappum

143 4550 296 4622 manunt,
326 4551 413 4627 quod
441 4553 669 4616 archidiaconi
694 4557 728 4619 et
754 4557 873 4621 decani
904 4563 939 4624 in
993 4570 1203 4649 relinquendi
1226 4572 1363 4639 daretur
1381 4577 1431 4639 eis
1458 4577 1605 4652 licentia,
1631 4598 1787 4659 magnum

143 4648 266 4709 vestris
280 4647 430 4724 partibus
445 4651 626 4723 constituti,
636 4655 702 4714 tam
717 4669 778 4730 per
791 4671 827 4717 se
840 4672 938 4734 quam
993 4669 1152 4732 Ecclesiae
1167 4672 1227 4732 Dei
1247 4675 1359 4748 posset
1376 4674 1497 4736 exindo
1511 4677 1705 4754 contingere
1722 4680 1786 4742 (ιθ.

144 4760 206 4822 per
232 4743 392 4806 officiales
416 4761 495 4808 suos
525 4748 676 4811 homines
704 4752 938 4828 praedictorum
992 4767 1195 4837 trimentum,
1208 4769 1348 4846 ideoque
1362 4771 1572 4834 universitati
1590 4777 1711 4838 vestrae
1727 4793 1789 4855 per

143 4839 284 4901 fratrum
313 4854 372 4917 pro
401 4841 593 4904 excessibus
613 4845 684 4906 suis
710 4846 752 4909 ad
773 4848 938 4925 judicium
992 4864 1183 4939 &postoima
1197 4867 1320 4943 compta
1334 4867 1543 4942 mandamus,
1556 4872 1788 4951 atqmpraeci.

143 4937 408 5046 ecclesiasticum
422 4939 627 5016 pertrahunt,
645 4943 681 5004 ut
701 4957 817 5006 eorum
830 4949 939 5025 potius
993 4960 1113 5036 prmus,
1132 4963 1306 5039 quatenus,
1323 4964 1364 5036 st,
1384 4964 1459 5042 qun
1478 4981 1521 5027 01
1535 4967 1617 5045 ipsis
1632 4969 1667 5032 in
1681 4988 1787 5050 paro.

142 5048 317 5111 peonnam
330 5034 458 5108 tonant,
484 5053 582 5115 quam
602 5042 638 5101 ut
653 5040 786 5116 dignam
803 5045 852 5105 eis
866 5062 940 5124 ρω-
993 5056 1079 5119 chus
1097 5060 1220 5120 vestris
1242 5061 1295 5123 vel
1314 5061 1397 5123 lons
1420 5062 1516 5125 vous
1543 5068 1729 5132 commissis
1752 5072 1784 5132 m

142 5131 318 5195 nitentiam
340 5147 400 5209 pro
424 5135 568 5211 peccatis
587 5136 773 5214 injungant,
795 5156 870 5202 cum
882 5143 938 5207 in·
992 5155 1158 5217 attentare
1183 5159 1442 5236 presumpserit,
1465 5162 1533 5224 tam
1554 5163 1664 5241 ipsum
1683 5183 1786 5245 qnam

142 5229 280 5308 dignum
293 5230 348 5302 sit,
375 5232 412 5293 ut
431 5231 581 5308 predicti
596 5233 727 5308 batres,
745 5238 802 5315 qui
816 5238 859 5300 ad
874 5240 937 5303 de·
993 5251 1050 5328 qni
1064 5266 1140 5312 enm
1152 5267 1239 5314 ausu
1249 5254 1428 5320 temerario
1440 5260 1586 5323 retinere
1595 5263 1784 5338 tentaverit,

142 5328 327 5391 tensionem
351 5327 525 5391 orientalis
548 5331 698 5394 ecclesie
717 5333 790 5411 pias
805 5333 847 5397 ab
861 5337 939 5400 aliis
992 5347 1082 5408 omni
1095 5349 1271 5413 occasione
1283 5355 1786 5427 remota,excommuuicationis

142 5426 372 5502 eleemosynas
394 5427 557 5503 querunt,
577 5427 787 5506 dispendium
802 5433 937 5513 aliquod
991 5443 1126 5508 mnculo
1135 5446 1313 5510 innodetis.
1325 5451 1444 5514 Datum
1454 5455 1706 5529 Laterani‚if111
1714 5459 1784 5523 kal.

142 5521 196 5584 vel
220 5536 402 5595 gravamen
427 5523 461 5583 in
487 5522 597 5598 rebus,
614 5540 687 5603 que
702 5528 743 5589 ad
764 5543 821 5593 eos
835 5533 939 5608 perti·
992 5540 1164 5617 februarii,
1182 5547 1393 5621 pontificatus
1409 5551 1513 5612 nostri
1528 5567 1616 5616 anno
1631 5557 1756 5633 quinto.
