3774 6186
204 320 251 368 xv
545 308 600 367 blt
620 307 768 368 TERTIO
791 308 967 369 HONORII
989 309 1034 367 111
1057 309 1359 372 PONTIFICATUS
1380 311 1508 373 ANNO.
1790 320 1847 368 nt

152 480 154 485 ·
206 465 288 538 cujus
305 472 372 522 sunt
391 464 522 523 manibus
543 464 628 522 corda
650 480 762 538 regum,
780 474 808 523 et
826 466 997 538 vigesimam
1088 467 1122 523 Hi
1138 481 1253 524 omnem
1272 468 1390 536 cultum,
1406 482 1492 525 omno
1512 465 1715 532 sacerdotium,
1726 477 1848 520 omnem

206 553 337 626 Philippo
346 556 497 623 concessit,
507 569 564 611 non
575 553 707 611 obstante
719 555 834 627 proprio
843 553 996 622 desiderio,
1052 555 1159 612 elerum
1171 556 1390 628 impugnabant,
1400 556 1505 628 templa
1516 562 1544 611 et
1556 554 1654 612 altaria
1667 551 1845 621 evertebant

206 656 257 714 per
272 642 325 700 has
338 643 483 711 collectas,
496 644 589 701 Terre
607 644 718 700 Sanctae
732 642 929 701 subveniendi.
943 642 999 701 Sed
1052 658 1152 701 cruces
1165 652 1194 701 et
1209 646 1352 717 imagines
1371 645 1400 700 in
1421 644 1566 718 pulverem
1585 642 1771 710 reducentes,
1786 655 1845 698 mo·

207 729 254 788 hic
265 745 389 804 quoquc,
398 730 426 787 id
435 739 478 788 est
489 732 517 788 in
533 731 633 800 Gallia,
643 746 730 788 eausa
742 730 838 788 divina
848 730 997 805 agebatur.
1053 733 1176 789 nasteria
1193 740 1221 790 et
1235 740 1394 790 conventus
1408 733 1532 789 llammis
1548 729 1652 800 dando,
1664 729 1764 786 amnia
1774 729 1846 801 jura,

242 820 295 877 llic
309 820 408 876 tertius
426 834 519 877 annus
538 821 655 877 lionorii
668 822 718 889 ΙΙΙ,
739 819 778 876 nil
794 818 872 876 aliud
886 818 999 893 insigne
1053 835 1169 877 onmem
1182 822 1379 879 auctoritatem
1389 820 1535 893 despectui
1548 817 1690 876 habendo.
1701 817 1846 876 Interdum

206 908 307 966 attulit.
320 909 408 965 Totus
422 905 475 967 luit
488 907 619 967 Pontifex
633 910 665 966 in
677 909 774 969 musis
781 906 954 983 jndlcaadls,
969 908 998 967 la
1053 906 1168 967 ualuas
1179 910 1249 969 cleri
1263 908 1310 969 rol
1323 908 1510 969 ecclesiaram
1523 908 1552 966 vi
1566 906 1749 980 diripiebant,
1767 906 1846 963 inter

206 995 435 1071 possessionibus
460 996 680 1065 conlirmandis,
705 997 735 1054 in
760 996 887 1055 moribus
909 997 997 1054 corri-
1052 997 1121 1055 dum
1136 997 1273 1055 advitam
1287 999 1480 1070 hpostulieam
1498 1011 1600 1053 omnes
1613 994 1844 1052 exhortabantur.

206 1083 320 1159 gendis‚
337 1086 365 1142 in
380 1099 452 1157 pace
474 1083 607 1153 fovenda,
625 1093 654 1143 et
672 1085 735 1142 aliis
753 1085 904 1154 similibus,
923 1092 953 1142 et
971 1086 1000 1142 in
1054 1086 1189 1143 Ecclesiae
1208 1085 1365 1144 dominium
1381 1086 1587 1158 qualecumque
1603 1084 1766 1156 legitimum
1788 1097 1846 1140 esse

205 1172 301 1243 rebus,
318 1181 366 1231 aut
380 1173 588 1245 iucoeptisanni
602 1173 767 1246 superiorls,
783 1173 818 1231 ad
833 1173 920 1232 linem
933 1189 998 1247 par-
1055 1174 1211 1247 negabant,
1234 1190 1290 1246 quo
1310 1174 1394 1231 hebal
1414 1182 1445 1231 ut
1466 1175 1561 1247 plures
1580 1172 1690 1229 nobiles
1714 1171 1781 1239 viri,
1800 1186 1845 1230 seu

205 1261 354 1321 ducendis.
1054 1262 1217 1335 cupiditate,
1231 1278 1283 1320 seu
1294 1263 1449 1320 ambitione
1466 1261 1553 1330 ducti,
1568 1260 1778 1318 alliciebantur.
1794 1262 1846 1318 liet

242 1353 284 1409 De
302 1351 466 1409 lllontlortio
487 1351 592 1408 diversi
616 1350 729 1407 diversa
752 1352 838 1409 locuti
861 1359 937 1409 sunt.
959 1353 1001 1409 Dc
1053 1352 1113 1424 jam
1129 1351 1246 1408 haeresis
1261 1351 1458 1408 soladoetrinu
1471 1349 1593 1418 luit,sod
1609 1348 1693 1406 lactio
1709 1348 1846 1407 etseditio

206 1438 409 1512 hlbigensibus
424 1446 518 1496 autem
534 1447 630 1496 eontra
647 1454 719 1511 quos
737 1439 795 1509 ille,
812 1440 928 1497 nomine
944 1442 999 1497 Ec·
1055 1439 1243 1512 quorumdam
1255 1439 1390 1496 nobilium
1403 1437 1668 1497 armatorumh'ihil
1678 1437 1783 1510 opisin
1795 1452 1844 1510 per

207 1528 312 1597 clesie,
326 1535 417 1584 semet
429 1527 526 1600 gladio
540 1527 672 1596 accinxit,
687 1528 818 1600 quadam
833 1536 917 1586 erunt
928 1528 999 1585 alle·
1055 1529 1189 1585 suasione
1203 1526 1362 1597 videbatur,
1374 1535 1403 1584 et
1418 1529 1445 1583 in
1461 1526 1523 1584 dies
1537 1527 1629 1583 civilis
1643 1525 1714 1583 ordo
1727 1527 1757 1582 in
1772 1525 1845 1598 pejus

208 1614 307 1684 aenda,
320 1629 338 1672 e
352 1614 455 1686 quibus
467 1615 592 1687 pericula
604 1622 665 1672 tum
677 1615 852 1686 christiane,
862 1623 922 1673 tum
932 1617 1000 1673 c'iai·
1054 1612 1843 1688 ruebat,nlslobstaretPontillcumn'gllautiuindelessa.

207 1704 243 1760 lis
264 1704 420 1772 sacietatis,
440 1716 527 1775 quum
547 1705 636 1761 tuitus
658 1711 712 1771 est,
736 1704 926 1776 pulcherrime
947 1704 999 1762 de·

207 1796 411 1849 monstrantur.
426 1792 546 1849 Shenus
567 1792 656 1849 armis
672 1793 763 1849 extitit
777 1792 892 1864 quidem
907 1794 1000 1851 hlont·

208 1878 317 1949 lartius,
331 1880 384 1938 sed
403 1894 462 1937 noo
479 1880 551 1937 solis
571 1882 659 1937 armis
673 1880 873 1938 hereticorum
889 1881 1002 1939 illorum

207 1968 357 2027 audaciam
373 1976 521 2027 conterere
535 1970 598 2042 ipsa
613 1970 741 2027 Ecclesia
756 1984 897 2043 aggressa
911 1978 964 2028 est

132 2124 137 2131 ¹
242 2057 359 2116 Certum
380 2064 426 2115 est
445 2057 501 2115 hoc
521 2065 650 2131 tempore
674 2073 776 2116 omnes
798 2067 892 2117 sectas
908 2059 1001 2117 ldanl·

208 2144 355 2204 ebreorum
378 2147 559 2205 consociatas
581 2146 670 2204 selme
691 2146 746 2205 suh
766 2161 824 2205 una
844 2148 1004 2221 eademque

206 2233 405 2307 Albigsusium
424 2234 624 2308 appellatione,
641 2234 740 2308 sieque
753 2248 771 2293 a
784 2235 901 2294 civitate
920 2236 1000 2297 Abt-

207 2323 291 2397 gensi
304 2331 492 2396 nuncupatus,
508 2323 560 2381 sed
575 2338 633 2381 noa
648 2325 676 2381 ia
691 2337 749 2381 una
764 2331 873 2382 tantum
887 2326 1004 2383 civitate

209 2411 358 2485 degentes.
374 2412 434 2470 Illis
450 2414 538 2469 etiam
558 2411 728 2480 valdenses,
744 2427 762 2469 e
783 2412 924 2485 Lugduno
937 2414 1001 2482 orti,

210 2498 402 2556 adheserunt.
435 2498 480 2556 hb
506 2500 634 2573 utrisque
660 2514 718 2556 uon
746 2498 947 2572 discrepabant
974 2502 1003 2558 ln

210 2587 292 2644 ltalia
309 2585 444 2643 Patarinl.
458 2587 516 2659 ipsi
531 2600 562 2643 se
574 2586 724 2655 catharos,
739 2587 826 2644 idest
840 2602 1001 2661 parasse·

209 2673 322 2731 cabant.
337 2674 449 2731 Nomen
463 2688 578 2746 quoque
590 2675 644 2732 luit
654 2682 703 2732 aut
711 2675 943 2749 furlupinorum,
955 2684 1004 2735 arat

210 2764 409 2836 Balgarorum.

246 2853 279 2908 ln
294 2849 421 2909 secundo
430 2850 552 2909 concillo
562 2854 758 2923 lateranensi,
772 2854 847 2927 quod
859 2854 1004 2913 decimum

211 2938 420 2996 oecumeuteum
440 2936 620 3011 dignoscitur
636 2956 711 3010 esse,
729 2942 785 2998 illae
805 2941 1003 3000 haereticorum

211 3034 298 3085 sectae
316 3025 460 3084 damnatas
479 3034 554 3085 sunt.
576 3028 723 3088 Adversus
741 3029 858 3087 easdem
878 3033 1001 3089 Alexan·

210 3113 263 3173 der
275 3116 317 3174 ΙΙΙ
333 3114 523 3189 congregavit
537 3118 652 3175 tertium
666 3120 870 3189 lateranense,
884 3120 1002 3178 undeci-

123 3216 126 3223 ·
211 3219 290 3262 mum
301 3206 938 3279 oeeumeuieum.Pariterquesublnaoeeatio
952 3213 1003 3278 ΙΙΙ,

211 3307 362 3365 perversas
374 3293 541 3349 corumdem
564 3294 709 3351 doctrinas
725 3296 890 3368 profligavit
908 3298 1004 3353 conci·

210 3382 280 3439 lium
295 3383 488 3439 lateranense
507 3389 649 3453 quartum,
662 3381 862 3441 duodecimam
876 3399 1002 3442 oecumc·

210 3470 318 3526 nlcum.
337 3470 420 3530 llnde
439 3471 545 3528 erroris
559 3471 718 3543 ,pertinacia
736 3479 766 3529 et
785 3472 1002 3545 pervicaciori·

208 3556 304 3616 detur.

1089 1703 1231 1776 Quidquid
1243 1705 1281 1761 slt
1290 1704 1326 1761 ds
1339 1702 1513 1772 lloutlortlo,
1523 1702 1560 1761 de
1571 1703 1673 1774 ipsius,
1687 1710 1738 1760 aut
1753 1702 1792 1759 da
1805 1716 1844 1760 rs·

1055 1792 1169 1864 clproca
1185 1792 1375 1864 pugnantium
1391 1791 1459 1848 hlnc
1471 1790 1713 1848 indeerudelltute
1728 1798 1780 1849 aut
1792 1789 1848 1848 leri

1056 1887 1124 1948 tate,
1135 1894 1222 1937 eausa
1235 1877 1421 1937 humanitatis
1432 1880 1644 1952 agebaturoum
1655 1890 1745 1939 causa
1757 1880 1848 1937 liceis

1056 1968 1290 2130 tlaffigtecffirildm
1314 2055 1385 2114 lidos
1405 2056 1488 2114 lactis
1510 2057 1699 2129 congrueh'sh
1725 2056 1799 2126 Qu·
1817 2058 1848 2114 'la

1052 2142 1197 2203 'duallsmo
1211 2142 1391 2202 fundebatur.
1405 2146 1479 2202 llam
1493 2145 1570 2202 Deus
1584 2145 1782 2215 tenebrarum,
1799 2147 1849 2203 ale

1057 2233 1136 2304 bant,
1157 2232 1235 2292 huac
1253 2231 1391 2292 mundum
1414 2228 1489 2290 lecit.
1506 2231 1562 2290 Sed
1583 2235 1660 2290 Deus
1679 2233 1753 2292 lueis
1775 2235 1852 2292 misit

1057 2337 1141 2381 suum
1161 2322 1298 2395 angelum
1320 2325 1417 2380 lesum
1440 2323 1488 2394 qui
1507 2326 1646 2395 segregat
1664 2321 1797 2378 homines
1816 2322 1853 2379 alt

1058 2409 1231 2479 homiuibus,
1247 2416 1275 2466 et
1296 2408 1359 2468 haec
1374 2417 1420 2467 est
1433 2409 1601 2482 redemptio.
1619 2411 1698 2480 Quos
1715 2408 1853 2468 homiues

1055 2498 1125 2556 lecit
1138 2500 1214 2555 Ilsus
1231 2497 1413 2556 tenebrarum
1433 2499 1563 2572 Angelus
1579 2501 1663 2557 lesus
1680 2512 1741 2556 non
1760 2504 1848 2556 curat.

1058 2587 1137 2655 hilis,
1157 2587 1207 2659 qai
1227 2593 1294 2644 sunt
1319 2587 1421 2660 hageli
1445 2587 1590 2659 quondam
1610 2587 1693 2660 lapsi,
1719 2592 1848 2645 naturam

1058 2676 1206 2748 pristinum
1218 2674 1370 2744 indicat,et
1378 2676 1432 2734 hoc
1439 2677 1493 2734 orit
1502 2677 1656 2734 sufficiens.
1666 2677 1851 2734 Sacramenta

1058 2764 1128 2821 nihil
1144 2772 1220 2821 suat.
1243 2765 1372 2822 Ecclesia
1386 2764 1458 2822 nihil
1472 2772 1525 2822 est.
1543 2766 1700 2835 Trinitatis,
1716 2768 1851 2823 laceras·

1057 2854 1144 2910 tionis
1156 2860 1186 2910 et
1200 2853 1415 2926 lledemptlonis
1425 2853 1562 2927 dogmata
1576 2854 1647 2911 nihil
1659 2861 1738 2912 suat.
1750 2854 1851 2912 Omnia

1059 2942 1133 3000 mala
1150 2943 1351 3015 permittuntur
1367 2944 1473 3014 eisqui
1491 2957 1544 3015 per
1558 2943 1773 3016 impositionem
1789 2956 1851 2999 urs·

1057 3046 1146 3089 nuum
1162 3038 1230 3088 sunt
1241 3026 1480 3089 cossolameotunr
1497 3033 1651 3104 accepturi.
1666 3033 1731 3090 lloc
1742 3038 1851 3091 ochsn·

1057 3122 1215 3179 lamentum
1225 3128 1318 3178 suerat
1332 3119 1465 3177 homines
1480 3120 1582 3193 prioris
1595 3119 1716 3178 ordinis.

1093 3211 1195 3281 sieque
1209 3208 1370 3282 symbolum
1390 3210 1484 3282 ipsum
1503 3224 1521 3267 e
1545 3209 1641 3267 medlo
1658 3208 1814 3267 tollebatur
1825 3215 1852 3266 et

1058 3297 1158 3370 regala
1172 3312 1284 3355 moram
1299 3297 1499 3355 evanescebat.
1516 3300 1561 3368 Et,
1580 3305 1612 3356 ut
1625 3312 1684 3355 aaa
1704 3297 1796 3356 verbo
1809 3296 1850 3355 di·

1058 3400 1169 3455 camus,
1181 3400 1273 3444 novus
1285 3386 1401 3459 quidam
1415 3388 1603 3461 paganismus
1617 3388 1736 3446 exitium
1748 3384 1853 3446 Christi

1059 3474 1207 3546 religionis
1221 3474 1399 3548 moliebatur,
1418 3491 1476 3535 non
1495 3478 1590 3536 minus
1610 3490 1698 3551 quam
1718 3475 1853 3536 hemum

1059 3562 1203 3622 societatis
1215 3565 1366 3624 universo.
