3774 6186
538 318 767 381 EPISTOLAE·
790 320 868 380 LlB.
892 320 949 379 111.

97 481 179 544 lbata
204 481 431 559 permaneant.
453 481 489 541 ln
510 479 630 558 quibus
645 479 717 542 llaec

98 579 253 642 duximus
284 577 499 655 exprimenda
529 577 714 648 vocabulis,

97 693 156 737 uun
169 677 203 737 in
219 691 284 753 quo
298 675 470 752 prefatum
481 676 717 736 monasterium

97 791 188 846 ,curn
204 773 357 835 omnibns
372 773 582 850 pertinentiis
596 774 666 834 suis
679 789 719 834 ac

97 872 242 943 aminis,
278 871 562 947 possessionibus,
597 871 716 948 pratis,

97 971 167 1040 rris,
189 969 392 1040 nemoribus,
411 969 572 1044 usuagiis,
593 971 627 1030 et
641 985 720 1044 pas-

97 1067 323 1143 Ι1111111110,
342 1067 374 1126 in
390 1067 486 1143 aquis
502 1068 536 1128 et
551 1066 718 1127 molendi-

97 1167 119 1225 s
131 1166 164 1226 et
174 1165 300 1225 semitis
316 1165 349 1226 et
360 1164 514 1225 omnibus
525 1165 602 1225 aliis
617 1164 720 1225 liber-

108 1262 373 1324 immuuitatibus
387 1263 468 1322 suis.

97 1359 227 1421 eborum
251 1361 437 1421 vestrorum
466 1375 547 1437 qnos
576 1360 720 1436 propriis

102 1459 160 1519 aut
183 1457 367 1534 sumptibus
382 1457 502 1528 colitis,
523 1456 563 1517 de
587 1472 720 1533 posses-

103 1554 226 1615 babitis
250 1557 328 1616 ante
354 1555 538 1616 Concilium
563 1555 719 1629 generale

97 1652 176 1712 >ruis
196 1655 229 1712 et
250 1651 404 1727 virgultis
428 1652 461 1712 et
481 1651 719 1729 piscationibus

97 1749 115 1808 el
135 1749 175 1809 de
195 1749 405 1811 nutrimentis
424 1749 617 1810 animalium
643 1765 720 1810 res-

97 1847 270 1908 autetiam
296 1846 336 1907 de
362 1845 538 1907 novalibus
562 1847 674 1907 nullus
700 1861 719 1907 a

97 1944 179 2004 imas
194 1944 331 2020 exigere
346 1944 397 2004 vel
414 1944 611 2020 extorquere
627 1960 718 2021 prae·

97 2154 200 2215 noque
215 2138 309 2199 robis
325 2139 465 2200 clericos
481 2139 533 2200 vel
550 2139 653 2200 laicos
673 2138 719 2199 li-

105 2236 274 2297 absolutos
298 2253 316 2297 e
343 2237 464 2298 saeculo
489 2237 653 2314 fugientes
679 2237 719 2298 ad

97 2349 178 2394 nem
200 2333 348 2409 recipere
364 2335 396 2394 et
413 2349 470 2394 eos
490 2333 613 2411 absque
635 2350 719 2395 con-

97 2446 123 2491 te
149 2431 305 2491 retinere.
336 2430 556 2492 Probibemus
585 2431 722 2508 insuper

97 2530 216 2589 ratrum
231 2529 427 2600 vestrorum,
451 2531 525 2604 post
545 2527 666 2590 factam
685 2529 720 2589 in

97 2625 129 2687 io
142 2626 252 2686 vestro
266 2625 515 2702 professionem,
528 2625 578 2687 fas
594 2627 637 2688 sit
649 2627 721 2687 siue

97 2722 126 2784 ui
151 2723 296 2794 licentia,
318 2723 359 2784 de
378 2723 492 2785 eodem
514 2724 588 2787 loco
607 2725 719 2786 disce-

97 2821 268 2882 cedentem
294 2837 374 2882 vero
401 2821 525 2898 absque
554 2823 720 2883 communi

97 2919 721 2982 nuestrarnmcautiouenullusaudeut

109 3016 244 3088 Quodsi
266 3017 340 3092 quis
362 3017 507 3078 retinere
530 3017 614 3078 forte
629 3034 720 3094 prae-

97 3114 117 3185 t,
137 3112 265 3174 licitum
279 3113 372 3174 vobis
388 3114 480 3176 sitin
496 3115 586 3191 ipsos
605 3130 723 3176 mona-

107 3226 286 3272 conrersos
309 3211 498 3286 regularem
523 3213 721 3273 sententiam

97 3324 151 3380 re,
168 3307 249 3368 illud
265 3308 448 3370 districtius
462 3309 662 3382 inhibentes,
679 3325 721 3371 ne

97 3421 118 3465 u
146 3405 315 3482 quodlibet
341 3405 538 3468 beneficium
570 3408 721 3469 ecclesiae

97 3502 225 3564 >ilatum
252 3503 352 3564 liceat
374 3503 476 3564 alicui
502 3505 722 3581 personaliter

104 3600 173 3661 alio
184 3600 281 3660 modo
295 3600 492 3674 abalienari,
504 3601 629 3679 absque
641 3619 722 3664 con-

96 3698 146 3759 ius
161 3698 299 3773 capituli
311 3698 364 3758 111
377 3700 514 3776 majoris
524 3715 567 3760 an
578 3700 721 3762 sanioris

97 3795 180 3869 iius3
202 3795 319 3871 siquae
343 3811 423 3857 vero
449 3797 645 3858 donationes
668 3799 721 3858 111

97 3906 160 3963 res,
177 3892 277 3953 aliter
291 3909 389 3970 quam
403 3893 526 3955 dictum
542 3896 603 3967 est,
626 3894 722 3957 factae

97 4005 137 4051 as
153 3989 266 4050 irritas
288 4006 363 4052 esse
380 4006 564 4053 censemus.
586 3993 634 4054 nd
651 3992 723 4054 baec

97 4085 287 4158 obibemus,
324 4103 365 4148 ne
392 4088 513 4165 aliquis
539 4089 722 4150 monachus

98 4199 195 4245 ersus
217 4183 277 4244 sub
298 4185 508 4261 possessione
528 4186 724 4249 111111110-

97 4281 192 4343 110111
207 4282 280 4341 siue
295 4285 500 4345 consensuet
509 4283 643 4346 licentia
658 4284 721 4346 ab·

97 4378 232 4455 majoris
257 4380 361 4455 partis
384 4381 486 4442 vestri
506 4382 644 4459 capituli
663 4398 723 4459 pro

97 4491 119 4536 e
129 4475 257 4553 jubeat,
279 4479 338 4538 aut
355 4476 397 4538 ab
416 4478 528 4555 aliquo
548 4479 723 4556 pecuniam

97 4573 209 4649 cipiat,
221 4574 307 4636 ultra
320 4575 462 4650 pretium
475 4576 611 4653 capituli
620 4578 723 4638 vestri

97 4669 137 4732 tia
153 4671 376 4742 coustitutum,
386 4672 452 4732 nisi
466 4675 601 4749 propter
615 4674 724 4736 mani-

97 4785 189 4830 01111
217 4772 336 4830 rostrae
361 4770 556 4843 utilitatem
578 4773 665 4848 quod
694 4773 723 4833 si

97 4868 152 4928 rte
180 4868 447 4943 praesumpserit,
475 4884 542 4929 non
572 4870 724 4931 teneatur

97 4979 112 5023 s
135 4979 195 5039 pro
217 4963 270 5024 liis
285 4963 497 5041 aliquatenus
512 4967 722 5042 respondere.

97 5063 256 5138 praeterea
276 5061 320 5124 sit
341 5061 435 5122 vobis
456 5062 492 5122 in
511 5063 621 5124 causis
641 5080 722 5141 pro-

97 5158 260 5219 »civilem
288 5157 358 5219 sive
382 5159 590 5221 criminalem
611 5162 722 5223 conti-

97 5255 272 5327 estiouem,
295 5255 435 5317 fratrum
455 5259 642 5318 vestrorum
654 5260 724 5321 tes-

111 5353 172 5421 uti‚
198 5368 239 5413 ne
267 5369 326 5429 pro
353 5353 482 5416 defectu
507 5355 641 5416 testium
665 5359 723 5433 jus

97 5450 126 5510 in
139 5449 251 5526 aliquo
267 5450 376 5512 valeat
390 5451 554 5528 deperire.

97 5548 316 5610 rauctoritate
330 5549 519 5625 Apostolica
535 5548 723 5611 iuhibemus

99 5645 276 5721 episcopus
299 5647 350 5706 rel
372 5646 438 5707 alia
460 5646 615 5724 quaelibet
641 5662 721 5724 per-

1510 321 1569 381 1ae

772 495 853 539 sona
882 478 923 539 ad
947 477 1093 555 synodos
1124 478 1177 539 vel
1208 480 1391 541 contentus
1418 479 1567 540 forenses

773 592 831 638 vos
850 575 910 647 ire,
932 575 985 637 vel
1001 576 1128 652 judicio
1146 577 1300 637 saeculari
1316 576 1569 654 (1111111110-

774 674 846 750 pria
869 674 1054 736 substantia
1079 673 1131 734 111
1156 674 1424 749 possessionibus
1447 676 1567 736 vestris

773 771 946 848 subjacere
965 771 1152 848 compellat,
1169 787 1231 832 nec
1246 771 1287 832 ad
1303 771 1417 833 domos
1440 774 1570 834 vestras

773 885 873 930 causa
894 868 1019 931 ordinis
1035 869 1236 940 celebrandi,
1254 886 1373 930 causas
1390 870 1568 943 tractandi,

773 968 824 1027 rel
846 968 1027 1029 conventus
1044 967 1174 1044 aliquos
1199 967 1348 1044 publicos
1364 969 1569 1029 convocandi

773 1065 889 1126 venire
917 1068 1110 1142 praesumat,
1136 1081 1198 1126 nec
1227 1065 1414 1140 regularem
1439 1065 1569 1128 abbatis

774 1162 876 1224 vestri
901 1163 1097 1223 electionem
1125 1162 1294 1239 impediat,
1323 1164 1379 1223 aut
1405 1163 1446 1223 de
1471 1163 1571 1223 insli-

774 1259 896 1322 tuendo
911 1260 964 1321 rel
979 1260 1180 1321 removendo
1199 1275 1249 1331 eo,
1272 1260 1327 1336 qui
1348 1276 1407 1336 pro
1422 1261 1571 1337 tempore

774 1358 875 1419 fuerit
888 1360 1005 1419 contra
1019 1358 1141 1419 statuta
1152 1358 1382 1419 cisterciensis
1395 1358 1524 1419 ordinis
1539 1358 1569 1418 si

774 1456 985 1533 aliquatenus
1004 1455 1212 1517 intromittat.
1237 1454 1271 1515 Si
1286 1470 1366 1516 vero
1381 1455 1568 1531 episcopus,

774 1554 810 1614 in
824 1557 920 1630 cujus
933 1553 1091 1629 parochia
1105 1553 1221 1613 domus
1234 1554 1346 1614 restra
1360 1552 1497 1614 fundata
1507 1556 1568 1623 est,

775 1668 849 1712 cum
865 1651 1052 1712 humilitate
1067 1665 1106 1711 ac
1123 1644 1298 1711 devotione
1314 1667 1386 1727 quae
1403 1651 1569 1718 convenit,

775 1748 965 1824 requisitus,
980 1747 1195 1809 substitutum
1207 1747 1359 1808 abbatem
1374 1748 1571 1809 benedicere

775 1848 807 1908 et
817 1846 883 1907 alia
895 1861 967 1923 qnae
978 1845 1020 1906 ad
1033 1845 1179 1906 officium
1191 1845 1380 1922 episcopale
1389 1846 1568 1922 pertinent,

774 1944 868 2005 vobis
887 1943 1039 2005 conferre
1060 1945 1225 2014 renueret,
1252 1943 1379 2004 licitum
1400 1943 1445 2005 sit
1461 1942 1571 2004 eidem

775 2040 896 2113 abbati,
920 2041 949 2101 si
972 2042 1083 2101 tamen
1105 2041 1260 2102 sacerdos
1284 2040 1395 2112 fuerit,
1416 2041 1570 2118 proprios

775 2138 919 2201 novitios
933 2137 1131 2199 benedicere
1148 2141 1181 2200 et
1195 2139 1263 2199 alia
1279 2155 1351 2215 quae
1366 2137 1407 2200 ad
1423 2139 1570 2200 officium

776 2252 871 2296 suum
894 2235 1071 2312 pertinent,
1099 2250 1255 2295 coercere
1279 2236 1312 2296 et
1336 2234 1432 2296 vobis
1458 2236 1571 2296 omnia

776 2333 817 2395 ab
840 2333 909 2394 alio
931 2332 1087 2409 episcopo
1109 2331 1290 2408 percipere,
1319 2348 1392 2408 quae
1417 2347 1436 2392 a
1461 2333 1573 2394 vestro

775 2430 899 2491 fuerint
914 2429 1061 2491 indebita
1076 2430 1250 2504 denegata.
1265 2429 1349 2490 illud
1361 2427 1569 2505 adjicientes,

776 2529 812 2589 ut
829 2528 865 2587 in
889 2526 1090 2604 recipiendis
1109 2525 1372 2603 professionibus
1389 2525 1573 2603 11111111-

775 2625 916 2687 nedictis
928 2626 962 2686 et
975 2624 1210 2686 benedicendis
1220 2622 1394 2685 abbatibus
1409 2623 1574 2685 exbiben-

775 2726 840 2795 tur,
854 2738 894 2785 ea
904 2722 1005 2783 fuerit
1016 2722 1162 2799 episcopi
1175 2720 1291 2793 forma,
1304 2737 1344 2783 ea
1357 2723 1572 2798 expressione

776 2823 940 2893 contenta,
960 2837 1033 2898 quae
1055 2819 1096 2881 ab
1121 2819 1251 2895 origine
1270 2819 1398 2880 ordinis
1422 2820 1573 2881 noscitur

775 2919 938 2991 instituta,
955 2919 991 2979 11
1005 2918 1132 2980 scilicet
1149 2917 1285 2978 abbates
1306 2917 1383 2994 ipsi,
1397 2918 1490 2979 salvo
1509 2933 1571 2978 or-

776 3017 852 3077 dine
867 3032 927 3077 suo
942 3015 1091 3093 profiteri
1106 3013 1257 3087 debeant,
1273 3016 1306 3076 et
1320 3017 1436 3076 contra
1449 3016 1573 3077 statuta

776 3112 903 3174 ordinis
938 3111 991 3172 sui
1026 3110 1152 3171 nullam
1187 3110 1425 3186 professionem
1461 3110 1573 3172 facere

776 3209 1028 3287 compellantur.
1064 3211 1129 3269 Pro
1158 3206 1465 3270 consecrationibus
1493 3223 1573 3268 vero

776 3307 933 3370 altarium
959 3307 1012 3369 111
1038 3306 1271 3377 ecclesiarum,
1303 3305 1374 3366 sive
1405 3321 1465 3382 pro
1498 3305 1572 3366 oleo

776 3406 890 3466 sancto
905 3405 939 3466 et
952 3401 1101 3481 quolibet
1120 3401 1187 3464 1110
1212 3401 1439 3464 ecclesiastico
1454 3417 1572 3463 sacra·
1610 3443 1620 3457 ,

776 3504 887 3565 mento
902 3500 1013 3563 nullus
1028 3517 1048 3562 a
1062 3500 1157 3562 vobis
1169 3498 1230 3561 sub
1246 3499 1380 3562 obtentu
1393 3501 1573 3561 consuetu-

775 3600 875 3672 dinis,
890 3599 944 3661 111
959 3599 1026 3660 1110
1041 3597 1189 3675 quolibet
1202 3598 1299 3659 modo
1312 3596 1492 3674 quidquam
1507 3612 1572 3658 11-
1655 3600 1661 3613 “

776 3697 852 3759 deat
861 3699 1075 3774 extorquer03
1086 3695 1142 3757 sed
1153 3695 1226 3757 haec
1239 3695 1349 3756 omnia
1359 3695 1464 3769 gratis
1477 3694 1573 3756 vobis

776 3795 951 3872 episcopus
979 3793 1188 3855 dioecesanus
1216 3793 1396 3869 impendat,
1422 3792 1572 3870 alioquin

777 3892 877 3954 liceat
897 3890 994 3954 vobis
1014 3905 1253 3968 quemcumque
1274 3888 1460 3950 malueritis
1479 3889 1573 3949 adire

776 3989 969 4059 antistitem,
990 3987 1132 4064 gratiam
1144 3988 1178 4048 et
1194 3985 1459 4047 communionem
1471 3990 1574 4062 Apos-

776 4086 885 4148 tolicae
913 4084 1008 4146 Sedis
1031 4083 1218 4155 habentem,
1246 4083 1304 4159 qui
1328 4083 1441 4144 nostra
1467 4081 1572 4143 fretus

777 4183 975 4246 auctoritate
994 4181 1101 4253 nobis,
1118 4180 1204 4258 quod
1225 4180 1422 4258 postulatur,
1439 4180 1573 4256 impen-

777 4281 844 4343 dat.
858 4280 951 4353 Quod
965 4279 995 4340 si
1010 4279 1105 4340 sedes
1128 4278 1309 4340 dioecesani
1323 4278 1470 4355 episcopi
1487 4277 1572 4339 forte

777 4379 958 4450 vacaverit,
975 4377 1108 4440 interim
1129 4377 1241 4439 omnia
1265 4376 1493 4438 ecclesiastica
1512 4392 1572 4436 sa·

777 4479 947 4539 eramenta
962 4475 1115 4537 avicinis
1129 4474 1294 4551 episcopis
1306 4474 1458 4550 accipere
1470 4473 1575 4535 libere

777 4576 810 4636 et
824 4574 948 4650 absque
963 4571 1224 4633 contradictione
1237 4572 1383 4647 possitis,
1400 4571 1449 4630 sic
1460 4572 1572 4631 tamen

778 4673 814 4733 11
837 4688 879 4734 ex
902 4670 965 4732 boc
988 4669 1024 4728 iu
1045 4672 1212 4745 posterum
1238 4668 1381 4744 propriis
1407 4667 1573 4743 episcopis

778 4769 906 4830 nullum
924 4765 1154 4843 praejudicium
1176 4766 1366 4841 generetur,
1387 4763 1465 4839 quia
1491 4778 1571 4824 vero

777 4865 943 4928 interdum
962 4863 1171 4940 propriorum
1192 4861 1421 4939 episcoporum
1443 4859 1573 4936 copiam

779 4980 845 5025 non
868 4961 1009 5033 habetis,
1032 4959 1061 5020 si
1085 4975 1182 5036 quem
1204 4958 1394 5034 episcopum
1415 4960 1573 5020 Romanae

779 5060 929 5132 sedisut
938 5058 1094 5128 diximus,
1106 5056 1248 5132 gratiam
1261 5058 1295 5117 et
1306 5056 1572 5117 communionem

778 5158 966 5227 habentem,
988 5156 1023 5216 et
1039 5154 1080 5214 de
1099 5169 1164 5230 quo
1188 5153 1320 5229 plenam
1340 5153 1575 5214 1011111111-

778 5255 884 5319 1111111
914 5268 1055 5331 perros
1083 5250 1229 5313 transire
1255 5250 1444 5325 contigerit,
1470 5249 1512 5310 ab
1536 5265 1575 5311 10

777 5351 1019 5415 benedictionis
1055 5365 1225 5421 vasorum,
1252 5350 1285 5409 et
1308 5348 1460 5418 vestium,
1491 5362 1574 5407 con-

778 5452 983 5513 secrationes
1004 5449 1174 5519 altarium,
1200 5446 1429 5508 ordinationes
1453 5459 1574 5505 mona-

777 5549 928 5617 chorum,
942 5547 1142 5609 auctoritate
1157 5544 1355 5622 Apostolicae
1370 5541 1466 5603 Sedis
1489 5542 1577 5602 reci·

778 5662 856 5723 pere
871 5645 1004 5709 saletis.
