3774 6186
95 285 120 341 a
618 266 630 281 ‘
679 277 906 337 larisseus.
930 277 1007 336 urb.
1032 277 1086 336 111.
1650 271 1708 329 irs

95 446 183 503 rarto
206 440 366 502 kalendas
387 437 503 515 aprilis
525 436 733 515 pontificatus
753 435 858 496 nostri
912 433 1150 510 provocaruut;
1168 431 1224 494 sed
1246 432 1326 494 dicti
1348 431 1579 510 procuratores
1601 427 1706 489 nibil-

95 556 153 600 rno
167 539 276 600 tertio.
912 531 1042 592 ominus
1058 546 1116 607 per
1138 530 1270 590 diversa
1286 528 1425 590 iecerint
1439 528 1512 590 loca
1536 527 1570 587 in
1585 541 1708 602 grara-

912 643 986 688 men
995 628 1196 689 scholarium
1209 626 1383 703 praedictas
1392 627 1520 687 litteras
1530 623 1704 701 publicari.

953 724 1045 786 Unde
1056 724 1205 801 praedicti
1218 724 1367 799 magistri
1381 726 1413 784 et
1427 721 1597 782 scholares
1612 720 1709 781 nobis

913 821 1084 882 humiliter
1096 820 1333 897 supplicarunt,
1350 822 1386 880 ut
1401 835 1500 895 super
1515 816 1704 894 hujusmodi
1770 816 1780 829 '

914 919 1087 980 sententiis
1115 919 1148 978 et
1173 917 1440 993 gravaminibus,
1466 932 1538 992 quae
1565 914 1606 975 ab
1634 914 1708 990 ipso

400 1021 529 1107 CLXX
913 1016 1066 1091 episcopo
1082 1016 1115 1076 et
1139 1014 1209 1074 suis
1227 1030 1266 1075 ac
1287 1013 1488 1074 cancellario
1513 1011 1709 1089 praetaxatis

913 1112 1037 1172 eisdem
1059 1112 1181 1187 saepius
1200 1111 1398 1179 inseruntur,
1413 1109 1627 1184 dignaremur
1641 1106 1705 1167 sibi

916 1208 1170 1268 misericorditer
1188 1207 1372 1283 providere.
1386 1207 1465 1265 Cum
1489 1205 1590 1279 igitur
1602 1203 1705 1264 scho-

915 1307 1001 1366 lares
1023 1305 1123 1381 ipsos,
1140 1307 1308 1380 tamquam
1333 1304 1420 1363 illios
1439 1302 1613 1378 speciales,
1637 1300 1710 1360 sin-

914 1418 999 1464 cerae
1034 1402 1182 1463 caritatls
1216 1399 1362 1461 brachiis
1396 1399 1638 1476 amplexemur,
1674 1399 1708 1458 et

354 1549 390 1599 lib
411 1548 445 1598 lll
464 1562 496 1611 ep
515 1546 583 1612 ³57]
914 1501 1054 1559 velimus
1073 1497 1114 1559 ab
1136 1499 1283 1574 ipsorum
1299 1496 1501 1558 conscientia
1519 1493 1707 1571 hujusmodi

96 1653 136 1697 ,m
169 1639 342 1696 sententiam
367 1584 455 1705 olim,
476 1584 656 1701 aflno'lm
681 1634 783 1702 mmm,
805 1648 860 1705 qua
914 1597 1145 1657 scandalorum
1181 1596 1353 1656 materiam
1383 1593 1514 1670 penitus
1542 1591 1705 1660 resecari,

99 1727 279 1783 scholaribus
294 1725 377 1783 studii
394 1723 563 1782 Parisieusis
577 1723 760 1791 Octavianus,
776 1723 811 1779 Α.
831 1722 859 1778 s.
914 1693 1104 1755 diflssffififflff
1134 1695 1252 1753 Vesn'ae
1281 1706 1341 1767 1³⁰?
1368 1689 1556 1766 Al’oemlica
1585 1688 1708 1764 πῆμα

100 1809 225 1885 legatus,
244 1811 296 1867 suh
312 1811 398 1866 variis
411 1810 502 1882 poenis
518 1807 709 1874 interdixerat,
727 1821 762 1863 ne
782 1820 860 1862 arura
916 1791 1122 1859 mandamus,
1148 1791 1310 1865 quatenus
1331 1787 1504 1864 l'laedisslas
1525 1785 1708 1847 sententias

104 1897 218 1968 terrent,
234 1914 286 1956 nec
298 1897 334 1955 de
356 1906 438 1954 nocte
455 1895 628 1964 incederent,
646 1909 738 1968 neque
760 1893 858 1964 coniu-
915 1890 947 1948 et
961 1887 1045 1948 alias
1058 1886 1258 1956 consimiles,
1274 1884 1300 1945 si
1318 1900 1400 1961 quas
1415 1882 1611 1944 inveneritis
1625 1897 1706 1958 pro-

104 1989 236 2056 mtiores,
258 1994 325 2054 etc,
340 1986 521 2054 molirentur,
537 1998 676 2040 renovare
692 1982 862 2041 parisiensis
916 1986 1089 2060 mulgatas,
1107 1993 1302 2044 revocantes
1318 1979 1517 2058 protinusad
1529 1978 1703 2050 cautelam,

104 2077 253 2148 elli³⁰⁰llus
274 2073 528 2141 V0¹¹012fl⁰¹¹⁰fi¹¹⁸
549 2073 655 2130 irritam
675 2070 774 2127 haberi
796 2084 861 2127 0⁸³1
915 2081 1002 2142 dicto
1017 2081 1171 2158 episcopo
1183 2082 1216 2142 et
1230 2079 1299 2140 suis
1320 2078 1458 2139 tirmiter
1473 2075 1624 2136 inhibere
1642 2092 1706 2136 cu-

102 2164 188 2236 jubet.
915 2180 1005 2248 retis,
1021 2195 1062 2239 ne
1076 2179 1157 2255 ipse,
1175 2194 1234 2237 seu
1249 2176 1422 2253 quisquam
1437 2190 1562 2244 eorum,
1579 2173 1708 2249 aliquas

102 2272 274 2332 Honorius
312 2270 524 2347 episcopus...
554 2267 737 2330 venarabili
765 2266 861 2328 fratri
916 2270 1707 2348 consimilessenteutiasgarreralesiumagistros

97 2369 319 2445 Ὁ1091030000
336 2365 385 2444 (a)
399 2368 431 2428 θῑ
444 2366 573 2426 dilectis
587 2364 664 2425 flffis
676 2364 802 2425 decano
813 2360 860 2441 (0)
915 2377 971 2433 aul
983 2372 1152 2433 scholares
1163 2371 1369 2432 parisienses
1380 2368 1523 2430 audeant
1535 2367 1575 2426 de
1588 2367 1710 2427 caetero

118 2466 253 2526 cantori
280 2462 588 2539 Rotomagensibus,
621 2461 772 2531 salutem,
798 2461 860 2521 etc·
916 2470 989 2530 siue
1015 2468 1155 2531 Romani
1191 2466 1361 2530 Pontificis
1391 2464 1596 2527 conscientia
1626 2478 1706 2540 pro-

97 2562 226 2622 Dilecti
240 2561 298 2621 tilii
311 2559 461 2635 magistri
471 2559 505 2619 et
513 2557 681 2619 scholares
693 2557 864 2617 Parisien·¹
917 2567 1076 2642 murgam,
1094 2565 1185 2638 Qu0d
1201 2565 1229 2625 si
1250 2580 1315 2625 non
1328 2579 1453 2633 omnes,
1468 2563 1514 2631 tu,
1536 2561 1638 2621 trater
1653 2576 1710 2620 ar-

97 2673 118 2716 3
162 2657 258 2717 nObiS
286 2656 432 2732 cialiter
462 2656 540 2716 sunt
564 2654 746 2731 conquesti,
777 2653 860 2731 (IUOd
917 2663 1136 2740 chiepiscope,
1158 2677 1362 2724 cumeorum
1378 2659 1494 2729 altero,
1510 2660 1571 2718 etc.
1592 2659 1710 2718 Datum

97 2754 273 2816 nerabilis
288 2753 390 2814 irater
412 2751 611 2813 parisiensis
626 2751 801 2828 episcopus
817 2748 861 2828 (c)
917 2761 1083 2831 Laterani,
1100 2762 1144 2822 lll
1159 2759 1226 2820 kal.
1240 2757 1369 2834 aprilis,
1384 2756 1595 2834 pontificatus
1606 2753 1713 2814 nostri
1755 2786 1761 2797 ι

97 2850 425 2913 vcommunicationis
456 2847 653 2910 sententiam
682 2847 724 2909 ab
750 2850 786 2908 0.
813 2845 862 2925 (d)
917 2857 1127 2919 {inpotentia

97 2964 167 3009 *nae
181 2947 359 3018 memoriae,
373 2946 617 3023 praedecessore
632 2961 703 3016 suo,
720 2947 799 3005 etO.
815 2942 862 3023 (e)
1236 2970 1388 3057 CLXXI

97 3046 241 3106 >silensi
280 3044 446 3121 episcopo,
474 3042 639 3120 qnondam
665 3040 863 3118 apostolicae
1077 3109 1083 3121 Ι

97 3141 166 3202 adis
191 3143 311 3217 legato,
336 3141 436 3201 latam
459 3140 499 3200 de
516 3137 817 3216 conspirationibus
832 3139 865 3198 et
966 3108 1017 3167 Ad
1029 3119 1233 3180 ‘'W‘'ffl‘m’
1248 3107 1416 3164 demum
1429 3103 1461 3163 εἰ
1474 3102 1663 3176 camimum

103 3238 357 3317 njurationibus
370 3236 571 3298 scholarium
587 3235 722 3296 minime
738 3235 865 3296 lacien—
1163 3202 1463 3263 cathalaunenses.

97 3348 118 3392 s
137 3336 335 3398 iamdudum
351 3335 527 3405 innovans,
538 3349 595 3395 eos
609 3333 679 3410 qui,
691 3333 780 3393 circa
795 3332 865 3393 sta·
1200 3313 1236 3371 ³⁰
1248 3319 1330 3370 0130·
1349 3313 1427 3369 ¹²¹⁹·

97 3444 140 3493 m
154 3433 366 3502 scholarium,
393 3432 465 3491 sine
489 3446 652 3492 consensu
672 3430 787 3506 ipsius,
810 3430 863 3490 rel
949 3423 1069 3486 thegen..
1081 3421 1126 3471 nn.
1138 3420 1180 3476 ¹11,
1190 3420 1263 3484 epist.
1272 3419 1327 3467 ³⁶²·
1342 3419 1441 3469 sissia
1453 3417 1527 3467 rorte
1542 3416 1575 3465 uu
1590 3414 1684 3476 queit]

97 3531 202 3604 pituli
216 3547 275 3591 seu
294 3528 486 3590 cancellarii
500 3528 712 3600 parisiensis,
729 3528 865 3604 conspi.
919 3520 1050 3593 Rogatut
1072 3519 1144 3574 inter
1161 3517 1316 3574 canonicos
1337 3513 1542 3573 cathalaunen.
1561 3512 1712 3571 admittant

98 3624 251 3698 tionem,
278 3626 556 3702 conjurationem,
582 3625 861 3696 constitutionem,
953 3608 1113 3676 Nicolaum,
1128 3605 1305 3663 sacerdotem
1321 3605 1440 3678 probum
1455 3610 1485 3660 et
1498 3603 1664 3660 litteratum.

97 3736 130 3784 u
151 3725 296 3801 aliquam
318 3723 565 3799 obligationem,
579 3723 781 3798 juramento,
799 3721 863 3782 lide
956 3725 1133 3795 Honorius,
1159 3724 1234 3793 etc„
1259 3721 1443 3783 venerabili
1466 3719 1596 3781 tratri...
1613 3719 1707 3795 epis-

100 3818 238 3898 lpoena
265 3821 433 3892 vallatam,
451 3820 562 3880 lacere
576 3819 787 3889 attentarent,
806 3834 863 3894 pro
918 3837 999 3898 copo
1015 3824 1047 3882 et
1068 3821 1197 3881 dilectis
1222 3819 1337 3880 liliis...
1360 3819 1486 3879 decano
1510 3817 1542 3878 et
1564 3815 1709 3892 capitulo
1792 3799 1796 3807 ⁵

98 3932 140 3979 a
165 3918 344 3980 voluntatis
363 3917 513 3986 arbitrio,
540 3916 643 3976 simili
660 3916 795 3976 vinculo
810 3916 865 3975 in·
918 3918 1156 3978 cathalaunen.

98 4015 216 4086 »davit
226 4016 259 4075 et
272 4016 420 4091 ipsorum
435 4012 716 4090 insuperpedibus
728 4011 863 4088 laqueos
958 4015 1047 4075 Inter
1070 4015 1154 4074 alios
1177 4012 1295 4090 quibus
1318 4009 1480 4087 stipendia
1502 4009 1708 4071 haereditatis

98 4112 421 4174 ·.communicationis
443 4110 644 4188 expandens,
667 4109 700 4169 in
716 4109 792 4170 illos
807 4108 864 4186 qui
918 4112 1097 4174 bominicae
1121 4110 1346 4181 conteruntur,
1370 4109 1422 4169 illi
1450 4107 1606 4186 precipue
1635 4108 1712 4169 suut

98 4210 224 4271 »renat
248 4208 416 4270 scholares
440 4223 533 4268 arma
560 4207 728 4284 portantes
756 4220 796 4267 ac
823 4206 863 4267 de
917 4209 1069 4279 vocandi,
1087 4209 1205 4286 quibus
1222 4224 1348 4269 morum
1364 4206 1521 4266 honestas
1537 4207 1569 4266 et
1584 4204 1715 4266 littera-

98 4307 164 4367 »cte
197 4305 403 4376 incedentes,
437 4305 501 4367 nisi
530 4321 587 4365 eos
617 4303 705 4364 intra
738 4304 863 4364 certum
917 4323 990 4367 rum
1019 4307 1160 4368 scientia
1179 4303 1416 4381 suffragantur.
1433 4305 1513 4365 cum
1534 4302 1636 4379 igitur
1657 4301 1711 4362 di-

98 4415 196 4481 mpus
209 4405 285 4481 ipsi,
297 4403 351 4464 vel
365 4405 438 4476 ejus
456 4402 600 4474 officiali,
619 4418 677 4463 seu
692 4401 862 4463 cancella·
918 4405 1021 4465 lectus
1045 4403 1133 4464 lilius
1152 4401 1310 4465 Nicolaus
1324 4384 1503 4462 canonicus
1519 4401 1632 4461 Sancti
1648 4400 1711 4461 Ni-

98 4510 136 4570 Β,
152 4501 369 4571 muncial'ent,
387 4500 529 4560 similem
549 4497 864 4560 sententiamsulmi·
918 4502 1003 4562 colai
1023 4501 1262 4562 cathalaunen.
1285 4515 1328 4560 ex
1351 4502 1472 4570 vestro,
1499 4498 1603 4559 frater
1625 4498 1715 4573 epis-

98 4597 171 4668 trit,
184 4598 315 4658 eosdem
329 4596 504 4672 multiplici
520 4595 708 4671 hujusmodi
725 4594 865 4656 anathe-
919 4615 1009 4676 cope,
1037 4614 1076 4660 ac
1102 4599 1148 4658 llli
1172 4598 1307 4668 decane,
1339 4599 1371 4658 ct
1395 4597 1539 4672 plurium
1563 4597 1711 4655 vestrum

98 4694 167 4754 atis
194 4710 351 4755 mucrone
376 4693 500 4754 leriens
526 4688 636 4752 minus
669 4695 766 4752 caute
792 4688 861 4770 (1).
919 4696 978 4756 lllii
1000 4696 1191 4773 capitulum,
1208 4693 1368 4755 laudabili
1387 4693 1577 4754 testimonio
1602 4690 1714 4751 taliter

98 4800 184 4865 uper
208 4792 335 4860 autem,
364 4807 437 4850 cum
467 4790 699 4866 procuratores
733 4787 863 4865 praelati
919 4793 1181 4862 commendetur,
1211 4790 1297 4868 quod
1331 4806 1398 4850 non
1424 4789 1533 4848 minus
1564 4787 1713 4850 ecclesiae

98 4884 215 4965 ›iscopi
242 4888 365 4949 vellent
385 4888 500 4949 contra
524 4885 628 4947 dictos
644 4886 819 4961 magistros
832 4889 865 4946 et
919 4890 1036 4950 vestrae
1062 4904 1121 4964 per
1137 4903 1212 4947 eum
1238 4902 1335 4963 quam
1351 4885 1385 4945 in
1408 4885 1480 4961 ipsa
1496 4884 1602 4944 cidem
1615 4901 1712 4961 posse

98 4979 240 5046 :balares
255 4985 403 5045 eamdem
419 4984 614 5045 seutentiam
634 4983 816 5044 retractare
829 4983 863 5042 in
918 4985 1064 5047 creditur
1089 4984 1267 5062 provideri,
1291 4981 1538 5043 universitatem
1567 4985 1712 5044 vestram

98 5079 176 5142 -sius
200 5082 348 5159 episcopi
375 5081 494 5144 litteris
510 5081 692 5151 exaratam,
708 5080 808 5141 iidem
828 5096 864 5141 se
918 5083 1099 5160 rogandam
1114 5081 1270 5142 duximus
1285 5083 1317 5141 et
1330 5079 1538 5149 hortandam,
1548 5096 1607 5158 per
1615 5084 1716 5156 Apos-

99 5179 202 5240 meari
232 5179 396 5249 timentes,
420 5178 460 5238 ad
489 5178 606 5238 Sedem
641 5177 863 5255 apostolicam
917 5181 1017 5242 tolica
1029 5180 1123 5241 vobis
1134 5179 1257 5255 scripta
1271 5177 1711 5256 praceipiendomandantes,

103 675 146 732 ln
171 673 327 731 cateridem
343 671 481 729 modum
500 667 656 743 scriptum
679 667 764 726 est...
787 680 860 723 ma-

98 770 170 828 stro
195 768 228 828 et
251 764 410 827 iratribus
430 763 557 826 militiae
581 762 707 840 Templi
727 761 767 822 de
786 763 858 822 Rua

96 880 125 924 ὀ
140 865 193 924 W.
210 863 250 924 de
263 862 396 925 daulan.

96 1158 114 1216 d
135 1159 442 1229 archiepiscopum,
456 1157 623 1214 decoctum
637 1152 670 1213 ct
684 1150 859 1212 cantorem

324 1252 601 1326 barcinonenses.

348 1364 384 1421 00
403 1371 485 1420 mart.
506 1363 583 1419 ¹219.

102 1470 243 1536 [bouquet
258 1473 315 1522 ltec.
326 1469 369 1519 des
383 1469 487 1523 linter..
497 1472 516 1516 t,
530 1468 597 1523 xlx,
610 1481 636 1530 p.
650 1465 704 1516 ola.
720 1466 828 1528 sapsa,

117 5306 152 5382 (o)
172 5309 296 5367 itoberto
316 5310 444 5367 Poulaln.
483 5308 522 5381 (l)
546 5308 670 5380 ltogerio
691 5308 726 5364 de
740 5311 862 5366 Fouoar·
917 5326 1006 5437 {erus
1031 5310 1067 5368 de
1090 5309 1223 5368 lloveden
1249 5309 1284 5366 ad
1300 5324 1407 5365 annum
1429 5310 1508 5376 1200,
1526 5317 1603 5365 mmo
1619 5316 1716 5367 nostro

99 5389 161 5437 sont.
192 5379 543 5461 (cllffetrusdellemours.
574 5378 862 5453 (d)0dooedeSully.
946 5385 1006 5442 llll.
1017 5400 1044 5455 p.
1060 5383 1120 5443 605,
1132 5397 1216 5452 quem
1233 5381 1328 5437 videre
1342 5390 1385 5437 inst
1396 5380 1432 5437 de
1447 5381 1536 5436 turbis
1547 5389 1575 5436 et
1588 5382 1716 5438 cruentis

116 5449 146 5516 te)
165 5452 332 5532 murano.
917 5461 1003 5509 elram
1030 5452 1216 5509 seditionibus
1231 5452 1304 5509 inter
1325 5451 1473 5509 scholares
1493 5457 1521 5507 et
1537 5449 1716 5517 l’arlslenscs

114 5518 863 5590 llltlotavramdecretumnonhabemusouaeutem
917 5524 1005 5581 cives.
1046 5523 1213 5595 (bouquet.)

99 5594 221 5649 cranone
237 5592 324 5649 latum
340 5589 422 5648 luerit
438 5589 465 5647 id
480 5590 635 5659 decretum,
648 5590 730 5649 docet
745 5605 797 5649 nos
808 5593 862 5649 llo·
