3774 6186
97 316 153 380 397

97 473 243 538 laturum
258 477 437 553 praestante
450 477 588 538 bomino
599 474 818 553 justismodis
831 489 888 552 po·

97 573 174 635 terit
186 573 337 651 adipisci,
350 573 411 634 sub
423 573 529 637 sancti
539 572 630 635 Petri
643 575 675 634 et
688 574 800 634 nostra
815 587 888 648 pro-

97 671 241 733 tectione
261 671 469 747 suscipimus,
489 670 679 748 specialiter
701 672 816 732 autem
831 685 888 730 ec-

97 766 234 828 clesiam
269 767 310 829 de
341 768 562 830 Stadelboven
590 784 664 828 cum
693 767 820 843 capella
850 767 886 827 in

97 864 336 926 Schwartzbab
346 865 379 926 et
391 865 467 927 aliis
478 865 686 942 pertinentiis
699 865 781 936 suis,
791 863 885 925 vobis

97 961 310 1023 avenerabili
323 961 426 1024 tratre
437 966 549 1024 nostro
558 963 792 1039 argentinensi
803 963 888 1038 epis·

97 1073 179 1135 copo
193 1058 234 1120 de
254 1059 392 1137 capituli
406 1060 458 1121 sui
470 1075 609 1121 assensu
632 1059 769 1136 provida
785 1060 818 1121 91
831 1059 885 1136 pia

97 1155 297 1218 liberalitate
327 1157 493 1229 collatam,
522 1159 608 1218 sicut
630 1172 703 1218 eam
732 1159 822 1233 J'uste
847 1172 887 1217 ac

97 1253 235 1331 pacifice
261 1254 448 1331 possidetis,
471 1257 504 1316 et
530 1255 566 1315 11
593 1254 714 1315 litteris
740 1254 886 1331 eJusdem

97 1351 244 1428 episcopi
268 1350 389 1412 exinde
417 1352 576 1413 coniectis
608 1351 739 1428 plenius
766 1351 888 1413 dicitur

98 1448 272 1518 contineri,
283 1448 378 1510 vobis
391 1450 424 1510 et
431 1465 490 1525 per
500 1465 560 1509 vos
568 1449 675 1510 eidem
685 1448 887 1510 monasterio

97 1547 207 1607 vestro
227 1547 424 1609 auctoritate
443 1546 633 1623 apostolica
654 1546 887 1607 confirmamus

97 1644 129 1704 91
138 1643 885 1720 praesentisscriptipatrociniocommunimus.

97 1738 187 1800 Nulli
204 1756 295 1816 ergo,
313 1743 389 1815 etc.;
403 1742 432 1801 si
446 1742 519 1818 quis
547 1742 668 1811 autem,
686 1741 747 1801 etc.
770 1741 886 1801 Datum

98 1833 247 1908 viterbii,
266 1840 295 1899 11
314 1853 391 1900 non.
407 1839 528 1910 martii,
544 1838 754 1916 pontificatus
781 1838 886 1900 nostri

97 1947 183 1995 anno
199 1937 329 2011 quarto.

429 2051 553 2139 XCIV

134 2185 187 2244 Ad
200 2184 357 2245 abbatem
370 2185 404 2245 et
415 2185 623 2246 conventum
643 2184 848 2246 monasterti

246 2282 365 2342 Sancti
373 2285 512 2343 Eacacbti
522 2284 564 2343 de
578 2283 730 2345 81111111.

386 2404 404 2461 6
418 2411 501 2461 mart.
514 2404 593 2462 ¹220.

295 2518 407 2584 ·[Spicil.
415 2519 509 2576 Liber„
521 2519 608 2580 7311.
618 2517 671 2583 aa]

97 2624 297 2684 Possessiones
324 2640 396 2698 quas
432 2623 597 2683 Manlredus
630 2624 757 2682 marchio
790 2625 887 2682 Salutii

128 2722 227 2771 contm
249 2713 388 2788 justitiam
409 2721 551 2783 tenuerat,
569 2712 619 2771 sed
633 2712 787 2771 liberaliter
804 2714 885 2770 resti·

129 2807 235 2870 ararat,
248 2801 408 2860 coufirmat.

716 314 945 376 EPISTOLAE.
968 315 1047 374 ΜΒ.
1072 314 1125 373 IV.

1679 315 1739 374 398

943 474 1085 550 potentis
1096 473 1195 535 Deiet
1208 472 1378 534 beatorum
1389 472 1481 535 Petrl
1492 471 1525 535 et
1536 471 1632 533 Pauli
1645 487 1739 550 apos·

940 571 1082 632 tolorum
1097 574 1170 648 ejus
1187 587 1223 632 se
1243 573 1374 634 noverit
1388 572 1614 633 incursurum.
1682 566 1686 573 ’

980 670 1098 729 Datum
1135 667 1290 739 Viterbii‚
1328 669 1438 746 pridie
1467 684 1574 730 nonas
1604 669 1733 742 martii,

941 765 1151 842 pontificatus
1165 766 1269 828 nostri
1286 782 1374 826 anno
1389 767 1518 844 quarto.

1288 926 1391 1012 XCV

1086 1061 1134 1120 Ad
1153 1062 1363 1121 hominesue
1382 1063 1589 1135 Codcpordo.

1233 1171 1250 1229 6
1263 1179 1345 1228 mart.
1364 1172 1443 1229 1110.

1153 1275 1249 1340 [Spicil.
1261 1276 1355 1338 Liben,
1370 1277 1464 1336 7111.
1478 1277 1528 1344 lt]

943 1371 990 1430 liis
1005 1370 1114 1428 inhibet
1128 1387 1164 1429 ne
1179 1373 1206 1428 in
1222 1374 1301 1446 sylva
1317 1375 1463 1447 11191911
1481 1374 1516 1432 ad
1530 1375 1735 1433 monasterium

976 1459 1012 1518 de
1039 1460 1161 1518 'trisulto
1182 1463 1335 1540 pertineat,
1361 1462 1482 1521 cedendi
1495 1463 1585 1537 ligna,
1605 1466 1650 1521 vel
1668 1479 1733 1538 pas·

976 1548 1059 1606 cendi
1075 1550 1222 1618 animalia,
1241 1550 1285 1607 vel
1298 1550 1374 1608 aliud
1384 1551 1431 1625 jus
1444 1550 1497 1609 sibi
1512 1560 1687 1624 presumant
1701 1552 1736 1611 de

976 1643 1080 1693 caetero
1095 1636 1249 1696 vindicare.

982 1745 1149 1805 Honorius
1161 1746 1336 1823 episcopus
1348 1762 1464 1809 servus
1480 1763 1651 1808 servorum
1664 1749 1734 1819 Dei,

941 1841 1070 1902 dilectis
1086 1843 1164 1903 tiliis
1179 1842 1370 1904 bominibus
1381 1844 1421 1905 de
1434 1845 1639 1922 collepardo,
1650 1845 1737 1906 salu·

941 1940 1052 2000 temet
1073 1940 1289 2016 apostolicam
1304 1941 1578 2003 benedictionem.

982 2037 1070 2097 Satis
1081 2038 1246 2099 credimus
1262 2038 1355 2099 vobis
1371 2040 1514 2100 existere
1525 2040 1735 2101 manifestum

942 2135 1099 2210 quantum
1119 2134 1380 2197 laboraverimus
1403 2152 1462 2212 pro
1479 2137 1660 2214 quaestione
1676 2153 1735 2197 su-

942 2245 1001 2305 per
1012 2230 1106 2306 sylva
1119 2231 1187 2291 11111
1198 2232 1270 2292 orta
1285 2231 1440 2293 intervos
1451 2234 1484 2294 91
1496 2233 1733 2294 monasterium

942 2326 982 2387 de
996 2327 1151 2399 Trisulto,
1168 2329 1356 2404 satagentes
1367 2333 1433 2406 jus,
1451 2330 1479 2389 si
1494 2330 1581 2407 quod
1595 2329 1736 2390 habuis-

942 2425 1021 2485 setis
1046 2425 1081 2484 in
1105 2425 1199 2501 ipsa,
1226 2425 1320 2487 vobis
1341 2426 1509 2503 tamquam
1536 2427 1735 2504 specialibus

942 2522 1101 2583 Ecclesiae
1117 2525 1274 2585 Romanae
1287 2523 1366 2584 filiis
1384 2527 1417 2585 et
1432 2523 1584 2585 fidelibus
1599 2541 1737 2586 conser-

942 2633 1022 2680 vare
1038 2640 1045 2678 :
1063 2619 1118 2680 sed
1135 2621 1334 2682 examinatis
1359 2621 1537 2698 diligenter
1550 2623 1736 2698 privilegiis

942 2718 974 2776 et
986 2716 1063 2776 aliis
1078 2718 1264 2789 ruminatis,
1282 2718 1400 2795 quibus
1416 2719 1589 2780 ostendere
1603 2717 1736 2782 niteba-

942 2813 1023 2872 mini
1050 2830 1108 2875 vos
1142 2814 1176 2874 in
1202 2816 1296 2891 sylva
1319 2818 1375 2893 jus
1403 2816 1526 2878 babere
1554 2818 1733 2894 praedicta,

131 2910 302 2970 Honorius
316 2910 799 2986 episcopusservusservorum
815 2910 885 2979 Dei,
942 2910 1026 2969 nibil
1054 2911 1243 2972 invenimus
1265 2928 1324 2989 per
1347 2914 1433 2990 quod
1462 2917 1573 2976 vestra
1595 2915 1736 2976 intentio

97 3005 224 3068 dilectis
250 3007 329 3067 tiliis
359 3007 471 3067 abbati
496 3008 528 3068 et
551 3007 728 3067 conventui
755 3021 889 3067 monas-
942 3006 1146 3068 fundaretur.
1166 3011 1302 3069 Domum
1322 3025 1364 3070 ne
1386 3010 1574 3086 hujusmodi
1595 3013 1735 3088 quaestio

97 3104 169 3165 terii
197 3104 311 3165 Sancti
336 3103 469 3164 Eusebii
493 3104 534 3165 de
563 3102 709 3173 Salutiis,
735 3102 888 3164 dioecesis
942 3118 1073 3179 semper
1097 3104 1246 3166 indecisa
1266 3108 1423 3177 maneret,
1441 3106 1625 3168 venerabili
1639 3109 1735 3169 fratri

97 3201 323 3273 laurinensis,
340 3200 479 3262 salutem
502 3203 535 3261 et
555 3199 770 3276 apostolicam
787 3198 889 3260 bene-
943 3202 1056 3260 nostro
1070 3201 1225 3277 episcopo
1244 3204 1277 3264 et
1297 3203 1417 3265 dilecto
1433 3205 1501 3265 11119
1516 3205 1661 3266 orlando
1674 3220 1735 3266 ca-

97 3297 282 3360 dictionem.
942 3297 1073 3374 pellano
1088 3302 1202 3361 nostro
1218 3301 1378 3362 canonico
1399 3301 1569 3362 Ferentini
1584 3301 1735 3362 dedimus

131 3396 274 3467 Quuma
300 3395 396 3456 nobis
417 3395 539 3472 petitur
552 3395 637 3472 quod
649 3396 776 3472 iustum
792 3397 842 3456 est
856 3396 889 3456 et
942 3393 977 3454 in
1001 3395 1177 3468 mandatis,
1203 3400 1240 3458 ut
1267 3414 1369 3474 super
1395 3399 1735 3475 recompensationem

97 3490 279 3564 bonestum,
295 3493 363 3554 tam
387 3492 483 3567 vigor
506 3492 671 3569 aequitatis
694 3508 791 3569 quam
806 3491 887 3553 ordo
942 3507 1040 3567 quam
1066 3493 1175 3555 felicis
1211 3495 1379 3555 memoriae
1407 3495 1619 3557 Innocentius
1650 3512 1734 3573 papa

97 3585 198 3665 exigit
217 3590 358 3650 rationis
372 3591 409 3651 11
430 3589 460 3649 id
482 3604 541 3666 per
559 3589 816 3650 sollicitudinem
836 3589 889 3649 91-
942 3589 1166 3664 praedecessor
1175 3595 1299 3664 noster,
1313 3592 1445 3654 dedisse
1457 3592 1629 3655 dicebatur
1642 3594 1741 3656 vobis.

97 3686 159 3746 dcii
187 3687 294 3747 nostri
320 3687 361 3747 ad
387 3686 534 3747 debitum
558 3687 759 3762 perducatur
786 3686 888 3747 effec-
942 3701 1001 3761 pro
1025 3689 1103 3762 jure
1118 3688 1202 3764 quod
1229 3689 1265 3748 in
1290 3688 1403 3750 eadem
1417 3690 1522 3767 sylva,
1546 3691 1617 3751 sive
1630 3694 1734 3767 juste,

97 3784 172 3844 tum.
197 3785 248 3845 Ex
275 3785 371 3861 parte
396 3784 559 3861 siquidem
576 3785 687 3845 vestra
701 3782 763 3845 fuit
777 3782 888 3842 bumi—
942 3782 1012 3841 siva
1027 3783 1150 3858 injuste
1164 3799 1224 3844 vos
1239 3784 1362 3846 babere
1381 3786 1554 3858 dicebatis,
1580 3788 1734 3864 inquire-

97 3881 169 3943 liter
195 3882 427 3958 supplicatum,
444 3884 482 3942 ut
506 3898 581 3942 cum
597 3881 696 3941 clarae
717 3881 886 3941 memoriae
942 3881 1016 3939 reut
1031 3879 1176 3939 sollicite
1197 3881 1381 3941 veritatem.
1401 3882 1463 3952 Qui
1478 3883 1621 3958 receptis
1635 3899 1737 3960 super

97 3978 284 4040 ltaniredus
298 3979 448 4040 marchio
460 3979 577 4040 Salutii
592 3979 632 4039 ad
648 3978 886 4038 conscientiam
942 3972 1005 4036 boc
1030 3975 1168 4036 testibus
1194 3978 1285 4036 omni
1319 3977 1516 4053 exceptione
1551 3979 1736 4055 majoribus

97 4077 237 4147 rediens,
270 4078 366 4153 prata
394 4077 556 4154 quaedam,
579 4077 687 4136 terras
715 4077 749 4135 et
770 4075 887 4135 vineas
941 4073 1163 4149 depositiones
1177 4072 1324 4148 ipsorum
1340 4073 1436 4134 nobis
1451 4074 1511 4134 sub
1527 4075 1649 4151 sigillis
1663 4077 1734 4137 suis

97 4173 197 4250 ipsius
210 4174 416 4243 monasterii,
429 4190 502 4251 quae
515 4171 734 4248 cognoscebat
750 4187 788 4233 se
800 4188 885 4232 con-
940 4169 1195 4233 transmiserunt
1208 4169 1349 4232 fideliter
1372 4170 1582 4244 interclusas,
1602 4189 1645 4233 ex
1660 4173 1737 4249 1111-

97 4272 140 4332 tra
161 4270 329 4348 lustitiam
351 4272 510 4341 tenuisse,
533 4269 717 4331 liberaliter
741 4270 888 4331 restituit
940 4268 1001 4328 bus
1033 4268 1254 4342 comperimus
1292 4269 1463 4330 evidenter
1506 4271 1592 4346 quod
1628 4271 1736 4331 dictus

97 4368 295 4428 monasterio
305 4369 498 4439 memorato,
515 4367 601 4428 sicut
616 4368 649 4427 in
665 4367 785 4428 litteris
797 4369 888 4443 ejus·
941 4365 1164 4442 praedecessor
1174 4367 1286 4426 noster
1299 4366 1393 4427 vobis
1406 4382 1465 4444 pro
1476 4369 1553 4444 jnre
1564 4368 1647 4444 ipso,
1665 4369 1736 4429 sive

97 4463 165 4526 dam
189 4464 395 4526 marchionis
423 4465 546 4526 exinde
572 4465 732 4526 conlectis
755 4464 887 4541 plenius
940 4462 1022 4523 illud
1037 4462 1418 4539 injuste-peteretissive
1424 4467 1525 4541 juste,
1537 4480 1736 4542 compensa·

97 4562 290 4633 continetur,
306 4562 422 4623 eadem
444 4562 509 4638 ipsi
524 4561 725 4623 monasterio
736 4561 888 4637 dignare·
941 4561 1065 4622 tionem
1080 4560 1232 4620 idoneam
1245 4561 1439 4637 assignavit,
1454 4563 1609 4624 videlicet
1621 4564 1735 4639 ligna·

97 4674 166 4719 mur
179 4660 377 4721 auctoritate
388 4659 578 4735 apostolica
594 4659 802 4720 confirmare.
818 4659 886 4718 Nos
936 4656 1031 4737 gium
1044 4658 1077 4715 91
1098 4655 1293 4731 herbagium
1315 4656 1349 4716 in
1371 4660 1482 4719 monte
1502 4659 1560 4735 qui
1584 4659 1736 4718 Furmuli

97 4755 195 4832 igitur
219 4756 340 4819 vestris
362 4757 463 4833 justis
479 4756 767 4832 postulationibus,
790 4757 886 4831 grato
940 4753 1138 4830 appellatur,
1158 4753 1284 4814 iaciens
1297 4769 1356 4814 vos
1371 4755 1405 4814 in
1422 4755 1514 4814 illius
1529 4756 1736 4831 corporalem

97 4854 328 4914 concurrentes
335 4868 474 4913 assensu
483 4853 710 4929 possessiones
718 4854 884 4928 praelatas,
941 4851 1185 4927 possessionem
1199 4850 1322 4922 induci,
1341 4866 1381 4911 ac
1393 4851 1523 4913 dilectis
1537 4852 1615 4915 liliis
1631 4854 1736 4929 priori

97 4951 249 5012 sicutvos
268 4952 360 5027 iuste
375 4952 409 5011 91
429 4950 566 5027 pacifice
581 4949 768 5026 possidetis,
793 4949 886 5010 vobis
940 4950 973 5009 et
999 4947 1156 5010 tratribus
1175 4948 1253 5010 dicti
1280 4949 1475 5009 monasterii
1494 4951 1679 5012 concedens
1695 4951 1738 5011 11-

97 5051 123 5110 st
135 5062 197 5125 per
211 5063 271 5109 vos
284 5047 421 5124 praeiato
437 5048 639 5108 monasterio
651 5048 762 5108 vestro
777 5048 887 5108 aucto·
940 5045 1019 5107 bere
1029 5061 1129 5122 super
1143 5044 1275 5108 dictam.
1291 5046 1359 5106 Nos
1369 5062 1449 5122 ergo
1464 5063 1579 5123 pacem
1590 5050 1623 5110 et
1637 5049 1736 5126 quie-

97 5145 188 5207 ritate
200 5144 392 5221 apostolica
408 5145 654 5214 confirmamus,
668 5145 701 5204 et
711 5145 886 5219 praesentis
941 5144 1006 5204 tem
1016 5142 1206 5204 eorumdem
1217 5143 1339 5218 prioris
1348 5146 1381 5204 et
1394 5142 1737 5222 fratrumpropensius

97 5242 403 5319 tcriptipatrocinio
419 5241 671 5302 communimus.
695 5240 787 5302 Nulli
806 5256 885 5317 ergo
940 5240 1147 5311 affectantes,
1171 5238 1259 5315 quod
1285 5255 1386 5317 super
1400 5241 1442 5302 iis
1456 5242 1497 5302 ab
1521 5243 1593 5318 ipso
1609 5241 1738 5318 praede·

97 5339 224 5401 >mnino
241 5338 413 5400 bominum
427 5338 526 5399 liceat
540 5338 626 5399 banc
640 5337 796 5414 paginam
811 5353 885 5399 nos·
940 5351 1074 5397 cessere
1089 5339 1203 5397 nostro
1215 5336 1339 5398 iactum
1350 5338 1464 5400 existit
1472 5337 1695 5415 approbamus
1705 5342 1739 5401 et

97 5442 150 5498 1111
176 5436 441 5498 confirmationis
466 5435 660 5511 intringere,
681 5437 734 5496 vel
752 5436 785 5497 ei
800 5450 884 5496 ausu
940 5433 1034 5495 vobis
1045 5436 1239 5510 perpetuum
1254 5435 1424 5497 silentium
1442 5451 1543 5511 super
1560 5435 1655 5511 sylva
1670 5436 1738 5496 im·

97 5533 271 5595 temerario
299 5532 477 5595 contraire.
496 5532 618 5609 Siquis
634 5531 887 5594 autembocat·
940 5531 1113 5607 ponentes,
1137 5530 1271 5591 tandem
1297 5546 1371 5592 eam
1395 5531 1563 5607 praedictis
1583 5532 1686 5609 priori
1702 5536 1735 5595 et

97 5634 220 5695 tentare
236 5629 485 5707 praesumpserit
499 5629 762 5705 indignationem
775 5630 886 5693 91111-
941 5627 1100 5689 iratribus
1127 5628 1324 5693 auctoritate
1343 5629 1533 5708 apostolica
1559 5631 1738 5697 conflrma-
