3774 6186
115 218 190 317 asa'
522 204 551 245 '⁹
746 258 974 319 srrsronn.
997 261 1075 321 nm.
1099 264 1137 321 v.
1519 242 1591 323 3
1702 262 1761 323 sut

117 412 207 483 aliis,
225 412 266 473 ad
282 414 567 489 quosearumdem
581 415 910 491 pertinetinstitutio,
951 420 1071 490 mota,
1099 420 1225 495 cogens
1253 420 1413 483 desistere
1439 420 1481 484 ab
1506 418 1647 490 eisdem,
1674 418 1761 497 quod
1846 474 1851 483 .

116 511 374 586 praesentantur,
387 510 451 585 ipsi
464 511 619 582 vicarios,
632 528 714 589 quos
728 513 828 573 iidem
845 513 914 575 fra·
967 516 1045 577 dicti
1060 516 1181 578 fratres
1193 532 1293 593 super
1304 517 1357 578 bis
1369 533 1435 580 non
1447 519 1575 594 possint
1587 518 1627 579 de
1640 518 1762 579 caetero

116 608 185 667 tres
200 622 259 683 pro
279 621 315 667 se
334 610 553 684 presentant,
578 609 726 685 recipere
748 610 800 669 rel
823 611 913 686 ipsos
968 614 1144 688 querelari.
1167 616 1285 676 Datum
1308 616 1481 685 Laterani,
1501 616 1592 675 xvii
1615 614 1684 674 lral.
1711 613 1762 675 fe-

117 702 238 763 fratres
257 703 298 764 ab
318 704 485 781 aliquibus
506 707 723 782 praesentatos
739 707 913 769 instituere
967 709 1106 779 bruerii,
1123 711 1332 787 pontificatus
1347 713 1452 775 nostri
1467 728 1557 773 anno
1569 712 1695 789 quinto.

117 800 361 873 contradicunt,
379 803 410 862 et
425 803 474 862 sic
489 802 610 863 fratres
624 804 715 878 ipsos
731 804 914 880 impediunt

117 900 151 959 et
165 898 375 973 perturbant,
391 903 427 961 ut
441 900 600 961 ecclesias
615 901 709 969 illas,
733 903 913 962 secundum
1300 909 1432 994 CXCV

117 996 204 1070 quod
220 995 268 1055 eis
283 996 482 1057 indulsimus
497 1013 556 1073 pro
570 996 787 1059 subventione
802 1001 913 1060 rerrae
969 1041 1244 1115 Admamstrum
1258 1042 1448 1113 Hospitalis
1461 1042 1495 1102 S·
1508 1042 1634 1103 Maria,
1647 1042 1763 1102 thttt.
1814 993 1833 1073 ',

118 1093 264 1163 Sanctae,
282 1109 347 1153 nort
363 1094 499 1155 valeant
513 1095 547 1154 in
563 1095 716 1171 proprios
735 1112 813 1155 usus
829 1112 911 1156 con·
1329 1162 1335 1172 ,

116 1192 259 1259 uertere,
269 1205 329 1249 seu
347 1191 447 1251 aliam
465 1190 702 1266 professionem
719 1193 913 1253 canonicam
1280 1162 1313 1219 ¹⁶
1325 1177 1385 1234 ¹³¹¹·
1403 1162 1482 1219 ¹²²¹·

116 1285 273 1361 adipisci,
291 1287 325 1347 in
341 1302 405 1363 quo
421 1288 540 1348 fratres
557 1289 621 1364 ipsi
637 1304 672 1349 se
687 1292 841 1350 asserunt
856 1291 913 1349 in·
1149 1276 1285 1337 [strobile.
1297 1276 1313 1325 ¹·
1325 1290 1357 1333 ⁰2
1373 1291 1398 1341 l>-
1410 1276 1466 1334 290·
1478 1292 1503 1326 ¹¹·
1517 1275 1584 1340 310·]

116 1382 262 1442 currisse
286 1398 351 1443 non
375 1384 537 1443 modicum
562 1383 808 1445 detrimentum.
833 1388 913 1445 Cum
968 1381 1103 1443 Concedit
1117 1382 1413 1452 ordiuilbeutonico,
1436 1391 1467 1440 ut
1487 1385 1618 1455 quemvis
1636 1384 1761 1441 crucesi-

116 1478 222 1555 igitur
231 1479 314 1555 ipsis
324 1479 482 1542 fratribus
492 1482 554 1541 boc
562 1483 912 1558 praesertimlempore,
1004 1467 1314 1567 ssss³l¹1¹¹12dlllssffl⁰d⁰
1338 1485 1394 1526 ⁰⁰¹¹
1413 1469 1507 1571 obstet
1528 1469 1763 1571 impedimentum

115 1592 191 1636 cum
201 1576 353 1639 laborant
363 1577 544 1638 cl'llcaciter
555 1579 588 1637 in
598 1578 912 1648 servitioCrucillxi,
1004 1559 1185 1627 ⁰³⁰⁰¹¹5⁰¹¹¹¹¹³
1202 1565 1276 1614 ¹⁰¹0?
1291 1556 1393 1615 sf³¹¹⁰⁸
1407 1573 1535 1631 f⁰⁰¹¹³⁰¹⁰
1549 1574 1576 1617 ⁰¹
1590 1560 1683 1617 heem-

115 1672 914 1751 debeamusspecialiusuposmlicumpresidium
1009 1675 1680 1751 Honoriusepiscopus,serrusservorum
1691 1678 1761 1750 Dei,
1833 1728 1837 1735 .

114 1771 278 1847 impertiri
294 1774 326 1832 et
338 1772 378 1832 ad
390 1772 599 1832 dilectionem
611 1773 757 1848 ipsorum
771 1773 913 1833 aliorum
969 1771 1099 1831 dilectis
1111 1772 1188 1832 liliis
1202 1771 1360 1847 magistro
1373 1775 1405 1833 et
1416 1772 1572 1834 fratribus
1583 1774 1764 1851 Hospitalis
1812 1830 1815 1837 .

114 1869 245 1929 animos
259 1869 410 1938 invitare,
423 1868 655 1930 discretionem
664 1872 808 1929 vestram
818 1886 910 1945 roga·
970 1870 1099 1929 Sanctae
1112 1870 1227 1930 Mariae
1238 1870 1516 1931 l'lrentonicorum
1529 1872 1765 1948 Hierosolymi-

113 1980 381 2035 mus,m0nemus
390 1967 422 2026 et
430 1966 910 2043 perApostolicarobisscripta
969 1966 1051 2035 tani,
1063 1967 1203 2028 salntem
1217 1970 1249 2028 et
1259 1967 1474 2043 apostolicam
1487 1966 1761 2030 benedictionem.

114 2062 340 2139 praecipiendo
369 2062 583 2135 muniamus,
610 2066 772 2139 quatenus
796 2080 853 2125 ecs
879 2065 913 2123 in
1007 2064 1112 2125 Justis
1141 2065 1321 2140 petentium
1346 2064 1520 2127 desideriis
1548 2066 1685 2141 dignum
1714 2068 1765 2127 est

113 2159 187 2219 suis
214 2158 398 2219 rationibus
423 2160 591 2220 efllcacius
623 2160 847 2231 confoventes,
864 2162 914 2223 sic
969 2176 1029 2221 nos
1055 2160 1186 2222 facilem
1212 2162 1361 2238 praebere
1390 2178 1588 2224 consensum
1615 2165 1761 2234 strofa,

114 2254 315 2330 permittatis
329 2256 379 2315 eis
397 2256 431 2315 in
453 2255 641 2316 obtinendis
656 2258 689 2317 et
704 2258 913 2333 possidendis
968 2274 1042 2334 quae
1061 2274 1081 2319 a
1099 2259 1239 2320 rationis
1258 2261 1392 2321 tramite
1407 2277 1472 2322 non
1488 2261 1698 2333 discordant,
1712 2260 1764 2324 ef·

113 2350 267 2411 ecclesiis
288 2367 443 2411 concessa
468 2351 549 2428 ipsis
571 2367 590 2412 a
616 2352 699 2412 Sede
723 2352 913 2428 apostolica
969 2354 1056 2416 fectu
1070 2359 1288 2433 prosequente
1308 2359 1484 2433 complere.
1502 2359 1695 2435 Eapropter,
1712 2358 1766 2419 di·
1868 2412 1875 2419 .

114 2446 269 2508 libertate
284 2448 440 2522 gaudere,
453 2448 538 2525 quod
546 2450 671 2524 Justam
682 2449 722 2509 de
739 2449 831 2509 vobis
847 2465 913 2510 nou
969 2451 1045 2512 lecti
1065 2452 1099 2511 in
1119 2454 1257 2514 Domino
1282 2452 1358 2525 lilii,
1381 2455 1503 2515 vestris
1524 2454 1626 2528 justis
1650 2457 1765 2530 postu-

116 2545 246 2621 possint
256 2543 378 2605 babere
390 2544 561 2605 materiam
573 2546 844 2607 murmurandiet
854 2563 913 2607 uris
969 2548 1149 2610 dationibus
1190 2553 1285 2624 grato
1325 2552 1560 2613 concurrentes
1602 2566 1762 2623 assensu,

115 2655 177 2717 pro
192 2639 273 2717 ipsis
289 2656 388 2716 super
409 2641 471 2702 lloc
489 2640 584 2702 vobis
599 2641 722 2718 scripta
735 2658 800 2703 nou
814 2658 916 2719 coga-
969 2648 1143 2723 praesentis
1156 2648 1271 2724 scripti
1288 2650 1408 2724 pagiua
1422 2648 1517 2710 vobis
1534 2649 1692 2711 duximus
1706 2650 1763 2710 in·
1869 2688 1872 2693 ,

116 2752 193 2797 mur
203 2736 346 2813 dirigere
357 2737 503 2798 duriora.
517 2739 633 2800 Datum
645 2740 811 2809 Laterani,
823 2742 914 2801 XVII
969 2742 1180 2818 dulgeudum,
1193 2747 1228 2806 ut
1239 2745 1337 2807 liceat
1347 2744 1440 2807 rubis
1451 2746 1631 2823 quemlibet
1640 2748 1765 2809 sanctae

117 2834 283 2896 kalendas
296 2834 467 2907 februarii,
483 2836 694 2912 pontificatus
709 2837 813 2898 nostri
827 2852 914 2899 anno
969 2840 1077 2902 crucis
1102 2841 1274 2916 signaculo
1295 2843 1460 2917 signatum
1477 2844 1510 2903 in
1526 2842 1661 2905 fratrem
1676 2843 1765 2904 reci-

117 2932 246 3008 quiuto.
969 2952 1061 3013 pere,
1081 2938 1109 2997 si
1127 2938 1395 3013 impedimentum
1417 2939 1550 3015 aliquod
1566 2940 1762 3003 canonicum

969 3051 1034 3095 non
1051 3035 1200 3096 obsistat.

443 3109 595 3195 CXCIV
1008 3130 1101 3191 Nulli
1123 3146 1203 3207 ergo
1217 3131 1351 3193 omnino
1367 3133 1537 3194 bominum
1557 3134 1657 3195 liceat
1677 3134 1764 3195 bauo

156 3254 209 3312 Aa
220 3254 351 3324 fragres
366 3248 555 3326 limans
569 3254 603 3313 3·
614 3252 741 3312 Μανία,
757 3251 872 3313 mm·
969 3227 1124 3303 paginam
1156 3230 1278 3289 nostrae
1310 3229 1535 3291 concessionis
1563 3230 1761 3305 infringere,

415 3372 509 3445 man
538 3374 616 3429 ml·
968 3324 1022 3385 vel
1047 3325 1079 3385 ei
1103 3340 1187 3387 ausu
1214 3326 1393 3387 temerario
1419 3326 1596 3387 corrtraire.
1625 3328 1660 3387 Si
1689 3328 1764 3404 quis

295 3487 432 3553 [strobile
445 3487 462 3536 Ι.
477 3502 509 3543 c.
526 3502 551 3552 p.
564 3487 619 3541 Μ.
632 3500 658 3537 n.
669 3484 737 3551 3¹9²]
969 3424 1080 3483 autem
1104 3422 1168 3483 boc
1194 3424 1357 3484 attentare
1385 3426 1649 3499 praesumpserit,
1672 3425 1763 3485 indr-

226 3580 237 3609 ,
423 3594 428 3606 ,
615 3593 621 3604 ‚
712 3592 717 3604 ⁸
744 3593 749 3604 ,
968 3519 1158 3595 guntionem
1189 3521 1423 3597 omnipotentis
1447 3521 1506 3581 Dei
1532 3521 1565 3582 et
1590 3520 1762 3583 beatorum

170 3599 303 3653 ⁰⁰⁰¹¹¹¹⁰⁸
318 3594 353 3651 “b
368 3593 468 3650 “⁶¹⁰⁰
483 3593 659 3651 T¹¹³¹¹¹⁰¹¹¹⁰⁰
673 3608 751 3666 ΜΨ
767 3600 852 3649 vem·
969 3617 1059 3677 Petri
1076 3618 1110 3677 et
1127 3616 1222 3677 Pauli
1241 3617 1464 3693 apostolorum
1480 3619 1552 3693 ejus
1571 3633 1607 3679 se
1632 3619 1765 3680 noverit

157 3713 326 3773 Honorius
361 3711 557 3787 episcopus,
592 3725 708 3770 servus
741 3724 913 3770 servornm
968 3712 1316 3775 incursurum.l)ntum
1328 3715 1591 3786 Laterani,XV11
1602 3714 1762 3776 kalendas
1850 3746 1856 3757 ·

118 3811 188 3880 Dei,
205 3813 269 3871 etc.
968 3808 1138 3882 februarii,
1155 3812 1366 3887 pontilicatus
1382 3812 1487 3873 nostri
1500 3826 1588 3872 anno
1603 3812 1729 3889 quinte.

156 3910 207 3967 Ex
238 3908 330 3982 parte
363 3905 560 3966 dilectorum
595 3903 739 3963 tiliorum
773 3901 913 3963 fratrum

115 4003 298 4079 Hospitalis
326 4004 456 4063 Sanctae
488 4000 603 4061 blariao
634 4000 913 4061 Tbeutouicurum
1291 4013 1443 4100 CXCVI

115 4099 421 4177 Hierosolymitani.
441 4098 536 4158 nobis
558 4102 608 4159 est
628 4097 738 4157 oblata
763 4096 912 4172 querela,

115 4197 345 4276 quodquidam
358 4199 503 4258 restrum
516 4194 691 4256 occasione
701 4193 839 4255 Concilii
855 4208 915 4267 ge-

114 4295 241 4357 neralis
257 4309 315 4370 pro
330 4310 399 4353 suae
412 4293 593 4354 voluntatis
608 4290 748 4351 arbitrio
768 4289 913 4349 decimas
1262 4275 1295 4332 ¹5
1307 4276 1367 4347 1⁸¹¹·
1386 4277 1464 4335 ¹²²¹·

113 4391 267 4453 laborum
280 4391 319 4451 de
336 4387 599 4466 possessionibus
609 4386 732 4447 habitis
743 4389 820 4446 aute
832 4388 914 4445 Con·
1147 4387 1283 4453 [strenus.
1296 4390 1314 4441 l.
1328 4405 1360 4448 c,
1374 4406 1400 4455 p.
1411 4391 1466 4447 aad,
1479 4406 1505 4441 n.
1517 4391 1586 4457 aar]

114 4489 229 4551 cilium
244 4489 472 4555 memtlralllm,
496 4499 579 4561 quos
601 4483 665 4559 ipsi
688 4483 831 4560 propriis
847 4498 915 4545 ma·
967 4494 1080 4555 ordinis
1096 4494 1264 4553 Hrcutonici
1277 4496 1505 4555 berlefectoribus
1523 4499 1654 4557 concedit
1668 4499 1760 4557 liudul-

114 4586 215 4647 nlbus
228 4587 286 4645 aut
300 4582 484 4658 sumptibus
497 4581 663 4651 excolunt,
680 4582 713 4642 et
728 4580 915 4639 nutrimen·
1002 4585 1130 4657 gentiam
1149 4584 1260 4657 ipsique
1280 4585 1460 4654 laculutem,
1478 4595 1508 4643 ut
1526 4588 1554 4643 in
1575 4587 1692 4647 fratrum
1710 4587 1760 4645 ad·

114 4684 159 4744 tis
188 4697 322 4742 sucrum
350 4680 544 4740 animalium
574 4677 616 4739 ab
643 4677 707 4747 eis,
734 4679 848 4737 contra
873 4691 913 4736 ea
1002 4673 1617 4731 ventusemelinaunoeccleeiainterdicto
1627 4676 1762 4749 subjecta

114 4795 191 4857 quae
206 4795 225 4839 a
241 4777 336 4838 nobis
355 4777 482 4837 indulta
498 4779 585 4845 suut,
600 4790 667 4835 non
690 4776 840 4835 metuunt
853 4789 915 4833 ex·
1004 4761 1176 4833 flleliflssfur·

116 4878 283 4952 torquere.
300 4874 460 4946 Quocirca
482 4872 692 4933 universitati
716 4873 835 4932 restrae
856 4886 914 4945 per
1007 4868 1174 4931 Honorius
1185 4868 1370 4946 episcopus,
1381 4885 1497 4930 servus
1506 4885 1677 4932 servorum
1689 4875 1760 4947 Dei,

115 4974 307 5052 Apostolica
337 4971 472 5047 scripta,
497 4970 532 5031 in
556 4970 679 5029 virtute
702 4967 910 5037 obedientiae,
968 4965 1214 5027 venerabilibus
1245 4965 1404 5026 fratribus
1437 4967 1696 5046 archiepiscopis
1729 4975 1763 5033 et

1027 4157 1079 4215 Ad
1092 4157 1373 4229 orcmcpscopos,
1390 4156 1621 4230 acepsemas,
1638 4158 1700 4217 cto.

117 5072 268 5133 districte
288 5067 510 5147 praecipiendo
526 5067 733 5136 mandamus,
751 5066 912 5140 quatenus
968 5063 1132 5139 episcopis
1146 5064 1180 5124 et
1193 5062 1322 5123 dilectis
1338 5062 1416 5123 liliis
1430 5063 1621 5137 abbatibus,
1639 5068 1763 5141 priori·
1870 5066 1882 5079 “

118 5185 187 5230 non
211 5167 361 5229 obstante
384 5166 483 5240 longa
508 5162 664 5224 violentia
691 5177 792 5237 super
817 5161 914 5222 dictis
968 5160 1040 5231 bus,
1054 5159 1310 5232 archidiaconis,
1323 5160 1458 5222 decante
1469 5164 1501 5223 et
1515 5162 1591 5223 aliis
1602 5163 1763 5225 ecclesia·
1811 5164 1825 5175 ‘

118 5264 352 5329 exactionibus
376 5262 500 5322 eisdem
526 5258 685 5320 frutribus
709 5259 855 5333 irrugata
882 5260 915 5318 et
969 5270 1041 5315 rum
1057 5255 1216 5331 praelatis,
1232 5255 1273 5316 ad
1289 5272 1371 5334 quos
1384 5257 1502 5320 litterae
1517 5257 1765 5334 istaepervene-

121 5380 180 5425 vos
206 5361 269 5437 ipsi
294 5360 336 5421 ab
359 5358 551 5420 extorsione
572 5354 759 5432 bujusmudi
785 5354 915 5431 penitus
970 5352 1047 5423 rint,
1060 5352 1199 5413 salutem
1213 5355 1246 5413 et
1259 5354 1474 5429 apostolicam
1485 5354 1759 5418 benedictionem.

120 5458 307 5529 desistatis,
336 5461 369 5519 et
391 5456 520 5515 uestros
544 5452 692 5513 subditos
717 5450 830 5512 taliter
857 5467 916 5528 per
1009 5449 1132 5509 Milites
1148 5450 1329 5526 Hospitalis
1346 5452 1476 5512 Sanctae
1491 5451 1607 5513 blariae
1617 5452 1764 5515 Thente-

120 5572 297 5619 ceusurnm
317 5552 589 5619 ecclesiasticam,
612 5548 835 5625 appellatione
857 5564 913 5609 re·
971 5548 1120 5609 uicorum
1136 5549 1440 5627 Hierosolymltani,
1450 5549 1526 5609 novi
1538 5548 1599 5610 sub
1615 5552 1762 5628 tempore
