3774 6186
97 290 145 352 tas
384 272 386 277 ’
485 279 492 291 ’
705 282 932 349 erisronln.
957 289 1034 348 me.
1059 290 1113 348 1v.
1674 288 1733 348 aaa

96 449 150 526 pai
173 450 241 511 tam
261 447 483 526 appellatione
505 463 604 526 quam
630 448 881 525 exceptionibus
937 448 1057 518 entem,
1086 448 1147 508 etc.
1178 448 1296 510 Datum
1324 448 1476 522 viterbii,
1504 446 1622 527 quarto
1655 448 1730 510 idus

97 548 205 609 restris
218 562 278 624 pro
289 561 347 606 sua
358 545 528 606 voluntate
537 547 742 622 contemptis,
751 561 883 622 proces·
938 542 1107 615 iebruarii,
1123 544 1332 621 pontificatus
1345 548 1448 608 nostri
1462 561 1550 607 anno
1560 547 1690 623 quartu.

97 646 201 706 erunt
214 644 255 705 ad
271 643 382 705 omnia
398 641 607 719 supradicta;
625 659 727 719 quare
751 643 883 720 petebat

99 740 220 801 llorum
236 754 426 816 processum
440 737 572 799 irritum
587 739 745 809 nuntiari,
773 741 805 800 et
822 738 883 798 ab·
899 818 902 827 ¹
1270 723 1407 810 LXXX

97 837 172 899 volvi
186 853 245 898 vos
262 853 282 897 a
297 835 456 912 petitione
475 835 589 897 clerici
608 836 792 898 memorati.
813 837 882 896 Nos
939 857 991 916 Aa
1014 861 1144 917 clerum
1173 857 1244 918 tam
1273 861 1425 921 mnam
1448 873 1551 933 quam
1579 861 1735 921 ,Moesis

97 934 201 1011 gitur,
209 934 252 994 iis
260 932 563 1010 etaliispropositis
572 936 606 994 et
616 933 759 994 ostensis
768 948 880 995 coram
1202 957 1477 1031 progaginem

97 1031 241 1093 inditore
262 1029 420 1107 praedicto
443 1029 576 1107 plenius
594 1029 782 1102 intellectis,
805 1031 882 1108 quia
1237 1077 1270 1134 ¹3
1286 1077 1331 1134 seb
1358 1078 1428 1135 itio

97 1127 238 1189 ensem
255 1126 411 1203 praefatas
435 1126 565 1188 litteras
592 1124 697 1188 luisse
720 1141 781 1205 per
807 1126 884 1188 taisi
1033 1189 1165 1255 [ww
1208 1193 1230 1242 Ν
1291 1123 1391 1243 Sbssd,
1422 1120 1475 1244 (ᾖ
1575 1193 1623 1245 m

97 1225 334 1302 suggestionem
370 1224 533 1295 obtentas,
563 1224 692 1286 litteras
717 1225 820 1302 ipsas,
850 1227 884 1286 et
1144 1205 1194 1251 ω’
1232 1207 1281 1242 ova
1309 1209 1364 1242 ⁰⁸¹
1385 1208 1410 1243 ¹⁸
1440 1209 1466 1259 Ψ
1477 1206 1565 1255 ''¹¹¹''
1624 1194 1644 1261 ‚J

97 1321 239 1384 mitum
255 1336 369 1383 gamm
383 1320 558 1383 occasione
569 1336 759 1398 processum
772 1320 888 1384 decre.
941 1306 1014 1378 lpsic
1037 1309 1155 1365 remittit
1167 1308 1334 1367 vicesimam
1354 1324 1370 1367 a
1390 1311 1516 1368 concilio
1541 1311 1671 1383 generali
1684 1325 1737 1384 pro

97 1416 200 1481 umus
215 1434 281 1481 non
295 1419 419 1490 valere,
432 1432 492 1479 vos
508 1416 549 1480 ab
563 1417 770 1496 impetitione
794 1434 886 1497 prae·
1058 1398 1154 1454 Tm
1172 1399 1283 1456 ⁵⁸¹¹⁰¹⁸³
1298 1398 1425 1457 ⁸⁰¹³⁸³di⁰
1445 1400 1618 1472 ¹¹¹¹P⁰⁸¹¹⁸¹¹¹·

97 1513 150 1579 tau
179 1516 296 1578 clerici
324 1514 545 1577 absolventes.
570 1516 688 1577 Datum
724 1514 885 1588 Viterbii,
982 1523 1160 1595 Honorius,
1188 1526 1262 1596 etc,
1280 1524 1409 1587 dilectis
1436 1525 1514 1586 liliis
1548 1528 1587 1588 Β.
1619 1526 1738 1602 majori

97 1613 238 1677 wcundo
253 1628 359 1675 nonas
373 1610 546 1685 februarii,
563 1611 887 1692 pontificatusnostri
942 1621 1130 1696 praeposito,
1151 1625 1183 1682 et
1198 1625 1236 1683 Α.
1253 1623 1391 1700 majoris
1412 1624 1562 1685 ecclesiae
1577 1624 1738 1685 canonico

97 1725 180 1774 anno
196 1712 326 1789 quarto.
942 1717 976 1777 et
986 1719 1021 1776 Β.
1040 1718 1152 1780 Sancti
1168 1719 1258 1780 Petri
1280 1721 1419 1791 custodi,
1434 1723 1581 1796 argent,
1598 1721 1739 1782 salutem

412 1827 571 1921 mnx
942 1814 1740 1990 0‘tilitatestitillatum,aa,

97 1972 311 2045 *amm
324 1969 717 2128 mfflveigmmgmm
730 1966 889 2032 mardi
943 2009 1049 2071 nostri
1061 2009 1315 2086 argentinensis
1330 2012 1477 2089 episcopi
1497 2015 1531 2074 et
1545 2012 1740 2075 dilectorum

393 2080 495 2236 russie.
509 2079 627 2236 12²3·
943 2105 1088 2167 oliorum
1109 2107 1192 2168 aian
1214 2110 1314 2185 atque
1345 2111 1414 2170 tam
1446 2110 1602 2180 cretatis,
1642 2126 1741 2188 quam

943 2202 1097 2264 dioecesis
1106 2206 1370 2281 argentinensis,
1385 2208 1503 2269 litterae
1514 2208 1739 2279 continebant,

130 2282 306 2351 [negei.,lib.
317 2282 362 2344 W·
376 2298 418 2349 Β·
430 2282 485 2336 ⁶⁶⁷·
499 2285 556 2334 ²¹⁵⁸·
570 2286 606 2336 ¹⁴⁸
619 2285 694 2336 ''⁰¹20
710 2282 745 2336 ‘¹¹¹
756 2280 849 2350 mat]
944 2301 1030 2377 quod
1045 2317 1085 2362 eo
1100 2306 1308 2378 suggerente,
1324 2304 1380 2382 qui
1393 2303 1490 2365 bonis
1505 2304 1679 2367 consuevit
1689 2321 1743 2366 ac·

97 2393 236 2451 sumam
246 2389 399 2463 medoen.
410 2404 462 2465 pro
470 2391 675 2449 modiolorum
683 2393 889 2450 sustentatione
944 2398 1031 2459 tibus
1046 2398 1208 2470 invidere,
1225 2416 1243 2461 a
1259 2403 1406 2477 ternpore
1417 2401 1555 2463 concilii
1569 2404 1738 2478 generalis

112 2478 232 2553 blitilde
247 2477 363 2549 iactum,
376 2479 543 2536 ⁸⁰01⁰fi¹⁸i⁸
552 2480 715 2550 Al⁰⁸1⁰¹¹0⁸
729 2478 887 2536 wflflfmii·
944 2496 1074 2571 guerris
1096 2498 1262 2559 continuis
1291 2499 1437 2575 regionis
1458 2498 1572 2561 afflicti
1593 2499 1742 2577 graviter

133 2597 313 2667 llonorius,
340 2596 416 2666 etc„
430 2596 560 2656 dilectis
589 2595 704 2656 tiliis...
730 2597 834 2673 priori
858 2599 891 2659 et
944 2595 978 2654 et
996 2595 1158 2671 oppressi,
1183 2612 1221 2657 ac
1249 2596 1333 2657 alias
1359 2597 1487 2672 rapinis
1513 2599 1545 2658 et
1573 2597 1738 2658 incendiis

97 2693 277 2754 conventui
293 2692 485 2754 monasterii
500 2693 612 2753 Sancti
626 2693 776 2754 Medardi
791 2696 892 2755 Sues·
944 2692 1172 2768 multipliciter
1200 2692 1357 2764 lacessiti,
1379 2695 1506 2754 tantam
1529 2695 1739 2757 sterilitatem

99 2791 243 2861 sionem,
261 2789 412 2861 salutem,
425 2790 487 2851 etc.
945 2789 980 2849 in
996 2805 1084 2850 anno
1095 2790 1261 2852 sustinere
1277 2791 1442 2867 praesenti,
1458 2792 1544 2869 qnod
1557 2768 1743 2854 vitam‘ino·

137 2888 230 2948 Solet
244 2901 391 2948 annuere
406 2887 509 2948 Sedes
522 2888 712 2963 apostolice
725 2888 790 2965 piis
804 2889 891 2951 votis
945 2898 1019 2963 pem
1036 2884 1234 2950 deducentes
1248 2890 1306 2950 vix
1325 2890 1453 2966 possint
1468 2891 1508 2951 de
1530 2892 1578 2951 tot
1597 2889 1740 2951 calami-

99 2987 133 3047 et
160 2984 309 3045 honestis
336 2985 517 3060 petentium
540 2984 715 3046 desideriis
744 2982 890 3046 favorem
945 2980 1069 3042 tatibus
1101 2982 1279 3058 respirare.
1315 2983 1409 3044 Unde
1442 2984 1537 3044 nobis
1575 2999 1618 3045 ex
1648 2987 1743 3060 parte

97 3080 292 3143 benevolum
301 3081 477 3158 impertiri.
490 3083 682 3159 Eapropter,
694 3081 806 3143 dilecti
817 3082 890 3153 lilii,
946 3079 1118 3138 memorati
1131 3078 1212 3139 cleri
1223 3092 1287 3155 per
1300 3096 1360 3140 vos
1372 3079 1509 3141 dilectos
1520 3080 1606 3140 tilios
1619 3083 1655 3140 Α.
1672 3096 1742 3141 ma·

97 3181 217 3240 vestris
240 3177 393 3255 precibus
416 3179 611 3250 annuentes
633 3193 792 3256 personas
811 3197 890 3241 ves·
942 3175 1027 3251 joris
1042 3175 1191 3237 ecclesiae
1205 3178 1411 3249 canonicum,
1421 3178 1455 3238 et
1468 3179 1503 3237 Β.
1522 3178 1635 3238 sancti
1649 3176 1738 3239 Petri

97 3274 176 3344 tras,
208 3275 241 3333 et
264 3271 503 3335 monasterinm
528 3273 564 3333 in
589 3290 653 3349 quo
677 3272 789 3334 divino
809 3274 891 3335 estis
949 3272 1118 3333 custodem
1131 3273 1417 3348 argentinensem,
1427 3273 1467 3334 ad
1482 3273 1743 3350 bocspecialiter

97 3369 253 3446 obsequio
280 3369 470 3447 mancipati,
499 3386 574 3431 curn
602 3370 755 3432 omnibus
781 3371 889 3444 bonis,
947 3364 1743 3448 destinatosluithumilitersupplicatum,utcur'n

97 3483 169 3545 quaa
183 3468 217 3526 in
227 3466 732 3542 praesentiarumrationabiliter
746 3469 892 3545 posside·
946 3470 1080 3544 propter
1095 3468 1266 3544 praemissa
1281 3471 1312 3529 et
1323 3468 1390 3528 alia
1400 3468 1635 3545 impedimenta
1646 3471 1743 3545 juxta

97 3564 148 3636 tis,
163 3565 222 3625 aut
243 3564 440 3625 infuturum
456 3566 557 3640 justis
575 3566 691 3637 modis,
713 3569 891 3644 praestante
946 3563 1076 3640 prefati
1087 3565 1210 3625 statuta
1220 3564 1358 3625 concilii
1373 3564 1567 3626 vicesimam
1582 3581 1648 3626 non
1663 3579 1742 3642 per-

97 3661 246 3733 bomino,
263 3659 413 3737 poteritis
437 3661 588 3738 adipisci,
606 3662 666 3722 sub
687 3666 724 3724 Β.
749 3664 837 3725 Petri
860 3666 892 3726 et
946 3658 1117 3733 solverint,
1150 3678 1190 3723 ac
1216 3662 1320 3724 velint
1337 3663 1372 3722 in
1400 3663 1741 3738 recompensationem

97 3760 208 3820 nostra
246 3757 452 3835 protectione
483 3758 692 3835 suscipimus.
709 3763 814 3832 Quum
830 3777 892 3822 au·
946 3759 1052 3835 ipsius
1065 3761 1188 3820 certam
1202 3759 1331 3820 solvere
1345 3760 1495 3835 pecuniae
1509 3761 1738 3837 quantitatem,

97 3858 172 3927 tem,
199 3856 286 3915 sicut
309 3854 403 3917 vobis
427 3855 650 3917 referentibus
664 3858 891 3919 intelleximus
946 3856 1074 3917 scilicet
1090 3856 1249 3918 ducentas
1262 3872 1391 3917 marcas
1406 3858 1548 3932 argenti,
1561 3858 1742 3918 secundum

97 3954 248 4029 exigente
281 3952 442 4021 utilitate,
467 3953 660 4024 honestate,
696 3969 736 4015 ac
770 3970 890 4017 neces·
946 3953 1742 4030 mandatumnostrumprosubsidiolerraesanc·

97 4050 192 4112 sitate
220 4050 417 4111 monasterii
446 4050 561 4122 vestri,
594 4051 635 4111 de
662 4051 766 4112 vestri
794 4052 893 4113 abba·
946 4052 999 4122 ta,
1016 4064 1058 4111 ne
1074 4052 1239 4112 sententia
1255 4051 1608 4112 excommunicationis
1629 4051 1663 4112 in
1679 4051 1741 4111 dc-

97 4146 136 4208 ds
155 4160 310 4218 assensu,
334 4146 498 4209 duxeritis
523 4148 745 4220 statuendum,
771 4151 807 4210 ut
832 4166 891 4227 pro
945 4150 1092 4210 teutones
1108 4148 1213 4226 ipsius
1229 4148 1396 4209 vicesimae
1416 4149 1623 4224 promulgata
1638 4149 1741 4225 ligen-

97 4242 243 4306 vestibus
271 4244 305 4305 et
332 4243 408 4304 aliis
435 4244 605 4317 honestis,
631 4248 664 4307 et
689 4246 891 4308 necessariis
946 4248 1010 4318 tm,
1028 4245 1202 4322 providere
1217 4246 1257 4308 de
1283 4245 1488 4322 benignitate
1515 4245 1610 4307 Sedis
1636 4251 1744 4324 Apos-

97 4340 212 4402 usibus
224 4340 345 4402 vestris
360 4340 534 4403 annuatim
548 4343 630 4404 certi
645 4343 794 4420 ejusdem
815 4361 890 4406 mo·
945 4343 1054 4404 tolicae
1076 4344 1300 4420 dignaremur.
1324 4344 1393 4405 Nos
1415 4343 1518 4419 igitur
1536 4344 1643 4421 ipsius
1660 4345 1741 4406 cleri

97 4438 236 4500 basterii
251 4437 399 4499 redditus
423 4438 632 4515 deputentur,
656 4443 690 4502 et
711 4441 796 4518 quod
824 4443 892 4503 tam
946 4441 1115 4502 miseriam
1128 4441 1390 4503 misericorditer
1399 4441 1605 4514 miserantes,
1620 4442 1653 4504 et
1662 4458 1743 4520 pau·

97 4535 245 4610 praedicti
271 4550 369 4610 quam
394 4536 526 4612 quidam
552 4536 611 4597 alii
637 4538 785 4599 redditus
808 4554 891 4615 qnos
947 4540 1066 4615 portati
1077 4539 1325 4615 compatientes,
1340 4538 1444 4617 ipsius
1455 4538 1599 4602 oblatam
1610 4554 1740 4617 pervus

97 4633 234 4699 emistis,
254 4646 397 4693 necnon
421 4634 638 4709 quarumdam
658 4636 842 4708 vinearum,
860 4637 893 4698 et
945 4640 984 4697 Α.
1009 4639 1043 4699 et
1057 4638 1092 4697 Β.
1119 4638 1259 4698 nuncios
1283 4637 1457 4713 pecuniam
1484 4637 1738 4714 acceptavimus,

97 4730 237 4791 aliarum
250 4730 496 4804 possessionum
509 4732 689 4806 proventus
702 4733 825 4805 collati,
838 4750 892 4794 vo·
946 4733 1052 4795 eidem
1081 4734 1236 4811 episcopo
1264 4735 1386 4797 nostris
1415 4734 1531 4795 dantes
1557 4733 1677 4795 litteris
1706 4735 1740 4795 in

97 4825 153 4898 bis,
167 4826 302 4902 pietatis
316 4826 449 4896 intuitu,
462 4842 522 4903 pro
535 4829 637 4888 vestri
656 4828 838 4891 relectione
853 4844 892 4891 ao
947 4832 1141 4908 praeceptis,
1168 4833 1205 4894 nt
1231 4833 1323 4894 viros
1351 4832 1489 4893 idoneus
1521 4832 1553 4892 et
1581 4830 1739 4893 honestus

97 4924 169 4985 iliis
193 4923 394 4984 necessariis
420 4923 578 5000 deputati,
611 4926 647 4986 in
668 4926 779 4987 nullos
812 4943 892 4989 usus
946 4929 1139 4990 decivitate
1161 4945 1199 4991 ac
1222 4929 1358 4990 dioecesi
1384 4928 1585 5005 supradictis
1614 4928 1741 5007 eligere

97 5021 178 5082 ilios
205 5021 461 5092 transferantur,
497 5036 558 5083 nos
586 5024 748 5085 statutum
774 5024 893 5101 bujus-
946 5027 1077 5089 studeat
1091 5029 1164 5088 sine
1179 5043 1284 5098 mora,
1304 5027 1362 5104 qui
1379 5025 1592 5089 facultatibus
1613 5028 1648 5090 et
1662 5029 1740 5089 aliis

97 5117 197 5185 modi,
212 5116 302 5179 mont
329 5118 466 5194 provide
488 5132 529 5179 ac
547 5119 673 5182 utiliter
692 5121 814 5183 iactum
829 5125 889 5194 est,
946 5125 1204 5185 circumstantiis
1217 5125 1324 5201 ipsius
1344 5123 1457 5186 clerici
1472 5123 1667 5202 diligentius
1681 5124 1738 5186 in-

97 5215 182 5277 atin
207 5213 368 5275 comacus
392 5215 513 5277 exinde
542 5216 662 5278 litteris
687 5220 889 5292 continetur,
946 5221 1075 5298 degatis
1089 5224 1207 5283 taxare
1228 5222 1394 5292 studeant,
1417 5220 1495 5298 quid
1520 5220 1561 5283 de
1576 5222 1741 5283 solutione

97 5310 293 5373 inmonitate
301 5312 489 5387 apostolica
504 5314 740 5376 confirmamus
757 5317 791 5377 et
805 5332 894 5393 prae-
946 5319 1052 5395 ipsins
1066 5319 1217 5396 pecuniae
1230 5319 1399 5394 contingat
1415 5319 1595 5396 quemlibet
1606 5333 1741 5379 eorum-

97 5407 784 5485 sentissuriptipatrociniocommunimus.
799 5415 892 5475 Nulli
946 5416 1029 5477 dem.
1056 5416 1211 5494 Idemque
1235 5416 1325 5493 ipsos
1346 5416 1433 5477 inira
1458 5415 1644 5493 quindecim
1669 5415 1740 5476 dies

97 5521 184 5581 argo,
197 5507 274 5576 etc,
287 5504 375 5567 banc
384 5508 539 5583 paginam
549 5511 891 5587 nostraeprotectionis
930 5582 933 5587 ,
946 5515 1020 5590 post
1029 5513 1251 5590 receptionem
1260 5513 1483 5589 praesentium,
1492 5510 1621 5572 sublato
1632 5513 1739 5588 cujus·

97 5607 125 5665 et
152 5601 417 5664 confirmationis
441 5605 636 5681 intringere,
663 5611 727 5669 etc.
752 5609 787 5669 Si
816 5609 891 5685 quis
930 5610 1310 5672 -libetcontradictionis
1325 5613 1357 5670 et
1379 5607 1613 5685 appellationis
1628 5607 1740 5669 obsta-

236 5755 354 5799 rnrnou.
373 5754 448 5799 rous
465 5745 515 5801 ill.
1566 5749 1599 5805 ln
