3774 6186
114 324 170 382 231

114 483 170 544 tiae
191 481 323 559 quidem
343 482 408 544 tuae
423 480 598 558 prudentia
620 479 727 557 plene,
746 482 781 543 ut
795 481 908 543 credi-

115 597 203 652 mus,
227 580 396 656 cognoscit
422 581 454 640 et
468 579 558 640 videt
576 579 667 655 ipsos
683 579 862 640 Tolosanos
875 580 909 641 et

115 694 228 741 eorum
251 677 427 754 complices
442 677 483 737 ad
505 677 538 737 id
556 677 747 753 specialiter
761 679 794 739 et
810 677 908 754 prin-

115 776 422 854 cipalitertendere‚
432 777 468 836 ut
480 776 676 851 apparatum
688 791 785 852 quem
799 774 908 835 iecisti

114 889 174 950 pro
182 874 342 951 jamdicto
356 873 489 950 negotio
514 871 614 951 (quod
634 871 721 933 absit
733 871 758 950 l)
774 873 910 933 valeant

115 972 286 1048 impedire.
304 973 388 1044 Quia
403 985 483 1032 rero
507 971 578 1031 sine
592 971 688 1046 gravi
703 969 859 1031 scandalo
876 970 909 1032 et

113 1069 286 1145 dispendio
301 1071 367 1130 tuae
396 1069 513 1131 salutis
538 1069 571 1128 et
595 1067 691 1129 famae
711 1084 777 1129 non
794 1083 907 1144 posses

114 1183 234 1228 novam
260 1167 506 1229 concessionem
536 1166 646 1227 lacere
671 1165 710 1226 de
728 1165 905 1242 predictis,

113 1265 168 1325 vel
190 1264 325 1333 differre
346 1265 585 1340 promotionem
611 1263 740 1341 praelati
771 1261 905 1338 negotii,

113 1377 173 1440 pro
187 1361 386 1438 quotantum
401 1363 595 1438 apparatum
610 1362 758 1422 nosceris
769 1364 840 1438 jam
854 1359 907 1421 ie-

115 1461 211 1531 cisse,
228 1460 360 1536 plenam
381 1458 540 1520 habemus
558 1458 723 1531 fiduciam,
740 1459 826 1536 quod
841 1459 907 1519 tuae

114 1556 352 1632 magnitudinis
364 1556 626 1633 circumspecti0,
636 1556 709 1616 haec
719 1555 905 1626 attendens,

110 1669 151 1715 se
173 1669 238 1714 non
261 1654 349 1715 sinet
369 1654 482 1714 seduci
506 1654 738 1730 praedictorum
759 1653 906 1715 versutia

114 1752 348 1828 malignorum,
362 1767 423 1812 nec
444 1752 607 1811 maculam
630 1751 727 1812 istam
747 1752 784 1811 in
799 1750 906 1827 gloria

114 1851 171 1911 tua
185 1865 298 1925 pones,
324 1864 383 1925 per
406 1865 504 1925 quam
519 1848 633 1924 procul
649 1846 748 1910 dubio
768 1848 907 1909 multum

115 1946 345 2008 obfuscaretur
371 1946 487 2007 titulus
501 1947 567 2007 tuae
590 1945 710 2016 laudis,
725 1947 759 2006 et
774 1946 906 2007 tuorum

114 2045 322 2104 minueretur
342 2043 493 2103 cumulus
518 2043 720 2104 meritorum.
734 2045 784 2104 Ex
800 2042 909 2103 abun·

114 2141 228 2203 dantia
239 2142 454 2216 tamenregiae
464 2141 677 2202 sublimitatis
686 2140 907 2201 constantiam
921 2202 924 2207 ,

114 2238 356 2300 sollicitandam
372 2238 526 2298 duximus
550 2240 584 2299 et
604 2238 812 2308 hortandam,
824 2253 909 2314 qua-

112 2337 221 2408 tenus,
233 2336 265 2396 in
279 2336 341 2396 hoc
356 2335 442 2396 sacto
457 2335 583 2396 habens
598 2350 667 2411 prae
678 2335 785 2396 oculis
798 2335 907 2395 solum

114 2436 229 2504 Deum,
246 2435 314 2494 tea
334 2432 500 2509 praedictis
517 2431 750 2494 circumveniri
770 2431 906 2492 ¹fallaci-

114 2530 176 2592 bus
191 2546 257 2591 non
271 2531 463 2606 permittas3
484 2529 553 2600 sed,
568 2529 622 2589 ria
637 2528 729 2604 regia
751 2528 907 2604 gradiens

113 2629 279 2710 meretoc,
290 2627 414 2688 nullius
425 2626 599 2686 mundanae
610 2625 764 2687 utilitatis
776 2625 907 2702 objectu

112 2726 261 2787 declines
285 2725 326 2785 ad
342 2723 513 2785 dexteram
525 2724 578 2784 rel
593 2723 773 2784 sinistram.
788 2724 906 2782 Datum

108 2804 238 2894 ‘'Romae,
253 2823 338 2898 apud
356 2825 388 2881 S.
406 2825 553 2892 Petrum,
569 2821 644 2882 idus
665 2819 756 2892 maii,
771 2819 908 2897 pontid-

113 2923 209 2984 catus
218 2921 326 2982 nostri
336 2935 424 2981 anno
437 2918 546 2981 tertio.

434 3078 585 3166 CCXXI

113 3219 166 3281 Ad
198 3218 381 3277 universos
416 3212 673 3288 crucestpnotos
715 3211 905 3281 Teutonico,

152 3315 337 3382 Bohemtae,
353 3313 533 3380 Moraotae,
550 3312 677 3378 Doctoe,
698 3311 852 3369 Poloniae
875 3308 908 3368 ct

153 3412 374 3472 Pomcranioe
398 3410 443 3468 ad
465 3408 654 3468 subsidium
669 3405 910 3467 Proteoorom

152 3505 420 3584 proficiscentes.

409 3617 442 3675 lb
459 3616 527 3674 maii
543 3616 621 3674 1219.

256 3724 370 3791 [Suhm.,
384 3723 449 3776 llist.
462 3723 489 3772 af
498 3721 636 3778 Danmarlr,
649 3721 691 3780 ΙΙΙ,
700 3719 770 3784 322]

114 3825 281 3887 Exhortatio
305 3830 337 3880 ut
362 3837 421 3879 non
444 3827 573 3893 querant
602 3835 666 3891 que
687 3833 738 3875 sua
760 3824 837 3885 sunt,
860 3816 909 3874 sed

151 3931 215 3990 quae
236 3912 348 3981 Christi,
380 3910 416 3969 ad
452 3908 676 3967 convertendum
704 3920 835 3980 paganos
874 3904 910 3963 ad

78 4070 80 4077 ,
150 4003 314 4062 hominum.

157 4110 324 4174 Honorius
339 4108 513 4185 episcopus
527 4121 642 4168 servus
654 4119 827 4165 serrorum
838 4101 909 4172 Dei,

116 4207 283 4272 universis
292 4203 531 4278 crucesignatis
540 4200 908 4272 Teutoniae,Bohemiae‚

116 4306 287 4376 Moraviae,
300 4302 420 4372 Daciae,
431 4300 578 4361 Poloniae
592 4299 625 4360 et
639 4297 860 4367 Pomeraniae,
869 4295 911 4356 ad

118 4403 301 4467 subsidium
317 4400 537 4460 Prutenorum
553 4393 850 4474 proficiscentibus.

159 4503 239 4563 Cum
253 4496 433 4559 secundum
447 4494 639 4573 Apostolum
654 4507 751 4553 nemo
765 4491 912 4553 militans

119 4604 188 4664 Deo
207 4596 356 4674 implicat
380 4609 416 4655 se
444 4591 661 4653 saecularibus
682 4588 836 4665 negotiis,
858 4602 910 4659 ne,

118 4717 185 4764 non
193 4713 267 4776 quae
277 4709 410 4756 sursum
423 4692 510 4762 sunt,
522 4689 579 4750 sed
591 4704 664 4767 quae
678 4688 913 4771 superterram

119 4809 270 4876 quaerere
288 4792 452 4862 rideatur,
477 4786 661 4849 carendum
679 4785 729 4846 est
747 4783 852 4856 robis,
871 4798 912 4844 ne

120 4881 910 4966 cumvosadscripseritisobsequioJesuChristi‚

120 4993 162 5055 ad
177 4986 415 5052 defendendum
430 4982 655 5046 venerabilem
671 4978 806 5041 tratrem
829 4993 913 5040 nos-

117 5094 243 5153 trum...
256 5084 402 5145 Prusslae
415 5082 618 5158 episcopum,
635 5081 668 5140 et
682 5077 813 5138 noviter
826 5076 912 5153 bap-

119 5188 238 5250 tizatos
257 5182 290 5244 et
304 5195 482 5242 conversos
497 5180 538 5238 ab
552 5176 742 5238 incursibus
766 5190 915 5252 pagano-

119 5302 204 5355 rum,
228 5281 292 5342 hoc
314 5277 457 5351 aliquus
477 5275 561 5335 lucri
585 5272 777 5350 temporalis
805 5272 913 5348 gratia

119 5379 261 5450 faciatis,
279 5375 357 5453 quia
372 5371 553 5434 secundum
568 5370 803 5447 Evangelicam
818 5369 911 5430 reri-

120 5482 221 5541 tatem
234 5490 330 5536 nemo
344 5471 453 5549 potest
467 5467 593 5529 duobus
609 5467 752 5528 dominis
773 5467 911 5536 servire,

120 5580 187 5639 Deo
202 5576 235 5636 et
249 5569 438 5639 mammoni,
453 5567 486 5628 et
499 5581 549 5628 vae
565 5565 692 5626 homini
705 5567 830 5626 terram
849 5563 913 5624 viis

121 5673 248 5737 duabus
263 5667 410 5731 intranti.
428 5664 576 5742 Simplex
593 5662 682 5723 enim
696 5661 732 5722 in
747 5660 912 5737 simplici-

733 323 909 384 HONORII
931 323 977 383 ΙΙΙ
999 325 1147 385 OPERA.

1699 329 1747 390 232

961 482 1030 544 tate
1068 482 1265 559 qurerendus
1293 483 1345 546 est
1377 483 1633 562 imminuendi
1667 485 1748 550 adest

963 580 1116 641 omnibus
1145 581 1179 640 in
1206 581 1346 642 veritate
1372 581 1606 643 invocantibus
1639 598 1746 646 nomen

963 680 1045 754 ejus.
1061 679 1223 750 Quocirca
1245 678 1496 740 universitatem
1521 681 1668 741 vestram
1686 697 1747 742 mo-

963 775 1102 835 nendam
1118 776 1273 836 duximus
1295 776 1328 838 et
1342 776 1552 849 hortandam,
1571 793 1631 854 per
1651 780 1746 853 Apos-

963 873 1063 934 tolica
1077 874 1199 950 scripta
1213 874 1419 946 mandantes,
1430 877 1595 952 quatenus
1608 890 1675 935 non
1686 893 1746 952 qua

962 973 1073 1032 vestra
1088 972 1176 1043 sunt,
1192 971 1249 1032 sed
1269 988 1341 1049 quae
1357 972 1479 1033 Christi
1495 973 1691 1049 quaerentes,
1712 973 1745 1034 ad

963 1067 1221 1129 convertendum
1237 1067 1278 1129 ad
1292 1069 1479 1140 Dominum,
1496 1084 1565 1130 non
1579 1069 1623 1128 ad
1640 1067 1745 1146 subju-

965 1165 1109 1240 gendum
1123 1168 1242 1227 vestrae
1258 1165 1411 1226 servituti
1426 1181 1575 1242 paganos
1587 1165 1746 1228 intendere

963 1263 1135 1335 studeatis,
1146 1280 1198 1335 ne,
1208 1264 1294 1341 quod
1305 1262 1401 1334 absit,
1410 1263 1461 1324 illi
1471 1264 1628 1325 timentes
1640 1263 1745 1339 subjici

964 1360 1129 1431 servituti,
1144 1362 1179 1421 in
1200 1361 1253 1421 sui
1279 1361 1403 1422 erroris
1430 1361 1617 1438 pertinacia
1643 1361 1748 1422 lortius

963 1457 1182 1529 obstinentur,
1198 1460 1231 1519 et
1245 1473 1304 1518 vos
1325 1458 1447 1519 lrustra
1465 1444 1625 1519 laho'retis
1639 1458 1673 1518 in
1695 1459 1746 1529 eis,

962 1556 991 1616 si
1007 1557 1178 1626 Dominus,
1195 1557 1250 1633 qui
1266 1572 1363 1618 renes
1389 1557 1562 1617 scrutatur
1589 1558 1624 1617 et
1646 1557 1747 1627 corda,

962 1654 1048 1715 votis
1063 1654 1183 1716 vestris
1199 1670 1264 1715 non
1277 1653 1398 1715 faverit
1420 1653 1612 1724 insensatis,
1641 1653 1695 1713 sed
1715 1655 1748 1714 ut

962 1750 1108 1827 legitime
1121 1753 1249 1813 certare
1263 1748 1508 1828 probemini,ab
1517 1750 1749 1812 omnibusabs·

961 1850 1104 1911 tinentes
1124 1849 1262 1921 illicitis
1277 1847 1460 1910 venerabili
1486 1848 1582 1910 fratri
1604 1850 1747 1909 nostro...

961 1947 1116 2023 episcopo
1131 1947 1277 2008 Prussiae
1293 1962 1395 2023 super
1406 1945 1459 2006 his
1478 1946 1586 2007 modis
1604 1945 1750 2007 omuibus

962 2044 1152 2115 intendatis,
1169 2045 1224 2105 cui
1238 2045 1397 2106 Dominus
1409 2044 1445 2104 in
1458 2043 1510 2104 his
1525 2046 1576 2105 est
1595 2044 1751 2104 hactenus

962 2142 1198 2203 miserabiliter
1213 2143 1435 2219 prosperatus.
1452 2142 1521 2202 Nos
1536 2141 1627 2201 enim
1651 2140 1752 2200 eidem

962 2241 1116 2317 episcopo
1132 2240 1255 2302 nostris
1270 2239 1418 2300 dedimus
1433 2239 1554 2301 litteris
1567 2239 1604 2299 in
1619 2239 1753 2299 manda·

962 2339 1016 2409 tis,
1034 2339 1069 2399 ut
1080 2338 1109 2397 si
1123 2338 1180 2416 qui
1194 2338 1310 2399 contra
1325 2336 1529 2398 voluntatem
1544 2339 1618 2413 ejus
1631 2339 1751 2398 terrem

962 2435 1211 2511 baptizatorum,
1244 2434 1296 2497 rel
1331 2433 1622 2511 baptizandorum,
1656 2434 1755 2495 totius

963 2533 1107 2593 Prussiaa
1121 2533 1260 2603 intrare,
1276 2531 1329 2593 rel
1348 2532 1383 2592 in
1407 2547 1447 2593 ea
1462 2532 1641 2608 disponere
1656 2531 1755 2609 quid·

963 2646 1060 2707 quam
1075 2629 1332 2707 praesumpserit,
1349 2644 1408 2706 per
1422 2628 1508 2706 quod
1523 2629 1632 2705 possit
1649 2644 1755 2705 paga·

962 2742 1080 2788 norum
1102 2727 1275 2787 conversio
1291 2726 1470 2803 propediri,
1486 2725 1540 2788 vel
1560 2725 1758 2793 deteriorari

962 2823 1106 2885 conditio
1120 2839 1365 2894 conversorum,
1379 2838 1437 2884 eos
1452 2839 1472 2883 a
1498 2823 1757 2900 praesumptione

962 2921 1164 2999 hujusmodi,
1181 2921 1363 2983 monitione
1386 2920 1570 2999 praemissa,
1593 2934 1656 2997 per
1677 2936 1757 2981 cen-

963 3035 1059 3080 suras
1096 3018 1335 3091 ecclesisticas,
1363 3017 1589 3096 appellatione
1619 3019 1758 3089 remota,

962 3118 1162 3194 compescat.

1003 3216 1121 3277 Datum
1136 3217 1250 3276 Romae
1265 3213 1351 3291 apud
1369 3214 1526 3275 Sanctum
1547 3213 1688 3274 Petrum
1702 3212 1761 3273 de-

963 3313 1049 3374 cimo
1078 3312 1218 3388 septimo
1245 3310 1406 3373 kalendas
1426 3309 1527 3388 J'uuii,
1548 3309 1763 3388 pontificatus

964 3411 1069 3472 nostri
1085 3425 1173 3471 anno
1189 3409 1297 3472 tertio.

1279 3569 1451 3657 CCXXII

1067 3699 1119 3757 Ad
1137 3695 1317 3758 sanctium
1336 3697 1514 3756 Novarrae
1534 3707 1658 3771 reecm

1217 3791 1506 3869 crucesipnotom.

1262 3904 1372 3960 l8maii
1388 3902 1468 3959 1219.

985 4011 1104 4075 [flegest.,
1118 4010 1163 4060 lib.
1175 4010 1218 4067 ΙΙΙ,
1229 4009 1304 4074 epist.
1320 4007 1377 4059 tol.
1399 4008 1503 4059 hiesba
1515 4009 1593 4059 Porte
1605 4008 1641 4058 du
1655 4009 1746 4065 rhein

1031 4090 1158 4155 Raynald,
1172 4089 1265 4141 Annal.
1275 4088 1412 4138 ecclesiast.
1424 4088 1457 4138 ed
1470 4100 1532 4137 nnn.
1547 4087 1609 4137 islo
1620 4087 1699 4152 W]

966 4191 1120 4247 Personam
1143 4189 1230 4261 regis,
1260 4200 1381 4261 regnum
1405 4201 1471 4245 curn
1494 4187 1630 4244 omnibus
1654 4186 1768 4260 juribus

1001 4278 1062 4350 ejus
1072 4277 1127 4334 sub
1135 4277 1211 4334 beati
1222 4276 1297 4333 Petri
1307 4283 1336 4333 et
1344 4290 1396 4365 sua
1406 4276 1584 4348 protectione
1596 4275 1730 4348 suscipit.

1006 4387 1184 4456 Honorius,
1199 4384 1276 4452 etc„
1292 4382 1466 4445 carissimo
1491 4383 1527 4444 in
1544 4382 1680 4445 Christo
1696 4382 1767 4442 lilio

966 4486 1080 4545 nostro
1107 4481 1243 4544 Sanctio
1265 4481 1389 4543 illustri
1414 4480 1485 4556 regi
1509 4480 1688 4552 Narem,
1707 4495 1767 4541 sa-

968 4583 1080 4653 lutem,
1096 4582 1158 4642 etc.

1007 4681 1074 4740 Deo
1088 4678 1121 4738 in
1136 4680 1232 4755 cujus
1244 4675 1399 4736 manibus
1417 4674 1496 4735 sunt
1513 4673 1614 4736 corda
1635 4690 1765 4751 regum,

967 4776 1150 4851 gratiarum
1174 4774 1351 4835 referimus
1376 4772 1536 4843 actiones,
1554 4770 1642 4848 quod
1673 4773 1708 4832 in
1734 4775 1768 4833 te

968 4875 1016 4935 sic
1032 4874 1142 4950 ignem
1155 4888 1224 4932 suae
1240 4870 1414 4932 charitatis
1434 4868 1598 4939 accendit,
1615 4871 1654 4931 ut
1669 4870 1765 4945 signo

968 4972 1112 5034 viviticae
1135 4970 1245 5032 crucis
1268 4970 1449 5044 assumpte,
1466 4965 1657 5040 magnifice,
1684 4967 1769 5027 sicut

968 5070 1062 5132 decet
1084 5068 1212 5145 regiam
1223 5064 1464 5134 celsitudinem,
1478 5063 1530 5124 ire
1551 5065 1768 5139 proposueris

968 5170 1084 5231 contra
1105 5165 1258 5228 inimicos
1273 5161 1352 5223 tidei
1371 5161 1577 5223 christianae.
1599 5162 1644 5222 Ut
1659 5163 1768 5223 autem

968 5266 1032 5328 hoc
1050 5266 1117 5328 tam
1142 5260 1309 5324 laudabile
1328 5275 1372 5321 ac
1398 5256 1533 5319 salubre
1561 5260 1768 5336 propositum

968 5364 1098 5434 melius,
1128 5361 1161 5423 et
1186 5358 1291 5421 tutius
1324 5355 1550 5434 prosequaris,
1588 5371 1767 5432 personam

967 5464 1059 5523 tuam
1073 5474 1113 5519 ac
1128 5472 1268 5533 regnum
1289 5453 1384 5517 tuum
1405 5468 1481 5514 cum
1503 5451 1660 5514 omnibus
1680 5454 1769 5531 juri-

967 5560 1039 5629 bus,
1057 5559 1090 5619 et
1111 5554 1293 5618 honoribus
1317 5552 1383 5613 tuis
1405 5550 1467 5611 sub
1487 5550 1580 5615 beati
1604 5552 1711 5622 Petri,
1737 5554 1769 5612 et

967 5656 1082 5718 nostra
1097 5651 1301 5731 protectione
1316 5648 1531 5724 suscipimus,
1546 5647 1582 5710 et
1593 5649 1768 5726 presentis
