3774 6186
133 305 136 309 ⁵
204 350 267 437 sss

205 510 324 583 drinis,
343 511 482 573 salutem
504 512 536 575 et
555 511 771 590 apostolicam
792 513 997 577 benedictio-

203 618 290 669 nem.

243 706 433 767 Devotionis
448 708 568 768 vestrae
581 708 708 769 litteras
723 710 861 786 paterna
880 708 997 785 benig-

201 803 305 864 nitate
327 805 523 880 recepimus,
545 806 578 866 et
603 821 717 866 earum
736 807 884 867 tenorem
902 821 997 883 pros-

201 901 353 976 peximus
366 902 554 977 diligenter,
572 902 762 964 fidelitatem
778 905 921 965 vestram
942 903 995 964 di-

199 998 274 1073 gnis
301 999 336 1058 in
363 1001 502 1060 Domino
532 999 685 1060 laudibus
715 1002 993 1072 commendantes,

199 1096 284 1171 quod
300 1112 359 1155 vos
373 1099 530 1172 tanquam
550 1097 669 1168 devoti,
691 1100 724 1158 et
746 1098 858 1159 fideles
882 1098 996 1158 Eccle-

198 1193 258 1252 siae
267 1195 425 1254 Romanas
439 1193 499 1253 lilii
516 1195 739 1256 committatis.
757 1198 864 1271 Super
878 1211 917 1255 eo
931 1195 996 1270 igi-

196 1291 252 1349 tur
269 1291 353 1366 quod
374 1292 494 1351 nostrae
513 1292 694 1353 voluntatis
721 1293 807 1352 scire
831 1292 993 1368 benepla-

198 1387 298 1447 citum
317 1387 457 1463 petistis,
476 1388 585 1449 utrum
599 1389 754 1451 videlicet
771 1406 832 1449 nos
854 1390 994 1450 velimus

197 1500 271 1544 oum
291 1485 366 1544 aliis
388 1484 505 1544 amicis
520 1487 641 1546 vestris
661 1486 701 1545 de
717 1484 916 1548 Lombardia
936 1503 995 1547 ca-

124 1604 127 1609 ·
196 1581 330 1642 sissimo
354 1582 387 1645 in
412 1581 543 1643 Christo
572 1583 642 1643 illio
669 1585 782 1644 nostro
804 1584 992 1654 Frederico,

117 1705 120 1713 ·
195 1678 317 1740 illustri
331 1679 402 1753 regi
416 1680 551 1749 Siciliae,
563 1680 598 1739 in
612 1683 835 1741 Romanorum
849 1681 995 1758 impera-

195 1775 300 1836 torem
322 1775 439 1845 electo,
456 1774 626 1836 tidelitatis
643 1777 869 1851 juramentum
889 1792 994 1852 praes-

196 1873 279 1942 tare,
317 1873 347 1931 si
380 1872 422 1932 ab
458 1888 497 1932 eo
531 1871 660 1934 fueritis
695 1873 863 1951 requisiti,
899 1873 993 1934 vobis

196 1969 351 2029 duximus
364 1969 583 2046 praesentibus
598 1970 830 2031 intimandum.
851 1971 942 2041 Quod
964 1972 993 2031 si

196 2067 255 2128 alii
280 2067 369 2127 cives
394 2067 599 2128 bombardiae
624 2068 711 2128 dicto
733 2067 804 2142 regi
824 2067 993 2128 fidelitatis

197 2165 412 2240 praestiterint
423 2167 625 2241 juramenta,
643 2165 844 2226 sustinemus
855 2164 896 2224 ad
907 2181 994 2241 prae-

196 2277 273 2321 sens
292 2276 350 2336 pro
368 2276 448 2337 pace
467 2263 590 2323 vestra.
605 2262 641 2322 ut
655 2262 683 2320 si
703 2261 744 2322 ab
763 2277 803 2322 eo
825 2261 898 2337 ipso
915 2277 993 2336 rege

196 2357 328 2419 fueritis
347 2358 511 2434 requisiti,
530 2358 649 2435 juretis
674 2357 791 2429 eidem,
811 2359 913 2418 salvis
937 2360 992 2419 ta·

196 2471 272 2516 men
296 2456 329 2515 in
359 2454 512 2516 omuibus
538 2455 707 2524 fidelitate,
726 2471 765 2515 ac
782 2458 858 2531 jure
880 2471 995 2516 sacro-

198 2554 321 2614 sanctae
334 2555 492 2613 Romanae
508 2552 664 2612 Ecclesiae
680 2552 795 2612 matris
807 2553 940 2612 nostrae.

238 2649 355 2710 Datum
378 2650 556 2719 Recanate,
582 2650 627 2709 XI
655 2648 815 2710 kalendas
844 2652 992 2724 septem-

199 2745 280 2818 bris,
297 2762 384 2808 anuo
400 2749 529 2824 quarte.

449 2899 632 2993 ,XV

219 3033 497 3113 adpetestalem,
518 3035 733 3094 consiliarios
754 3031 789 3092 ct
809 3037 973 3106 populum

490 3131 700 3205 salpinates.

453 3241 488 3298 26
516 3243 629 3315 augusti
657 3243 736 3299 liis.

263 3347 367 3411 [bullar.
387 3349 506 3405 Roman„
517 3347 576 3396 edit.
595 3349 682 3406 Taun,
691 3348 733 3405 lll,
743 3362 769 3411 p.
781 3347 837 3405 aba,
845 3361 871 3396 u.
881 3346 933 3411 db]

199 3446 364 3505 Auuirlletio
378 3444 566 3517 quorumdam
579 3452 748 3502 statutorum
764 3460 780 3501 a
797 3445 995 3517 Fulginatibus

235 3541 332 3593 contra
354 3533 513 3590 libertatem
536 3533 762 3590 ecclesiasticam
785 3532 937 3601 editorum,
960 3547 995 3588 ac

138 3620 141 3627 '
237 3621 373 3679 relaxatio
395 3621 601 3678 sententiarum
625 3628 722 3679 contra
742 3620 908 3677 eorumdem
927 3618 991 3677 -lsu-

236 3717 323 3767 tores.

240 3819 408 3880 Honorius
418 3819 603 3896 episcopus,
615 3834 731 3879 servus
742 3817 992 3890 servorumDei,

201 3917 330 3979 dilectis
357 3916 446 3989 filiis,
463 3917 629 3993 potestati,
647 3915 859 3987 consiliariis
880 3918 913 3976 ot
931 3932 994 3992 po-

145 4046 149 4051 ·
200 4014 278 4092 pulo
293 4013 533 4090 Fulginatibus,
560 4013 700 4075 salutem
724 4015 757 4074 et
778 4012 994 4090 apostolicam

201 4111 475 4174 benedictionem.

180 4234 183 4238 ⁴
242 4213 390 4270 Romana
416 4208 563 4269 Ecclesia
583 4224 656 4284 quae
682 4208 772 4267 illius
797 4207 994 4284 exemplos

202 4322 266 4383 quo
288 4305 516 4380 magisterium
541 4303 666 4366 obtinet
686 4306 719 4365 et
740 4304 929 4381 primatum,
959 4304 995 4364 iu

202 4403 272 4465 suis
296 4401 453 4462 membris
476 4401 665 4472 offenditur,
688 4401 721 4462 et
739 4401 907 4463 contemni
922 4417 995 4462 eam

133 4554 136 4561 ,
202 4499 342 4574 contigit
367 4501 401 4559 et
423 4498 547 4574 sperni,
563 4496 709 4557 dolorem
733 4514 776 4558 ex
795 4513 895 4559 causa
915 4514 997 4559 con-

203 4597 346 4674 ceperat,
363 4613 437 4658 eum
457 4611 516 4656 vos
543 4595 724 4669 membrum
744 4598 816 4672 ejus
842 4595 997 4657 videlicet

201 4694 469 4771 Fulginatensem
484 4693 660 4755 ecclesiam
675 4692 869 4768 ignominia,
879 4694 911 4754 et
921 4709 997 4753 cou-

202 4794 333 4855 susione
347 4793 521 4870 replentes,
539 4792 660 4852 statuta
676 4790 826 4867 quaedam
839 4791 874 4850 in
890 4791 995 4867 ipsius

203 4891 450 4952 subversionem
460 4890 606 4952 feceritis
616 4888 778 4950 libertatis
796 4888 851 4950 :et
865 4889 996 4964 quidem

203 5003 277 5048 cum
304 5003 376 5047 esse
405 4988 519 5048 sciatis
553 4986 704 5048 eamdem
727 4985 995 5061 Fulginateusem

203 5085 379 5147 ecclesiam
395 5086 532 5145 matrem
548 5085 702 5154 vestram,
718 5087 845 5160 acujus
867 5083 995 5158 magis-

203 5183 288 5245 terio
304 5183 433 5243 animas
455 5197 521 5241 uon
545 5181 691 5242 eximitis
712 5178 906 5255 corporibus
919 5180 995 5254 dig-

204 5282 328 5352 niores,
352 5279 535 5340 cavendum
557 5278 651 5338 vohis
679 5280 787 5338 ruerat
812 5293 854 5337 ne
877 5277 994 5354 ipsam,

204 5392 277 5454 quae
288 5375 376 5437 sacri
386 5391 445 5436 vos
456 5373 666 5449 regeneravit
677 5373 765 5433 unda
777 5372 995 5449 baptismatis,

205 5475 238 5534 et
253 5476 348 5551 cujus
370 5472 450 5534 estis
464 5469 585 5532 eruditi
606 5469 767 5540 doctrina,
784 5469 916 5531 statutis
931 5469 996 5529 ho-

822 356 996 416 HONORII
1018 357 1062 416 111
1084 360 1232 420 OPERA.
1786 364 1836 426 ito

1052 520 1165 578 nostro
1191 519 1334 594 Hugoni,
1365 519 1533 580 Hostiensi
1562 520 1739 597 episcopo,
1769 521 1834 584 tuuc

1051 615 1248 690 apostoncae
1265 616 1359 676 Sedis
1374 617 1493 690 legato,
1511 617 1587 676 dum
1603 632 1663 693 per
1676 612 1737 677 vos
1753 619 1833 679 redi·

1051 713 1120 770 tum
1136 711 1270 778 laceret,
1288 712 1373 788 quod
1390 728 1490 789 super
1503 713 1558 774 his
1575 714 1700 774 nostris
1716 714 1833 775 staretis

1050 807 1279 884 beneplacitis,
1296 813 1329 870 et
1352 810 1516 869 mandatis
1536 812 1764 886 jurameutum
1785 827 1833 871 ex·

1051 905 1220 977 biberetis,
1240 908 1272 967 et
1294 907 1384 966 mille
1404 907 1563 967 librarum
1587 906 1749 967 Lucensis
1771 923 1831 968 mo·

1051 1003 1136 1064 netas
1152 1003 1392 1079 fidejussoriam
1407 1004 1594 1065 cautionem
1610 1004 1794 1072 solveretis,
1808 1006 1833 1066 et

1049 1101 1096 1171 tu,
1110 1100 1157 1160 iili
1173 1101 1332 1176 potestas,
1347 1101 1479 1160 nomine
1489 1101 1674 1176 Fulginatis
1686 1101 1831 1174 civitatis,

1050 1199 1185 1272 propter
1197 1198 1259 1257 boc
1275 1200 1388 1257 nostro
1403 1198 1435 1257 te
1450 1197 1640 1273 conspectui
1652 1200 1835 1273 praesentas·

1050 1309 1113 1364 ses,
1124 1310 1185 1354 nos
1201 1294 1261 1354 sub
1272 1294 1536 1354 dissimulatione
1547 1295 1718 1355 sustinere
1726 1295 1834 1355 uolen-

1050 1390 1237 1460 tesdiviuis
1250 1389 1421 1451 obviantia
1436 1390 1598 1451 institutis
1608 1391 1643 1451 in
1656 1388 1837 1451 subversio·

1049 1503 1124 1547 nem
1146 1486 1308 1547 libertatis
1334 1488 1572 1548 ecclesiasticae
1594 1488 1767 1558 attentata,
1787 1504 1837 1564 per

1049 1601 1122 1660 quae
1138 1587 1321 1645 maternum
1340 1585 1576 1660 persequimini
1599 1587 1729 1644 uterum
1749 1585 1836 1645 exis·

1048 1683 1153 1742 tentes
1165 1681 1407 1742 maledictionis
1418 1681 1520 1741 iiliiet
1534 1681 1671 1751 doloris,
1685 1682 1774 1758 leges
1782 1682 1837 1742 ini·

1049 1794 1131 1854 quas
1155 1780 1187 1838 et
1209 1779 1331 1839 statuta
1350 1778 1467 1839 illicita
1487 1781 1689 1854 praesumpta
1710 1794 1768 1855 per
1785 1795 1835 1839 vos

1049 1877 1164 1936 contra
1193 1875 1459 1952 jurisdictionem
1495 1878 1529 1936 et
1558 1875 1719 1936 honorem
1751 1876 1834 1936 Sedis

1048 1971 1256 2048 Apostolicae‚
1285 1987 1324 2033 ac
1347 1971 1610 2032 ecclesiasticam
1644 1971 1832 2042 libertatem,

1049 2068 1487 2129 cumadresecclesiasticas
1499 2068 1717 2130 extenderitis
1727 2085 1833 2129 manus

1049 2168 1187 2237 vestras,
1203 2165 1244 2226 de
1260 2165 1379 2241 quibus
1403 2166 1504 2225 nullis
1524 2166 1621 2225 laicis
1645 2165 1830 2242 disponendi

1049 2263 1213 2339 reperitur
1236 2262 1395 2324 attributa
1412 2262 1564 2334 facultas,
1580 2264 1711 2340 penitus
1724 2263 1829 2324 irrita·

1049 2376 1121 2419 mus
1145 2376 1184 2421 ea
1208 2359 1278 2421 lore
1302 2375 1409 2431 cassa,
1431 2363 1464 2421 et
1482 2359 1594 2420 inania
1615 2360 1826 2421 decernentes.

1049 2457 1209 2528 Quocirca
1225 2457 1438 2533 praesentium
1454 2456 1547 2518 vobis
1567 2458 1764 2518 auctoritate
1784 2456 1829 2517 sub

1049 2559 1077 2633 ej
1083 2555 1195 2616 usdem
1209 2554 1318 2615 debito
1325 2555 1517 2631 juramenti,
1530 2554 1563 2614 et
1577 2554 1736 2630 praedicta
1746 2570 1828 2631 poena

1048 2653 1196 2714 districte
1218 2651 1439 2726 praecipiendo
1457 2651 1663 2721 mandamus,
1681 2653 1827 2728 quatenus

1049 2750 1136 2811 dicta
1158 2750 1292 2820 statuta,
1304 2763 1443 2825 quorum
1457 2747 1659 2824 transcripta
1676 2748 1769 2809 vobis
1783 2746 1829 2807 sub

1048 2847 1137 2907 bulla
1153 2847 1266 2906 nostra
1278 2844 1533 2907 transmittimus
1555 2845 1751 2915 introclusa,
1772 2843 1831 2903 ubi·

1049 2960 1188 3020 cumque
1215 2943 1336 3018 scripta
1361 2942 1494 3010 luerint,
1511 2941 1693 3013 abradatls,
1713 2944 1747 3004 et
1765 2941 1831 3001 des·

1050 3040 1169 3102 trustis
1183 3039 1328 3109 omuino,
1346 3054 1386 3099 ea
1397 3037 1488 3098 nullo
1499 3039 1648 3113 tempore
1663 3036 1835 3098 observan-

1049 3141 1110 3207 tes,
1125 3139 1157 3198 et
1169 3135 1293 3196 similia
1308 3135 1348 3195 de
1363 3138 1486 3196 caetero
1505 3150 1571 3194 non
1596 3133 1732 3206 facturi,
1750 3136 1782 3195 et
1802 3133 1835 3194 ed

1050 3234 1112 3294 boc
1140 3235 1246 3309 ipsum
1262 3232 1451 3309 potestates,
1469 3231 1502 3292 et
1527 3230 1681 3292 consules
1705 3234 1836 3301 vestros,

1049 3332 1105 3408 qui
1120 3345 1179 3408 pro
1191 3332 1339 3407 tempore
1355 3328 1488 3394 fuerint.
1501 3329 1686 3405 jnrnmenti
1712 3327 1839 3390 vinculo

1049 3428 1271 3503 astringentes
1293 3427 1326 3486 id
1353 3426 1441 3503 poni,
1470 3427 1504 3487 et
1529 3426 1695 3487 contineri
1719 3439 1842 3503 semper

1049 3528 1084 3585 iu
1099 3525 1220 3585 vestris
1235 3522 1525 3585 constitutionibus
1547 3521 1691 3594 faciatis,
1717 3522 1747 3583 si
1769 3521 1841 3600 quid

1050 3623 1149 3683 etiam
1163 3623 1283 3698 praeter
1297 3620 1369 3680 haec
1384 3619 1494 3691 suerit,
1516 3619 1603 3695 quod
1623 3617 1768 3681 forsitan
1788 3635 1843 3680 oc-

1050 3719 1212 3787 cultastis,
1229 3717 1421 3778 redundans
1436 3717 1470 3777 in
1484 3715 1650 3777 libertatis
1669 3716 1846 3778 ecclesias·

1048 3816 1123 3875 ticae
1135 3814 1380 3880 detrimentum,
1398 3811 1527 3872 faciatis
1535 3811 1691 3873 similiter
1699 3812 1844 3883 aboleri;

1049 3912 1135 3988 quod
1151 3912 1179 3971 si
1195 3926 1301 3980 secus,
1319 3910 1404 3985 quod
1420 3924 1486 3969 uon
1506 3909 1686 3980 credimus,
1704 3909 1848 3984 ageretis

1050 4007 1279 4086 praesumeudo
1303 4006 1425 4067 similia
1451 4004 1573 4077 iacere,
1600 4008 1659 4067 aut
1688 4006 1848 4082 praedicta

1050 4121 1230 4176 resumere,
1246 4104 1298 4164 vel
1315 4119 1459 4174 servare,
1477 4118 1591 4163 omnes
1600 4103 1746 4175 actores,
1764 4119 1845 4163 con-

1050 4205 1234 4273 siliatores,
1262 4204 1295 4262 et
1323 4200 1553 4261 observatores
1579 4214 1697 4259 eorum
1727 4202 1847 4277 praeter

1050 4300 1189 4377 perjurii
1205 4300 1345 4369 reatum,
1362 4301 1395 4358 et
1409 4312 1515 4374 poenae
1537 4296 1725 4373 periculum
1747 4313 1847 4374 supe·

1050 4399 1121 4459 rins
1142 4397 1321 4466 annotatae,
1348 4394 1547 4456 sententiam
1573 4394 1847 4461 excommunica-

1050 4496 1151 4557 tionis
1175 4493 1357 4563 incurraut,
1375 4495 1408 4554 et
1422 4507 1528 4562 cassa,
1545 4492 1579 4552 et
1600 4491 1700 4551 irrita
1725 4491 1847 4553 statuta

1051 4608 1124 4670 quae
1139 4591 1289 4661 iecerint,
1306 4589 1358 4650 vel
1378 4587 1633 4665 resumpserint,
1649 4587 1846 4649 habeantur.

1052 4690 1135 4763 Quia
1160 4704 1238 4749 vero
1263 4686 1484 4747 dissolvendae
1511 4686 1588 4745 sunt
1615 4684 1848 4760 colligationes

1051 4786 1242 4863 impietatis,
1257 4786 1291 4846 et
1315 4783 1466 4844 fasciculi
1481 4781 1702 4858 deprimendi,
1724 4796 1769 4842 ne
1791 4781 1848 4842 sub

1051 4883 1215 4945 velamine
1230 4882 1369 4958 praestiti
1376 4879 1560 4958 juramenti
1575 4894 1595 4939 a
1613 4879 1709 4939 vobis
1723 4879 1767 4940 de
1782 4894 1850 4940 ser-

1051 4981 1168 5042 vandis
1182 4979 1314 5041 statutis
1327 4978 1463 5054 iniquis,
1485 4976 1571 5053 quod
1596 4976 1709 5052 polius
1731 4979 1847 5053 perju-

1051 5078 1138 5138 rium
1161 5078 1210 5138 est
1226 5075 1412 5145 dicendum,
1438 5073 1572 5150 possitis
1598 5073 1848 5134 excusationem

1051 5188 1222 5236 assumere
1243 5173 1278 5232 in
1305 5171 1465 5248 peccatis;
1482 5186 1543 5230 nos
1562 5169 1645 5229 illud
1659 5184 1805 5245 vergens
1816 5170 1848 5229 in

1052 5273 1237 5333 vestrarum
1252 5270 1438 5330 animarum
1455 5267 1677 5344 dispendium,
1692 5266 1851 5328 relaxan-

1051 5370 1102 5430 tes
1113 5385 1173 5429 vos
1185 5368 1228 5428 ad
1241 5367 1389 5444 ejusdem
1401 5363 1648 5427 observantiam
1653 5365 1849 5440 juramenti,

1052 5482 1072 5528 a
1087 5483 1152 5543 quo
1164 5465 1355 5527 nuntiamus
1368 5463 1499 5542 penitus
1512 5461 1694 5533 absolutos,
1709 5460 1850 5523 dicimus

205 5572 331 5633 minum
343 5569 538 5630 subderetis.
556 5570 660 5628 Porro
671 5581 745 5627 cum
767 5567 852 5628 sicut
862 5565 923 5627 fuit
937 5582 999 5627 vo-
1054 5579 1118 5625 non
1133 5563 1251 5625 teneri.
1272 5562 1431 5622 Volumus
1446 5559 1558 5629 etiam,
1574 5557 1779 5620 auctoritate
1793 5575 1852 5619 vo-

205 5668 256 5733 bis
283 5668 424 5745 desuper
453 5665 651 5742 inspiratum
688 5663 870 5726 venerabili
903 5663 997 5724 tratri
1053 5661 1103 5722 bis
1126 5660 1338 5745 praesentium
1371 5657 1431 5718 sub
1459 5656 1569 5717 debito
1589 5656 1733 5731 prestiti
1753 5659 1850 5734 jura-
