3774 6186
617 230 622 243 ’
722 269 950 329 nrisrous.
975 269 1051 328 nra.
1076 271 1128 330 iv.

103 271 164 330 &ab
1686 272 1746 333 ato

101 426 258 499 Matisco,
267 425 460 489 cisterciens
472 426 611 498 ordinis,
620 428 690 488 et...
702 427 815 488 Sancti
828 429 898 488 Au-
949 441 1097 496 causam,
1109 427 1138 489 si
1150 426 1190 489 de
1202 428 1345 504 partium
1360 443 1523 491 consensu
1539 428 1743 506 procederet,

100 524 227 599 gustini
249 524 542 584 praemonstraten.
568 521 695 583 ordinis
721 521 896 583 abbatibus
950 524 1191 585 concordiavel
1202 525 1331 601 judicio
1345 527 1573 588 terminarent.
1589 526 1745 603 Alioquin

101 623 172 683 et...
186 620 364 696 praeposito
376 619 563 689 Wacinen„
579 619 730 689 salutem,
746 620 808 680 etc.
950 621 1098 681 eamdem
1120 621 1161 682 ad
1188 622 1412 698 apostolicum
1436 639 1577 685 examen
1598 622 1747 685 remitte-

139 721 247 789 Qunm
263 716 370 777 lelicis
387 717 555 777 memoriae
571 716 782 777 Innocentius
798 731 894 793 papa,
950 720 1025 780 rant
1062 717 1266 780 sufficienter
1298 721 1505 792 instructam,
1536 721 1746 798 praefigentes

101 815 328 891 praedecessor
340 814 463 884 noster,
478 815 584 874 ortam
602 813 724 873 dudum
740 814 897 889 quaestio-
950 815 1099 892 partibus
1113 816 1289 877 terminum
1303 820 1551 893 competentem,
1568 833 1633 895 quo
1648 818 1746 878 veiri-

101 911 895 987 neminterven.lratremnostrum...episcopum
950 913 1237 975 rentsententiam
1252 916 1446 990 recepturae.

97 1008 295 1071 ambianen.
308 1024 352 1069 ex
365 1010 457 1084 parte
477 1023 554 1079 nna,
568 1008 602 1068 et
618 1007 754 1068 dilectos
770 1006 893 1068 illios...
992 1011 1107 1087 Nuper
1121 1013 1230 1072 aulem
1246 1014 1479 1087 procuratores
1496 1011 1599 1087 ipsius
1612 1027 1747 1072 monas-

97 1103 264 1175 abbatem,
287 1105 321 1165 et
344 1105 541 1165 conventum
558 1104 670 1165 Sancti
685 1103 835 1164 Richarii
860 1104 895 1164 in
950 1108 1026 1168 terii
1055 1106 1095 1168 ad
1126 1110 1275 1169 nostram
1308 1109 1520 1185 praesentiam
1551 1110 1746 1170 accedentes

97 1202 243 1263 Pontivo
257 1200 453 1263 ambianen.
469 1200 623 1263 dioecesis
638 1217 682 1261 ex
698 1200 815 1271 altera,
837 1216 897 1261 su·
952 1209 1203 1281 proposuerunt,
1228 1206 1314 1282 quod
1342 1206 1430 1266 idem
1456 1205 1643 1282 episcopus,
1670 1206 1745 1283 post

97 1313 162 1373 per
185 1297 400 1375 subjectione,
418 1313 515 1374 quam
529 1297 571 1358 ab
599 1298 649 1358 eis
665 1297 753 1358 idem
767 1297 898 1373 episco-
951 1302 1070 1362 dictam
1106 1303 1359 1378 praedecessoris
1391 1303 1498 1363 nostri
1530 1303 1742 1374 sententiam,

97 1411 161 1473 pus
190 1394 355 1470 exigebat,
373 1394 468 1456 bonae
488 1393 655 1455 memorias
682 1394 894 1457 suessionen.
950 1399 1112 1460 accedens
1129 1398 1170 1460 ad
1186 1400 1424 1461 monasterium
1440 1400 1657 1460 memoratum
1669 1405 1748 1475 pro·
1791 1458 1796 1463 .

97 1493 257 1570 episcopo
272 1493 306 1553 et
329 1495 401 1569 ejus
420 1491 649 1568 conjudicibus
664 1492 895 1558 commisisset,
951 1496 1155 1557 curationem
1171 1495 1234 1557 sibi
1250 1512 1324 1557 cum
1340 1497 1553 1571 processione
1572 1496 1667 1573 petiit
1680 1511 1745 1556 ex·

97 1589 131 1652 et
148 1589 249 1650 iidem
266 1604 400 1650 causam
413 1589 519 1665 ipsam
536 1589 578 1649 ad
593 1604 669 1654 eum
690 1588 897 1649 remisissent
951 1588 1059 1649 hiberi
1073 1610 1081 1648 ε
1096 1588 1198 1649 abbas
1213 1604 1292 1650 vero
1306 1591 1341 1651 et
1354 1591 1537 1651 conventus
1559 1590 1748 1665 processio-

97 1684 140 1746 de
153 1686 299 1762 partium
313 1685 493 1757 voluntate,
509 1685 592 1762 ipse,
615 1685 763 1762 partibus
776 1685 811 1745 in
824 1688 896 1761 ejus
951 1701 1119 1757 nem,cum
1135 1702 1200 1746 non
1214 1687 1302 1748 esset
1320 1686 1361 1747 de
1375 1687 1526 1749 articulis
1542 1686 1696 1764 probatis⁸
1714 1687 1747 1747 ei

97 1782 493 1862 praesentia-constitutis,
507 1782 692 1843 auditorem
710 1781 800 1843 dedit
819 1797 894 1841 ven.

97 1880 238 1941 tratrem
259 1881 408 1940 nostrum
437 1882 474 1940 P.
505 1880 696 1955 episcopum
722 1878 894 1950 albanen,

98 1991 215 2036 coram
226 1991 301 2053 quo,
314 1992 389 2037 cum
402 1976 559 2052 praefatus
574 1976 748 2052 episcopus
763 1990 897 2052 posses-

99 2073 227 2134 sorium
242 2073 435 2134 intentando
456 2072 697 2149 professionem
712 2088 732 2133 a
754 2072 896 2148 quibus·
912 2065 916 2072 '

97 2169 176 2231 dam
197 2169 371 2231 abbatibus
388 2170 469 2230 dicti
488 2169 681 2230 monasterii
701 2169 894 2231 ambianen.

100 2267 257 2344 episcopo
277 2266 461 2337 reclamet
485 2265 748 2327 benedictionem
769 2266 836 2328 illis
854 2265 896 2327 ab

101 2364 256 2440 epiiscopo
268 2364 341 2439 ipso
352 2363 546 2439 impensam,
561 2363 828 2438 procurationem
847 2363 897 2424 ei·

102 2461 174 2522 dem
183 2460 411 2538 tanquamloci
421 2461 609 2521 dioecesano
619 2460 898 2532 exhibitamses-

102 2557 896 2635 sioneminsynodocumeappaserica,etbaculo

103 2656 274 2731 pastorali,
289 2655 571 2716 consecrationem
583 2655 738 2716 altarium
753 2656 786 2716 et
803 2655 896 2716 ordi·

103 2752 269 2814 nationem
277 2750 513 2813 monachorum
521 2751 601 2813 dicti
613 2752 896 2824 monasteriiton·

103 2849 304 2910 curationem
320 2849 516 2909 clericorum
527 2848 641 2924 inipso
652 2850 853 2911 monasterio
864 2850 896 2911 el

104 2945 371 3021 praedicationem
385 2945 420 3005 in
436 2945 590 3021 paraviso
607 2945 727 3008 factam
750 2945 897 3021 legitime

103 3042 327 3117 probavissem
338 3029 431 3118 parte
444 3042 549 3103 altera
566 3042 786 3117 respondente
796 3042 894 3118 quod,

103 3137 896 3216 etsialiquandoambianenepiscopuspraedicta

101 3233 132 3297 iu
145 3235 266 3297 eodem
282 3236 484 3295 monasterio
499 3235 779 3311 perquorumdam
795 3233 898 3296 abba-

100 3332 896 3409 mmincuriamindebiteusurpaverat‚idtamen

97 3425 163 3507 ipsi
187 3445 310 3491 nocere
338 3430 540 3490 monasterio
562 3445 628 3490 non
657 3428 804 3500 debebat,
822 3446 896 3490 cum

97 3529 187 3589 asset
209 3527 346 3588 omnino
365 3527 554 3602 exemptum
582 3529 615 3588 et
638 3528 752 3588 contra
774 3526 896 3604 husjus-

97 3624 188 3687 modi
222 3624 415 3685 exactiones
451 3623 611 3684 vallatum
642 3624 838 3699 privilegiis,
864 3624 898 3685 et

97 3719 318 3796 indulgentiis
346 3719 535 3796 pontificum
558 3723 792 3791 Romanorum,
809 3720 896 3781 idem

97 3817 327 3895 praedecessor
341 3819 463 3888 noster,
481 3816 578 3877 biset
591 3816 679 3886 aliis,
696 3832 768 3893 quae
784 3832 897 3878 coram

97 3915 254 3978 auditore
278 3915 350 3990 ipso
379 3914 470 3975 luere
493 3914 674 3991 proposita,
698 3914 828 3991 plenius
843 3915 898 3974 in-

97 4011 252 4082 tellectis,
265 4011 401 4087 praelato
422 4011 576 4088 episcopo
589 4011 645 4087 qui
657 4011 896 4086 possessorium

97 4109 282 4171 intentarat
290 4107 896 4185 possessionemadjudicavitomnium

97 4206 347 4283 praedictorum,
357 4206 403 4266 ita
418 4207 528 4266 tamen
543 4204 641 4280 quod,
656 4204 719 4265 nisi
736 4220 840 4282 usque
855 4206 895 4266 ad

97 4304 182 4363 duos
198 4318 305 4363 annos
318 4317 417 4378 super
432 4302 586 4378 petitorio
601 4317 694 4362 suam
708 4305 818 4379 posset
839 4303 895 4362 in-

97 4401 283 4462 tentionem
299 4399 447 4469 fundare,
466 4400 702 4461 monasterium
726 4400 834 4476 ipsum
854 4415 898 4459 ex

97 4502 176 4558 tunc
204 4496 358 4558 essetab
387 4512 501 4558 eorum
527 4498 740 4574 praestatione
766 4497 896 4573 penitus

97 4594 299 4666 absolutum,
313 4596 471 4671 perpetuo
495 4595 628 4657 silentio
652 4611 752 4671 super
766 4595 819 4655 bis
834 4595 899 4654 im·

98 4693 207 4769 posito
232 4692 387 4768 episcopo
411 4694 603 4761 memorato,
625 4708 699 4753 cum
714 4707 773 4769 per
788 4692 896 4768 privi-

100 4789 185 4864 legia
202 4790 235 4850 et
247 4788 471 4864 indulgentias
485 4789 684 4864 apostolicae
700 4789 794 4850 Sedis
805 4789 897 4849 exbi-

100 4884 185 4948 bitas
200 4886 374 4963 injudicio
397 4884 522 4961 liquido
537 4887 712 4961 appareret
726 4884 808 4945 illud
822 4901 897 4946 esse

100 4982 241 5044 liberum
255 4985 290 5044 et
298 4983 487 5059 exemptum
500 5004 509 5057 3
526 4983 650 5043 unde...
667 4981 777 5044 abbati
789 4983 897 5044 sancti

100 5080 236 5143 auberti
251 5080 321 5141 et..
335 5079 570 5141 archidiacono
594 5080 662 5141 et...
686 5079 896 5143 thesaurario

101 5181 312 5241 cameracen.
335 5177 406 5238 suis
420 5176 511 5237 dedit
534 5177 655 5238 litteris
667 5177 702 5238 in
717 5177 893 5249 mandatis,

101 5279 136 5339 ut
149 5275 236 5354 quod
252 5275 293 5334 ab
313 5289 352 5335 eo
375 5273 485 5336 luerat
503 5273 746 5337 sententialiter
771 5273 898 5335 diiilni-

101 5376 166 5434 tum
182 5372 374 5435 executioni
389 5370 585 5435 mandantes
596 5370 782 5446 reciperent
797 5387 897 5447 super

101 5469 255 5545 petitorio
270 5466 481 5545 probationes
497 5466 603 5542 ipsius
615 5466 762 5541 episcopi
778 5481 818 5527 ac
832 5466 895 5528 de·

101 5567 267 5629 tensiones
293 5562 487 5626 monasterii
515 5563 701 5635 memorati,
723 5563 896 5640 ipsamque

951 1783 1209 1859 comprehensis,
1221 1783 1255 1844 in
1266 1784 1431 1845 sententia
1444 1784 1625 1845 memorata
1640 1782 1747 1844 dene·

950 1882 1067 1954 gentes
1083 1880 1191 1942 eidem
1209 1880 1475 1955 procurationem
1495 1881 1526 1941 ei
1542 1881 1746 1942 curaverunt

951 1977 1123 2038 humiliter
1134 1977 1304 2049 exhibere,
1315 1993 1414 2054 quam
1427 1978 1601 2053 episcopus
1611 1978 1747 2054 ipsere·

951 2074 1076 2150 cipiens
1097 2075 1241 2135 asseruit
1255 2074 1341 2150 quod
1360 2090 1425 2134 non
1442 2073 1635 2150 acceptabat
1649 2090 1746 2135 eam-

951 2171 1035 2240 dem,
1047 2185 1087 2232 eo
1107 2171 1192 2248 quod
1207 2171 1498 2247 processionaliter
1508 2173 1661 2247 receptus
1680 2187 1747 2233 non

951 2267 1430 2344 lueratcumeaviceprimum
1442 2267 1749 2343 postconsecratio·

951 2379 1126 2425 nemsuam
1137 2364 1178 2425 ad
1190 2365 1748 2440 praedictummonasteriumacces·

952 2463 1060 2524 sisset.
1069 2461 1345 2526 procuratoribus
1353 2461 1455 2537 igitur
1465 2461 1749 2538 partiumpropter

951 2559 1014 2619 boc
1035 2558 1070 2617 in
1083 2559 1297 2622 executorum
1312 2558 1489 2633 praesentia
1502 2557 1691 2619 constitutis
1706 2556 1747 2619 de

951 2654 1097 2730 ipsorum
1121 2655 1371 2730 procuratorum
1396 2669 1535 2714 assensu
1557 2653 1745 2713 ordinatum

951 2751 1061 2812 extitit
1085 2752 1119 2811 el
1144 2751 1342 2821 condictum,
1363 2751 1399 2811 ut
1421 2751 1530 2826 ipsum
1556 2750 1747 2825 episcopum

951 2863 1025 2908 cum
1041 2845 1252 2923 processione
1273 2846 1314 2906 ad
1331 2847 1598 2922 procurationem
1613 2846 1747 2922 recipe·

950 2946 1026 3004 rent
1050 2943 1181 3013 iterato,
1209 2943 1295 3020 quod
1329 2943 1547 3005 nibilominus
1576 2941 1749 3004 humiliter

952 3040 1208 3116 compleverunt,
1222 3040 1363 3115 receptis
1378 3039 1506 3115 abipso
1521 3040 1675 3116 episcopo
1689 3039 1746 3100 lit·

950 3137 1041 3208 teris,
1060 3137 1145 3214 quod
1167 3137 1341 3199 caritative
1364 3137 1631 3211 procurationem
1646 3135 1747 3197 allam

951 3234 1146 3309 recepisset3
1175 3234 1348 3309 episcopus
1377 3247 1457 3293 vero
1479 3231 1745 3308 procurationem

951 3330 1099 3392 eamdem
1111 3346 1184 3390 cum
1192 3330 1404 3406 processione
1417 3329 1582 3405 recipiens
1593 3344 1629 3388 se
1638 3343 1701 3389 nec
1712 3329 1749 3388 il·

951 3425 1745 3505 lamacceptarenibilominusaiiirmaviteoquod

951 3541 1017 3587 non
1030 3525 1205 3588 exercebat
1224 3524 1425 3586 visitationis
1447 3522 1593 3584 osticium
1614 3523 1651 3583 in
1671 3538 1748 3583 mo-

951 3623 1096 3683 nasterio
1107 3621 1295 3698 saepedicto,
1310 3620 1429 3683 abbate
1438 3620 1643 3682 etconventu
1656 3634 1745 3691 enm,

951 3719 1037 3781 sicut
1050 3719 1151 3780 iidem
1167 3719 1399 3794 procuratores
1414 3717 1559 3779 confessi
1583 3723 1671 3787 sunt,
1686 3733 1749 3778 ne·

951 3831 1116 3892 quaquam
1137 3816 1178 3876 ad
1198 3814 1388 3890 hujusmodi
1407 3814 1553 3876 cilicium
1570 3814 1748 3875 admitten-

951 3913 1049 3984 tibus,
1064 3927 1104 3974 eo
1117 3911 1202 3989 quod
1214 3912 1361 3974 visitatio
1377 3926 1444 3972 non
1458 3915 1532 3972 erat
1546 3911 1586 3971 de
1599 3910 1747 3986 probatis

951 4009 1112 4080 articulis,
1134 4011 1168 4071 et
1191 4009 1227 4068 in
1243 4007 1399 4085 predicta
1415 4007 1580 4070 sententia
1597 4023 1750 4084 compre-

952 4106 1078 4168 hensis.
1095 4107 1243 4183 Denique
1258 4105 1359 4166 iidem
1383 4104 1487 4165 abbas
1510 4106 1544 4166 et
1565 4106 1748 4166 conuentus

951 4203 1122 4279 praefatum
1159 4205 1370 4281 episcopum,
1404 4202 1563 4279 quantum
1595 4202 1632 4262 in
1665 4201 1747 4278 ipsis

951 4301 1024 4373 luit,
1034 4300 1301 4363 restitueruntad
1312 4315 1428 4361 omnes
1440 4298 1600 4361 articulos
1608 4314 1748 4377 expres-

951 4414 1017 4469 sos,
1032 4398 1067 4458 in
1082 4398 1246 4459 sententia
1269 4397 1458 4473 sepedicta,
1481 4395 1514 4458 et
1535 4396 1584 4458 sic
1598 4395 1748 4474 pluribus

951 4496 1101 4557 terminis
1116 4496 1157 4556 ad
1171 4494 1414 4571 procedendum
1430 4494 1464 4554 in
1477 4509 1579 4555 causa
1594 4494 1747 4571 proprie-

951 4592 1028 4653 tatis
1043 4592 1198 4669 episcopo
1211 4592 1403 4667 assignatis,
1421 4591 1462 4652 ad
1479 4606 1561 4668 quos
1584 4606 1661 4666 pers
1676 4607 1750 4651 mo·

953 4689 1089 4750 nasterii
1112 4688 1251 4750 veniens
1275 4688 1398 4751 trustra
1422 4687 1555 4749 labores
1578 4686 1689 4758 subiit,
1714 4689 1748 4748 et

952 4802 1126 4863 expensas,
1143 4785 1226 4862 ipsis
1236 4785 1406 4862 judicibus
1421 4800 1515 4845 suam
1530 4783 1663 4846 statutis
1677 4784 1748 4846 ter-

950 4884 1050 4945 minis
1060 4883 1270 4960 presentiam
1284 4899 1351 4943 non
1366 4879 1560 4943 curantibus
1573 4879 1744 4943 exhibere.

952 4983 1088 5042 Domum
1108 4995 1183 5041 cum
1198 4984 1231 5040 et
1239 4978 1370 5054 judices
1392 4993 1487 5038 suam
1502 4978 1635 5040 andem
1649 4977 1748 5040 exhi-

950 5077 1101 5138 buissent
1110 5076 1334 5152 presentiam,
1344 5077 1378 5137 ei
1392 5077 1588 5151 procurator
1599 5075 1747 5152 episcopi

951 5190 1168 5252 processurus
1183 5188 1284 5252 super
1295 5173 1448 5250 petitorio
1463 5173 1655 5236 crederetur
1671 5188 1745 5233 cum

950 5273 992 5334 ad
1012 5272 1075 5333 boc
1087 5270 1206 5333 inisset
1220 5272 1251 5334 ei
1265 5273 1426 5332 terminus
1442 5271 1642 5345 assignatus,
1658 5268 1746 5331 idem

951 5372 1147 5445 procurator
1168 5370 1341 5445 proposuit
1358 5383 1470 5429 coram
1482 5365 1649 5442 judicibus
1664 5366 1748 5442 ipsis

950 5465 1035 5544 quod
1058 5464 1192 5526 nolebat
1212 5465 1248 5526 in
1271 5479 1373 5527 causa
1396 5462 1608 5539 proprietatis
1630 5478 1748 5538 proce·

950 5564 1040 5634 dere,
1067 5561 1172 5623 donec
1198 5562 1372 5638 episcopus
1401 5560 1574 5621 restitutus
1595 5561 1686 5622 esset
1704 5562 1746 5624 ad
