3774 6186
102 338 165 397 olo
735 334 961 395 EPISTOLAE.
987 335 1063 397 LIB.
1090 336 1126 394 V.
1606 386 1609 391 ,
1684 336 1745 397 olo
1870 358 1875 375 ·

104 510 189 572 quas
204 494 347 571 propriis
359 493 510 555 manibus
526 495 584 554 aut
598 491 784 568 sumptibus
798 506 900 573 exep-
953 491 1082 555 anobis
1099 495 1214 555 contra
1230 492 1301 568 ipsa
1314 493 1488 571 privilegia
1501 494 1741 566 emanaverint,

106 592 190 661 lunt,
206 606 265 653 seu
284 591 324 651 de
341 591 555 652 nutrimentis
568 588 764 651 animalium
779 587 900 649 ullate-
953 589 1079 651 nullum
1094 606 1136 650 ex
1158 589 1206 650 eis
1229 588 1364 675 libertas
1379 592 1489 652 vestra
1509 591 1671 652 sustineat
1685 591 1745 653 13-
1851 644 1854 649 ,

105 705 170 749 333
185 687 331 749 decimas
347 688 493 764 exigere,
508 688 561 749 vel
574 685 819 764 quomodolibet
839 700 901 746 ex·
953 686 1153 747 trimentum.
1188 686 1379 762 Eapropter,
1418 687 1615 748 auctoritate
1650 688 1744 750 vobis

105 787 262 863 torquere
277 786 490 861 praesumant.
505 785 588 856 Quia
599 798 754 844 veronon
766 784 901 843 estcon·
953 782 1141 859 Apostolica
1159 782 1379 857 indulgemus,
1397 786 1443 853 31,
1460 785 1488 844 31
1504 785 1618 845 333113
1636 785 1744 861 priri-

106 883 248 945 venions
260 882 311 943 vel
324 882 510 952 honustum,
524 883 683 943 utcontra
696 879 902 954 8311311333-
955 879 1042 956 legia
1056 883 1165 941 vestra
1185 879 1304 941 litterae
1317 895 1335 939 a
1352 895 1515 957 quoquam
1532 897 1592 958 per
1605 881 1747 958 subrep-

106 980 219 1041 tolicae
244 979 467 1053 indulgentias
487 981 612 1040 temere
636 976 800 1047 veniatur,
828 990 901 1051 quae
954 978 1079 1037 tionem
1095 979 1209 1037 contra
1230 976 1479 1053 privilegiorum
1495 979 1642 1054 ipsorum
1656 979 1747 1040 teno-

106 1076 335 1139 inviolabilem
356 1076 544 1137 firmitatem
561 1075 712 1137 obtinere
731 1072 900 1142 deberent,
956 1089 1026 1134 rem
1042 1074 1193 1144 obtentae,
1211 1074 1273 1133 nisi
1290 1089 1333 1135 ex
1348 1076 1437 1135 certa
1457 1075 1659 1137 conscientia
1675 1091 1750 1138 nos·
1841 1092 1851 1111 1

107 1173 305 1235 mandamus
332 1169 901 1248 3331331311313333133131333,
956 1172 1007 1232 tra
1041 1171 1231 1246 procedant,
1268 1171 1301 1231 in
1339 1171 1465 1248 judicio
1506 1172 1648 1249 alicujus
1680 1188 1748 1234 non

109 1273 155 1342 ut,
169 1272 198 1331 31
209 1272 265 1348 qui
279 1270 444 1342 monachi,
457 1270 621 1343 canonici,
634 1269 748 1330 clerici
760 1266 812 1328 vel
824 1266 903 1327 laici
956 1269 1136 1330 teneamini
1168 1269 1364 1345 disceptare,
1395 1269 1488 1331 salva
1523 1271 1749 1333 moderatione

109 1370 224 1430 contra
244 1367 420 1444 privilegia
443 1368 537 1430 Sedis
560 1366 758 1443 apostolicae
775 1379 903 1425 memo·
958 1366 1097 1427 Consilii
1111 1366 1289 1442 generalis.
1302 1367 1393 1427 Nulli
1405 1382 1484 1442 ergo
1497 1368 1631 1429 omnino
1646 1367 1751 1431 bomi-

109 1469 202 1527 13133
226 1464 346 1526 1131133
374 1480 474 1542 33331
500 1464 704 1525 decimarum
730 1462 904 1524 exactione
959 1478 1037 1523 num
1059 1463 1158 1525 liceat
1181 1463 1267 1525 banc
1287 1463 1441 1539 paginam
1463 1467 1586 1525 nostrie
1607 1480 1748 1526 conces·

109 1563 335 1637 gravaverint,
346 1560 811 1623 laicosencommunicationis
826 1574 905 1619 sen·
959 1560 1064 1621 313313
1097 1559 1289 1635 intringere,
1317 1562 1370 1622 vel
1399 1562 1431 1622 ei
1459 1577 1543 1622 ausu
1570 1563 1751 1624 temerario

110 1661 218 1723 tentia
247 1658 476 1735 percellentes,
503 1658 695 1729 monachos,
727 1656 905 1719 canomcos
959 1657 1137 1719 contraire.
1151 1657 1270 1734 Siquis
1283 1660 1393 1719 331313
1408 1658 1471 1720 boc
1485 1662 1649 1721 attentare
1663 1675 1751 1737 prae-

112 1758 184 1818 sive
218 1756 358 1818 clericos
383 1755 657 1826 contradictione,
690 1754 850 1815 dilatione
873 1753 906 1813 31
960 1755 1147 1831 sumpserit,
1166 1754 1425 1829 indignationem
1442 1757 1677 1832 omnipotentis
1690 1757 1751 1818 Dei

112 1853 338 1931 appellatione
355 1851 564 1915 cessantibus
578 1851 620 1913 ab
636 1851 746 1913 3111313
761 1864 905 1926 suspen·
960 1853 993 1913 et
1004 1850 1175 1913 beatorum
1187 1851 1277 1913 Petri
1287 1854 1321 1914 et
1334 1852 1428 1913 Pauli
1444 1853 1668 1928 apostolorum
1678 1856 1752 1931 ejus

111 1950 259 2021 desiiset
275 1948 908 2024 tamexcommunicationisquamsus-
960 1964 997 2010 ss
1024 1949 1155 2011 noverit
1181 1948 1404 2010 incursurum.
1434 1951 1552 2010 Datum
1580 1951 1747 2023 Laterani,

113 2049 285 2127 pensionis
309 2046 637 2108 333133113313313113
659 2042 906 2122 3333331113-
960 2047 1066 2107 XVIII
1090 2044 1275 2116 13311313,
1300 2046 1509 2122 pontificatus
1534 2048 1638 2108 nostri
1662 2063 1751 2111 anno

112 2157 192 2205 uam
202 2141 465 2204 satisfactionem
475 2140 714 2202 inviolabiliter
724 2138 906 2208 observari,
962 2143 1086 2220 quinto.

113 2237 909 2316 salvasemperinomnibusmoderationeGon-
1224 2276 1488 2364 CLXXXVIII

113 2336 185 2399 ciiii
194 2336 424 2413 generalisnd
434 2335 506 2397 haec
514 2333 908 2412 3133331133331113333-
1080 2349 1090 2361 ·

113 2436 250 2497 toritate
262 2422 907 2510 13331311333133131333,33313333,31
1022 2410 1073 2469 Ad
1086 2411 1359 2483 ar·clrlepiscopos
1378 2411 1412 2470 82
1430 2413 1613 2485 episcopos,
1630 2414 1693 2474 8²0·

115 2533 191 2610 quis
208 2530 398 2593 eorumdem
420 2529 702 2608 parochianorum
720 2532 907 2589 vestrorum
1259 2522 1457 2594 1111331111.

115 2631 150 2691 13
166 2630 361 2705 saepedictos
380 2627 499 2690 1131133
510 2626 674 2689 violentas
691 2642 809 2687 manus
822 2625 909 2702 inje-
1133 2626 1299 2691 [33331131.
1316 2642 1349 2686 e,
1366 2644 1392 2692 p.
1405 2629 1461 2688 sss,
1478 2644 1505 2679 n.
1520 2630 1588 2695 313]

115 2727 211 2797 33111,
224 2743 300 2787 eum
315 2726 466 2789 accensis
479 2724 627 2787 candelis
639 2723 909 2786 excommunica·
1034 2725 1118 2782 vetat
1134 2726 1266 2797 prelatos
1279 2725 1410 2783 ordinem
1423 2726 1631 2785 1133331333
1649 2727 1685 2787 13

115 2827 186 2887 tum
206 2823 338 2900 publice
361 2822 532 2894 nuntietis,
544 2823 578 2883 31
595 2824 763 2897 tamquam
776 2835 910 2881 excom·
1206 2814 1397 2887 eleemosynis
1411 2830 1526 2872 vexare·

115 2920 321 2983 manicatum
356 2918 488 2981 laciatis
525 2917 567 2979 ab
601 2917 753 2980 omnibus
780 2916 910 2978 cautius
1004 2922 1672 2999 Honoriuseplsoopus,servasserrorum
1682 2926 1753 2997 1131,

115 3018 249 3085 evitari,
280 3016 386 3079 donec
418 3015 543 3077 eisdem
577 3013 735 3077 iratribus
765 3028 910 3089 congrue
964 3018 1211 3080 venerabilibus
1251 3018 1409 3079 tratribus
1438 3019 1697 3099 archiepiscopis
1724 3025 1758 3085 et

116 3114 315 3187 satisfaciat,
330 3115 363 3175 et
386 3129 460 3173 cum
483 3111 603 3174 litteris
627 3110 806 3172 dioecesani
821 3094 930 3187 epis-'
965 3115 1139 3193 episcopis,
1156 3119 1232 3185 etc,
1249 3116 1389 3176 salutem
1408 3118 1441 3178 31
1463 3117 1680 3191 apostolicam
1697 3117 1758 3180 be-

116 3212 193 3289 copi
205 3211 378 3272 veritatem
403 3207 851 3285 continentibusllpostolico
875 3221 910 3265 se
965 3210 1198 3273 nedictionem.

116 3308 311 3384 conspectui
339 3306 565 3383 repraesentet.
595 3306 713 3367 Datum
741 3303 909 3372 Laterani,
1004 3310 1133 3380 Quanto
1148 3308 1260 3369 dilecti
1272 3308 1343 3377 11111,
1363 3306 1482 3369 1131133
1500 3309 1616 3370 domus
1631 3311 1758 3387 Hospi-

116 3407 225 3467 XVlll
246 3403 313 3465 kal·
339 3402 435 3474 rann,
456 3402 668 3480 pontificatus
691 3400 795 3462 333111
823 3415 910 3461 3333
966 3407 1043 3468 talis
1053 3408 1181 3467 Sanctae
1190 3406 1306 3465 Marias
1315 3405 1593 3467 Tbeutonicorum
1604 3403 1759 3469 Hieroso-

116 3502 244 3580 quinto.
966 3503 1128 3581 lymitani,
1143 3502 1262 3579 majori
1274 3503 1436 3575 religione
1445 3504 1479 3563 31
1491 3503 1664 3565 honestate
1675 3519 1760 3582 prae·

393 3631 637 3718 CLXXXVII
966 3599 1760 3701 331333131333113311113113313313131313ἰωί-

966 3714 1023 3759 cos
1039 3698 1184 3772 graviori
1198 3696 1324 3773 jugiter
1338 3694 1451 3759 labore
1464 3697 1648 3771 decertant;
1665 3701 1758 3761 13313

966 3798 999 3857 31
1024 3794 1189 3855 universis
1212 3794 1429 3856 christianam
1451 3795 1690 3871 professionem
1708 3798 1761 3858 te-

967 3891 1120 3953 nentibus
1146 3891 1339 3952 ferventiori
1360 3892 1499 3952 caritate
1522 3891 1641 3954 debent
1663 3893 1760 3969 diligi

414 3971 448 4027 ld
463 3970 524 4043 1³¹¹·
541 3970 621 4027 ¹²²¹·
966 3991 999 4051 et
1008 3991 1207 4065 eorumjura
1220 3988 1302 4063 ipsis
1314 3988 1522 4064 propensiori
1534 3989 1760 4052 sollicitudine

307 4077 441 4140 [situnne
451 4077 469 4124 ¹·
481 4091 512 4134 ⁰··
525 4091 551 4141 ii·
561 4076 617 4129 ²⁸³·
630 4090 654 4126 ¹¹·
665 4075 733 4139 111·]
966 4084 1169 4153 conservari,
1187 4086 1231 4155 31,
1249 4084 1305 4161 qui
1326 4100 1384 4161 pro
1405 4086 1635 4146 universorum
1650 4086 1759 4148 salute

117 4183 256 4247 03333111
277 4183 369 4240 ordini
383 4182 570 4256 1133133133,
588 4181 662 4255 quod
684 4184 719 4251 si,
740 4189 837 4239 333113
854 4181 910 4253 pri·
967 4185 1114 4245 extrema
1130 4198 1196 4244 non
1210 4181 1362 4243 dubitant
1376 4183 1522 4258 experiri
1541 4183 1700 4260 33113313,
1716 4184 1760 4245 ab

154 4269 914 4349 3133133133,33133331313331311331333113313·
967 4280 1118 4342 omnibus
1144 4282 1239 4355 grata
1269 4280 1414 4341 sentiant
1439 4280 1656 4343 incrementa.
1680 4282 1761 4343 Inde

155 4371 225 4429 tum,
242 4376 300 4418 ¹10n
316 4367 446 4417 mneatur
460 4358 644 4433 10311011111·
967 4380 1027 4448 331,
1051 4376 1136 4454 quod
1157 4377 1406 4439 universitatem
1426 4378 1570 4439 vestram
1587 4394 1760 4440 monemus

159 4478 327 4541 Honorius
338 4478 523 4554 episcopus,
534 4490 831 4537 servasservorum
840 4474 911 4546 Dei,
967 4491 1006 4536 ac
1022 4490 1080 4551 per
1093 4473 1281 4551 Apostolica
1301 4474 1404 4535 vobis·
1418 4475 1541 4551 scripta
1563 4476 1760 4538 mandamns

118 4577 252 4639 dilectis
267 4576 345 4637 liliis
360 4575 520 4650 magistro
535 4576 567 4635 st
584 4573 741 4635 iratribus
756 4572 915 4649 Hospita·
968 4574 1066 4649 31333
1081 4571 1301 4648 praecipimus,
1316 4574 1479 4649 quatenus
1495 4572 1670 4649 praedictos
1686 4573 1759 4635 113-

119 4675 164 4737 113
183 4674 312 4737 Sanciae
333 4671 448 4732 Mariae
467 4671 746 4732 Tlreutonicorum
762 4670 914 4731 Hieroso-
967 4669 1035 4730 tres
1058 4684 1159 4745 super
1184 4668 1419 4746 eleemosynis,
1446 4684 1520 4745 quae
1545 4669 1626 4745 ipsis
1652 4685 1671 4730 3
1700 4670 1760 4731 1131

120 4770 285 4849 lymitani,
307 4769 460 4835 salutern,
476 4770 538 4829 etc.
969 4764 1120 4826 tidelibus
1134 4764 1361 4836 conferuntur,
1378 4764 1545 4825 anemius
1562 4767 1761 4842 permittatis

161 4864 830 4943 (1333133133333133333131331133133133
847 4867 915 4926 Ro·
969 4861 1114 4923 indebita
1137 4861 1391 4938 presumptione
1413 4861 1540 4930 vexari,
1557 4861 1627 4933 sed,
1647 4862 1677 4923 31
1696 4863 1763 4925 ali·-

120 4982 229 5029 rnanae
250 4964 347 5035 lilios,
367 4963 540 5039 religionis
561 4962 684 5024 intuitu
705 4961 914 5023 313333113-
969 4958 1101 5036 331333
1121 4972 1221 5033 super
1236 4957 1287 5018 liis
1308 4955 1433 5033 absque
1447 4957 1564 5019 ordine
1579 4958 1761 5036 jndiciario

121 5066 253 5127 ratione
265 5060 426 5138 obsequii,
443 5060 528 5138 quod
542 5061 576 5120 in
590 5059 818 5121 ultramarinis
833 5075 914 5136 par·
969 5071 1110 5132 gravare
1135 5054 1417 5131 praesumpserint,
1444 5054 1544 5131 ipsos,
1574 5056 1642 5118 nisi
1670 5073 1762 5119 com-

120 5161 210 5225 tibus
224 5161 260 5220 in
282 5158 473 5220 defensione
494 5157 638 5219 nominis
652 5157 828 5220 christiani
849 5159 915 5218 1133
970 5153 1085 5214 moniti
1101 5151 1186 5212 inira
1203 5151 1339 5226 triginta
1354 5150 1426 5212 diss
1441 5155 1514 5229 post
1526 5154 1760 5216 commonitio-

121 5258 292 5321 terventer
326 5254 527 5331 impenditis,
564 5269 694 5331 semper
725 5254 916 5331 1333131133
970 5265 1045 5312 nem
1060 5250 1204 5311 vestram
1218 5249 1413 5317 destiterint,
1430 5266 1534 5327 usque
1550 5252 1591 5311 ad
1607 5248 1763 5313 33113133-

122 5355 225 5418 Sedes
242 5353 372 5413 sincera
388 5350 695 5413 caritatedilexerit
710 5352 743 5411 et
757 5349 916 5429 specialia
970 5347 1094 5410 tionem
1124 5345 1333 5422 condignam,
1362 5347 1493 5409 sublato
1527 5347 1762 5425 appellationis

121 5451 294 5515 curaverit
312 5449 488 5526 privilegia
506 5448 700 5525 indulgere;
718 5450 831 5509 nostro
852 5448 917 5509 im·
970 5445 1127 5515 remedio,
1156 5444 1380 5507 ecclesiastica
1415 5445 1580 5507 sententia
1619 5444 1760 5507 13113113.

122 5547 347 5613 minetottlcio
360 5546 608 5624 providendum,
626 5546 672 5615 ut,
689 5545 717 5605 si
729 5544 916 5621 perialsam
971 5544 1087 5605 Datum
1105 5541 1273 5612 Laterani,
1288 5544 1393 5603 XVIII
1409 5540 1476 5601 kal.
1493 5539 1664 5613 februarii,
1679 5559 1763 5621 pou·

122 5645 370 5721 suggestionem
395 5645 452 5704 aut
470 5642 600 5704 tacendi
623 5642 772 5703 fraudem
797 5642 916 5705 litterae
970 5640 1115 5701 tilicatus
1130 5638 1234 5699 nostri
1249 5653 1336 5699 anuo
1352 5638 1477 5714 quinto.

118 3764 397 3841 3333331333
416 3764 606 3837 Hospitalis
627 3765 763 3823 8333133
786 3764 913 3822 Marica

374 3862 667 3921 Tireutontoorvrm.
