3824 6180
108 316 156 376 05

112 476 189 535 sius
222 471 480 551 supersedentes
509 467 699 547 hujusmodi
730 467 917 546 questioni,

113 572 241 650 partes,
257 570 285 629 si
309 567 506 643 litigandum
531 566 699 637 duxerint,
716 566 756 627 ad
772 568 920 626 nostram

114 667 332 745 praesentiam
344 663 589 734 transmittatis,
613 664 648 723 ut
659 678 761 723 cansa
776 662 848 737 ipsa
862 653 921 738 pa'r

113 782 178 827 nos
194 763 372 826 concordia
389 763 459 822 sive
473 761 601 838 jndicio
616 760 827 822 terminetur.
854 761 922 821 Re-

113 866 237 924 vocato
252 863 287 922 in
302 862 423 921 statum
434 858 591 927 debitum,
609 856 727 934 siquid
743 872 844 933 super
857 856 921 916 hoc

114 960 254 1023 interim
275 957 376 1018 tuerit
396 958 520 1017 temere
540 955 748 1015 attentatum.
777 951 868 1024 Quod
893 952 921 1012 si

115 1073 186 1118 non
207 1070 334 1126 omnes,
352 1054 417 1114 duo
429 1055 588 1123 vestrum,
605 1053 669 1113 etc.
686 1053 804 1113 Datum
822 1051 922 1110 Late·

116 1155 206 1226 rani,
224 1156 269 1214 111
285 1151 353 1213 kal.
370 1149 566 1219 decembris,
585 1148 797 1224 pontificatus
816 1148 922 1209 nostri

117 1267 210 1313 anno
225 1251 336 1313 tertio.

481 1362 570 1449 LIX

119 1502 173 1561 Ad
193 1500 360 1560 decanam.
376 1499 410 1559 ct
426 1498 615 1572 capitutum
635 1495 754 1556 soracti
769 1495 925 1561 oannes

440 1596 598 1655 n'ovtom.

397 1706 545 1764 tdecem.
574 1704 651 1762 litt.

150 1814 274 1880 [begeat.
288 1814 334 1865 lib.
345 1814 389 1871 ΙΙΙ,
400 1813 475 1877 epist.
488 1812 607 1863 taallss.
617 1813 653 1862 La
663 1813 736 1862 Porta
749 1811 783 1861 du
794 1810 888 1873 Theti]

120 1915 156 1973 dt
172 1913 312 1986 magistro
332 1911 465 1979 blatbaeo,
482 1911 600 1982 pnpcri
610 1910 725 1978 clerico,
744 1906 927 1981 prehendite

344 1999 515 2056 benettctum
532 1996 700 2054 concedant.

161 2108 343 2177 Honorius,
360 2110 435 2180 etc,
453 2108 579 2168 decano
602 2108 635 2167 et
650 2105 796 2183 capitulo
813 2104 926 2166 Sancti

122 2206 274 2279 Quintini
288 2207 485 2267 Noviomen.
508 2204 671 2265 dioecesis

161 2300 343 2365 ordinata
362 2303 486 2363 caritas
521 2317 587 2362 uno
622 2301 718 2378 quast
751 2298 926 2361 fecundata

119 2402 285 2477 conceptu
308 2400 476 2476 geminum
498 2399 640 2460 fructum
668 2398 764 2475 parit,
789 2412 863 2458 cum
879 2398 926 2458 sic

121 2498 295 2559 distribuit
309 2497 537 2558 ecclesiastica
551 2495 713 2556 beneficia
733 2495 851 2571 dignos
866 2510 926 2555 as·

121 2612 260 2656 sumens
287 2596 327 2655 ad
355 2595 425 2665 illa,
451 2594 537 2671 qnod
560 2609 626 2654 nou
651 2593 761 2653 minus
777 2592 928 2669 providet

121 2693 275 2754 ecclesiis
291 2707 389 2768 quam
405 2691 567 2768 personis,
584 2690 762 2767 etquidem
783 2690 929 2767 ampliti-

122 2788 925 2865 candaestlargitas‚quaesicprodestdonatorio,

123 2887 212 2965 quod
227 2903 293 2947 non
303 2887 413 2947 minus
424 2885 576 2962 proficiat
588 2884 751 2946 donatori.
764 2885 850 2946 Hinc
863 2889 924 2956 est,

123 2984 212 3062 qnod
226 3000 286 3060 pro
302 2984 421 3044 dilecto
434 2984 502 3044 tilio
517 2984 676 3056 magistro
690 2983 834 3044 Matbaeo
848 3000 928 3059 pau·

121 3097 202 3159 pere
218 3082 359 3152 clerico,
377 3081 446 3150 cui,
470 3081 556 3142 sicut
571 3080 771 3157 accepimus,
794 3084 828 3142 et
851 3097 925 3141 mo-

121 3194 198 3240 rum
218 3176 384 3250 honestas,
407 3179 440 3239 et
454 3178 615 3239 talentum
640 3178 788 3239 scientiae
805 3178 925 3239 lauda-

122 3276 238 3338 biliter
252 3277 489 3351 suffragantur,
516 3275 766 3336 universitatem
781 3278 926 3337 vestram

124 3373 323 3437 monendam
365 3372 519 3433 duximus
559 3376 592 3435 et
623 3372 840 3444 hortandam,
868 3390 927 3450 per

124 3470 316 3548 apostolica
344 3469 438 3529 vobis
465 3470 588 3546 scripta
610 3470 821 3542 mandantes,
840 3486 926 3548 qua-

124 3569 224 3630 tenus
248 3567 279 3628 ei
306 3566 346 3627 ob
363 3568 582 3628 reverentiam
603 3567 760 3639 divinam,
786 3568 819 3629 et
842 3584 925 3628 nos-

122 3666 222 3734 tram,
239 3664 273 3724 iu
288 3663 429 3724 ecclesia
441 3664 552 3724 vestra
568 3664 603 3724 in
619 3680 683 3741 qna
703 3664 848 3725 nondum
868 3679 927 3741 per

123 3776 185 3822 nos
198 3760 331 3838 aliquis,
354 3760 478 3821 sibene
494 3762 715 3834 meminimus,
740 3764 791 3824 est
804 3777 925 3840 recep-

122 3860 187 3928 tus,
214 3859 381 3919 scolarum
405 3858 565 3933 regimen,
599 3874 662 3935 quo
690 3860 823 3936 dignius
851 3874 925 3921 esse

124 3958 293 4028 censetur,
311 3955 496 4016 liberaliter
510 3954 729 4028 conterentes,
749 3957 927 4033 providea-

124 4053 167 4114 tis
191 4052 300 4113 eidem
317 4054 415 4129 juxta
446 4053 569 4114 statuta
594 4054 732 4113 concilii
759 4056 925 4129 generalis

124 4149 925 4227 inbenetlciopraebendali,itaquod‚ethonorem

124 4247 276 4308 ecclesiae
292 4251 423 4319 vestrae,
440 4263 480 4308 ac
493 4248 653 4324 profectu,
666 4248 811 4325 proximi
824 4249 926 4310 affec-

124 4345 196 4406 tare
213 4344 412 4421 probemini,
426 4361 553 4421 uosque
564 4344 773 4406 devotionem
781 4346 925 4406 vestram

123 4442 290 4518 possimus
314 4442 431 4503 merito
455 4442 698 4503 commendare.
723 4443 841 4503 Datum
857 4446 925 4505 La-

122 4539 245 4609 terani,
285 4538 437 4599 kalendis
474 4538 674 4611 decembris,
716 4540 926 4615 pontificatus

123 4635 230 4696 nostri
253 4650 340 4696 auno
355 4635 464 4696 tertie.

162 4772 208 4829 tn
229 4773 388 4838 citandam
410 4772 552 4831 modeim
573 4769 732 4846 scriptum
754 4768 805 4831 est
826 4785 927 4848 super

123 4865 187 4926 boc
203 4865 330 4927 decano
333 4910 394 4926 .....
419 4869 452 4928 et
468 4868 627 4943 magistro
650 4870 749 4929 Petro
765 4869 926 4929 canonico

122 4964 307 5025 Toruacen.
323 4978 430 5037 usque
445 4966 612 5041 possimus
627 4964 748 5025 merito
764 4980 927 5026 commen·

124 5059 216 5130 dare,
233 5059 343 5121 verbis
358 5062 583 5137 competenter
597 5061 743 5122 mutatis.
765 5063 926 5133 Quocirca

123 5156 319 5218 discretioni
347 5160 469 5219 vestrae
498 5173 557 5235 per
582 5160 772 5234 apostolica
801 5159 925 5235 scripta

124 5253 321 5314 mandamus
336 5259 500 5331 quatenus
512 5271 570 5316 eos
588 5256 629 5316 ad
645 5256 679 5315 id
694 5256 856 5317 moneatis
872 5258 925 5317 at-

123 5350 260 5421 tentius,
283 5351 317 5412 ct
339 5352 522 5413 efficaciter
544 5350 703 5413 inducere
727 5353 923 5429 procuretis.

122 5446 215 5519 Quod
245 5447 275 5506 si
301 5463 368 5508 non
396 5465 523 5520 omnes,
538 5452 614 5518 etc„
631 5449 696 5510 duo
717 5450 863 5510 vestrum
885 5465 924 5510 ea

124 5543 343 5605 nihilominus
359 5548 595 5622 exsequantur.

251 5784 365 5831 airaon.
384 5786 458 5829 rous
472 5774 523 5833 ΙΙΙ.

114 5914 271 6152 ..χ

737 304 966 369 EPI'SlULAE.
990 302 1068 367 LIB.
1094 306 1148 365 ΙΙΙ.

1340 472 1405 558 LX

1039 613 1091 671 Ad
1106 608 1261 670 abbatem
1284 608 1318 668 et
1340 607 1495 668 coronent.
1513 606 1711 668 cistercien.
1797 618 1804 623 ·
1867 596 1870 601 ’

1242 724 1254 778 Ι
1278 720 1407 779 decemb.
1428 722 1506 779 1218.

992 829 1111 893 [aegest.
1125 828 1170 879 lib.
1182 829 1224 886 ΙΙΙ,
1239 830 1313 893 epist.
1332 827 1385 877 ΙΙΙ.
1401 828 1459 877 ilss.
1473 828 1509 877 La
1521 828 1597 877 Porta
1609 828 1643 877 du
1657 827 1751 891 Tbeil.]

977 938 1078 996 Statuit
1090 943 1119 994 ut
1133 937 1228 994 nultus
1238 936 1274 992 de
1289 935 1438 1000 novalibus
1448 934 1567 991 excttttis
1583 950 1682 991 eorum
1695 934 1772 992 deci·
1865 956 1868 961 ·
1895 922 1900 931 ’

1190 1040 1253 1081 mas
1267 1024 1383 1097 erigere
1398 1030 1561 1096 praesumat.

1016 1134 1198 1203 Honorius,
1224 1136 1299 1204 etc,
1325 1133 1454 1194 dilectis
1480 1132 1596 1193 tlliis...
1613 1131 1723 1195 abbati
1744 1134 1776 1193 et

978 1233 1154 1294 conventui
1168 1231 1362 1293 cistercien.

1020 1331 1102 1402 Quia
1124 1332 1197 1403 ejus
1222 1332 1272 1390 est
1287 1329 1498 1405 interpretari
1512 1331 1589 1404 jura
1612 1332 1708 1406 cnjus
1727 1330 1779 1389 est

979 1428 1209 1497 conderemus
1231 1425 1391 1486 babentes
1418 1426 1601 1503 utriusque,
1618 1427 1695 1487 licet
1707 1426 1776 1485 im-

979 1524 1101 1593 meriti,
1117 1525 1324 1600 potestatem,
1346 1523 1542 1584 auctoritate
1564 1523 1778 1599 praesentium

980 1622 1199 1690 declaramus,
1228 1620 1314 1697 qnod
1343 1620 1422 1680 licet
1445 1621 1604 1681 statutum
1622 1620 1722 1681 suerit
1743 1621 1778 1680 in

981 1719 1128 1781 Concilio
1156 1718 1316 1793 generali,
1346 1719 1381 1778 ut
1409 1717 1529 1778 iratres
1546 1718 1778 1779 cisterciensis

981 1817 1107 1878 ordinis
1122 1817 1162 1877 de
1182 1817 1302 1876 alienis
1322 1816 1431 1881 terris,
1447 1817 1480 1875 et
1494 1817 1672 1891 atempore
1687 1831 1778 1892 prae-

981 1915 1061 1977 dicti
1087 1914 1226 1976 Concitii
1252 1913 1474 1989 acquirendis,
1498 1914 1526 1973 si
1553 1928 1611 1974 eas
1636 1912 1780 1991 propriis
1840 1920 1843 1925 '

981 2011 1145 2084 manibus,
1159 2013 1217 2072 ant
1230 2010 1415 2087 sumptibus
1424 2011 1632 2081 excoluntur,
1650 2011 1782 2073 solvant

981 2109 1313 2177 decimas-ecclesiis,
1340 2107 1460 2185 qnibns
1488 2108 1617 2169 ratione
1637 2108 1782 2185 praedio-

981 2223 1053 2269 rum
1080 2208 1179 2267 antea
1202 2205 1425 2273 attinebantur,
1443 2206 1507 2264 nisi
1533 2222 1606 2266 cum
1624 2205 1707 2282 ipsis
1720 2220 1780 2266 ec-

982 2305 1093 2365 clesiis
1113 2305 1211 2365 aliter
1234 2303 1390 2364 duxerint
1414 2303 1686 2378 componendum,
1713 2319 1780 2364 non
1876 2302 1879 2309 '

981 2402 1091 2464 tamen
1118 2401 1367 2475 intelligendum
1395 2402 1445 2461 est
1458 2416 1518 2459 vos
1539 2400 1645 2461 teneri
1666 2399 1706 2460 ad
1723 2400 1783 2461 de-
1871 2426 1874 2431 ·

981 2480 1086 2561 cimas
1124 2499 1164 2559 de
1200 2497 1375 2559 novalibus
1408 2498 1656 2575 persolvendas.
1688 2498 1782 2559 Unde

982 2598 1168 2667 statuimus,
1186 2598 1222 2658 nt
1234 2596 1273 2655 de
1285 2595 1459 2656 novalibus
1473 2597 1593 2657 vestris
1606 2596 1748 2656 excultis
1761 2612 1781 2656 a
1860 2636 1863 2641 -

981 2697 1128 2772 tempore
1145 2694 1284 2755 concilii
1298 2694 1476 2769 gerreralis,
1494 2694 1598 2754 autin
1615 2695 1782 2769 posterum

982 2793 1140 2864 colendis,
1168 2793 1282 2852 nullus
1317 2808 1337 2852 a
1363 2792 1457 2851 voltis
1484 2791 1631 2851 decimas
1646 2792 1782 2867 exigere

981 2892 1034 2951 vel
1050 2892 1249 2967 extorquere
1262 2891 1451 2966 praesumat.
1474 2889 1566 2949 Nulli
1591 2904 1681 2965 erge,
1703 2890 1779 2959 etc..

982 2988 1068 3049 hanc
1081 2989 1236 3064 paginam
1253 2988 1375 3047 nostra.
1384 2987 1631 3057 declarationis,
1644 2988 1677 3047 et
1690 3002 1783 3047 cous·

983 3086 1145 3147 titutionis
1181 3084 1373 3159 intringere.
1404 3083 1437 3143 Si
1474 3085 1548 3160 qtiis
1577 3086 1698 3153 autem,
1716 3086 1778 3143 etc.
1829 3091 1834 3103 ·

982 3185 1099 3244 Datum
1115 3182 1282 3247 Laterani,
1307 3180 1459 3241 kalendis
1479 3179 1675 3245 decembris,
1692 3195 1781 3256 pon·

981 3280 1124 3342 titlcatus
1140 3279 1243 3341 nostri
1257 3294 1345 3339 anno
1360 3277 1468 3339 tertia.
1812 3280 1817 3285 '
1836 3288 1839 3293 ·

1336 3439 1421 3525 LXI

980 3577 1033 3635 Ad
1059 3576 1242 3643 decan-ton,
1280 3576 1321 3632 de
1353 3575 1387 3633 S.
1418 3574 1716 3641 arclndioconmn,
1748 3570 1781 3632 et

1093 3674 1288 3732 iterandum
1302 3673 1506 3730 cottont'ctmt
1519 3673 1659 3730 Reman.

1243 3785 1255 3839 t
1273 3782 1402 3840 decemb.
1426 3783 1505 3839 tals.

1012 3890 1131 3955 [aegest.,
1140 3890 1185 3939 lib.
1195 3889 1238 3945 tlt,
1249 3889 1324 3951 epist.
1335 3887 1390 3937 tlt.
1402 3890 1459 3938 tiss.
1469 3890 1505 3938 La
1514 3888 1591 3937 Porta
1602 3887 1637 3937 du
1648 3888 1742 3953 thail]

981 3993 1022 4047 tle
1037 3990 1176 4047 electione
1193 3988 1304 4044 abbatis
1319 3988 1427 4045 Letien.
1442 3987 1620 4054 monasterii,
1634 3986 1710 4059 quod
1728 4002 1778 4043 ca·

1033 4078 1168 4134 nouicum
1180 4076 1263 4133 tuerit
1272 4084 1398 4134 statuant
1408 4084 1436 4132 et
1448 4076 1593 4132 observari
1609 4074 1724 4131 iaciant.

1020 4186 1198 4257 Honorius,
1215 4189 1291 4255 etc,
1314 4185 1450 4255 decan0,
1467 4186 1499 4245 et
1512 4183 1681 4257 magistris
1694 4190 1777 4258 Aug.

981 4285 1021 4346 de
1037 4284 1176 4346 Sarchai
1204 4282 1440 4344 archidiacono
1459 4284 1493 4342 et
1507 4281 1653 4342 Gerardo
1673 4298 1778 4343 cano-

980 4382 1055 4442 nico
1070 4383 1206 4443 Remea.
1428 4392 1430 4396 ·

1021 4479 1167 4540 Dilectus
1181 4479 1269 4537 tilius
1284 4477 1442 4538 Nicotaus
1454 4476 1637 4537 monachus
1651 4477 1777 4538 Latien.

982 4574 1777 4659 monasteriioblatanobispetitionemonstravit,

981 4673 1067 4749 quod
1094 4689 1168 4732 cum
1196 4672 1386 4741 Gostninns,
1415 4672 1562 4746 ejustlem
1585 4670 1778 4732 monasterii

981 4770 1094 4841 abbas,
1116 4774 1327 4831 cameracen.
1352 4769 1516 4838 dioecesis,
1541 4767 1646 4843 ipsius
1669 4768 1779 4827 admi-

981 4867 1213 4928 nistrationem
1242 4866 1413 4931 cessisset,
1442 4865 1474 4924 et
1507 4863 1547 4923 de
1576 4864 1779 4925 successoris

981 4965 1086 5041 ipsius
1101 4964 1264 5024 electione
1273 4963 1484 5030 tractaretur,
1499 4964 1597 5037 prout
1612 4963 1714 5023 moris
1729 4964 1780 5022 est

980 5062 1068 5122 inter
1080 5061 1210 5130 fratres,
1226 5059 1358 5136 qnidam
1374 5059 1529 5120 monachi
1541 5060 1674 5120 Petrum
1689 5063 1780 5135 ejus-

981 5158 1054 5218 dem
1064 5158 1129 5217 loci
1141 5156 1553 5216 monacharumanitestnm
1564 5155 1776 5226 homicidam,

980 5255 1013 5316 et
1025 5253 1100 5313 aliis
1116 5252 1311 5314 criminibus
1326 5254 1491 5314 irretitum
1512 5254 1684 5327 elegerunt
1698 5269 1780 5313 con-

979 5354 1030 5414 tra
1046 5352 1235 5414 sanctiones
1260 5352 1439 5413 canonicas
1460 5351 1494 5410 in
1522 5351 1692 5423 abbatem,
1718 5352 1778 5412 alii

979 5465 1058 5510 vero
1084 5451 1192 5526 ipsum
1206 5450 1248 5509 N.
1274 5449 1434 5510 canonice
1457 5447 1647 5523 elegerunt3
1674 5464 1778 5525 quare
1873 5454 1877 5461 “

979 5546 1065 5607 idem
1079 5549 1119 5607 N.
1142 5560 1184 5606 ne
1198 5545 1323 5622 aliquid
1339 5548 1412 5620 ejus
1427 5544 1655 5621 praejudicium
1671 5548 1776 5616 tieret,

979 5645 1126 5707 nostram
1166 5642 1369 5705 audientiam
1383 5641 1574 5719 appellavit.
1593 5644 1778 5718 Smpetatus

1631 5774 1647 5828 Ι
