3774 6186
128 292 184 355 ott
218 346 222 355 .

125 450 311 529 praesertim
333 447 395 509 boc
416 446 564 522 tempore
592 456 652 522 pro
680 447 817 509 servitio
840 450 919 509 Jesu

125 548 247 610 cnristt
267 546 437 623 exponunt
451 561 486 604 se
501 542 613 603 multis
627 542 797 605 laboribus
813 546 846 606 et
860 561 921 605 61-

124 646 248 722 pensis‚
260 643 404 705 indebita
416 640 918 716 nolumusinserregravamina,

15 742 25 753 ““
122 744 180 804 sed
196 743 290 816 grata
313 739 462 800 subsidia
484 739 690 812 ministrar03
710 738 920 799 universitati

122 842 242 901 vestrae
255 854 315 914 per
326 836 515 913 apostolica
529 836 652 911 scripta
665 836 860 897 mandamus
874 836 921 896 at·

122 953 186 1013 que
212 936 443 1012 praecipimus
469 935 631 1011 quatenus
654 932 863 1009 presbyteros
887 936 921 994 et

122 1034 262 1093 clericos
277 1032 472 1103 antedictos,
493 1035 528 1090 ut
544 1030 585 1091 ab
602 1030 748 1091 indebita
763 1030 921 1091 molesta·

122 1131 213 1192 tione
228 1130 471 1189 nominatorum
493 1128 633 1189 fratrum
654 1144 753 1204 super
768 1129 920 1204 portione

118 1229 189 1304 jam
205 1226 291 1287 dicta
307 1227 438 1302 penitus
458 1226 666 1296 desistentes,
679 1241 752 1286 eam
778 1225 919 1301 permit-

123 1324 196 1385 tant
209 1323 291 1399 ipsis
307 1321 464 1382 iratribus
487 1321 622 1397 pacitice
642 1321 831 1397 possidere,
849 1336 921 1381 mo-

123 1420 253 1481 nitione
271 1420 454 1495 praemissa,
471 1434 718 1495 percensuram
738 1419 919 1479 ecclesias·

123 1516 240 1588 ticam,
285 1516 414 1577 sublato
458 1515 691 1591 appellationis
730 1515 918 1586 obstaculo,

123 1613 348 1689 compellatis,
362 1614 553 1674 mandatum
568 1613 792 1688 ,apostolicum
809 1613 921 1674 taliter

123 1710 303 1787 impleturi,
316 1710 402 1787 quod
416 1725 481 1769 non
495 1710 630 1786 possitis
643 1710 683 1770 de
695 1709 920 1771 inobedientia

124 1807 336 1883 reprehendi,
349 1806 449 1866 immo
463 1806 571 1882 potius
583 1807 622 1866 de
633 1805 821 1867 obedientia
835 1822 920 1867 com·

124 1904 287 1964 mandari.
302 1905 419 1964 Datum
434 1903 600 1974 Laterani,
615 1904 689 1962 XIV
705 1902 771 1962 kal.
786 1902 921 1964 februa-

124 1999 179 2072 rii,
195 2001 406 2076 pontificatus
421 2001 526 2061 nostri
544 2015 631 2061 anno
644 2000 770 2076 quinto.

443 2222 594 2309 texui

413 2367 464 2425 Ad
478 2367 625 2426 eosdem.

422 2478 454 2534 to
467 2477 527 2549 jan.
545 2477 624 2534 last.

300 2582 436 2648 [Streblke,
449 2581 465 2631 1.
481 2597 513 2641 c,
526 2598 551 2646 p.
565 2582 620 2641 302,
636 2597 660 2633 n.
673 2581 740 2645 331]

2 2679 13 2749 ’.
85 2728 88 2733 -
124 2692 259 2753 Concedit
277 2691 368 2747 ordini
384 2689 574 2755 Thoutonico,
588 2695 618 2744 ut
633 2686 757 2758 undique
772 2686 916 2760 presbyte-

159 2796 206 2838 ros
219 2780 254 2837 ad
270 2779 415 2836 servitium
431 2792 514 2834 suurn
531 2790 678 2832 1611111616
690 2776 780 2846 possit
791 2783 819 2831 et
834 2777 863 2831 in
875 2775 917 2831 lo·

159 2869 201 2926 cis
224 2867 278 2924 sibi
301 2867 411 2923 collatis
432 2864 555 2921 oratoria
571 2871 601 2920 et
614 2864 776 2920 coemeteria
793 2878 844 2935 pro
866 2879 918 2920 usu

160 2957 273 3029 proprio
288 2961 463 3011 construere.

164 3073 330 3134 Honorius
341 3072 526 3148 episcopus,
537 3086 652 3132 servus
665 3086 836 3132 servorum
845 3071 916 3141 Dei,

124 3168 370 3233 venerabilibus
386 3168 544 3229 tratribus
562 3169 771 3245 patriarchis,
786 3168 919 3228 archie-

124 3268 268 3347 piscopis
284 3268 317 3327 et
330 3266 509 3342 episcopis,
531 3269 564 3326 et
580 3266 708 3326 dilectis
724 3266 801 3326 tiliis
816 3265 919 3325 abba·

124 3366 228 3431 tibus,
245 3364 285 3425 ad
300 3380 382 3440 quos
398 3363 515 3423 litterae
530 3362 602 3423 istae
618 3362 846 3438 pervenerint,
863 3378 920 3422 sa-

123 3463 224 3524 lutern
241 3464 273 3522 61
288 3460 503 3537 apostolicam
518 3460 793 3519 benedictionem.

163 3559 282 3620 Militia
305 3557 375 3628 Dei,
398 3572 472 3633 quac
497 3557 618 3617 dicitur
639 3556 755 3615 domus
779 3555 917 3616 fratrum

122 3656 303 3732 Hospitalis
334 3656 464 3714 Sanctae
496 3653 612 3713 Mariae
639 3653 917 3714 Tbeutonicorum

121 3752 427 3829 Hierosolymitani,
440 3767 537 3826 quarn
549 3751 592 3811 sit
603 3751 758 3811 orientali
769 3750 917 3811 ecclesiae

27 3918 31 3927 ,
121 3852 303 3918 commoda,
321 3849 421 3924 digna
436 3848 574 3919 meritis,
586 3850 652 3909 Deo
666 3851 772 3923 grata,
783 3849 917 3909 univer-

120 3950 251 4011 sitatem
267 3947 411 4008 vestram
432 3946 597 4006 credimus
617 3962 682 4006 non
703 3947 817 4007 latere.
835 3949 919 4006 Fra-

119 4050 215 4109 terna
243 4045 346 4119 igitur
374 4043 497 4104 caritas
523 4059 584 4104 nos
610 4043 773 4115 hortatur,
801 4045 855 4114 ut,
882 4044 916 4103 in

120 4143 278 4223 quantum
295 4157 481 4217 possumus,
499 4142 688 4202 necessaria
704 4142 753 4201 eis
768 4140 916 4201 subsidia

119 4241 357 4303 ministremus.
371 4241 420 4309 ut,
434 4238 589 4315 quoniam
600 4238 756 4313 religiose
766 4239 915 4300 viventes

120 4338 237 4400 devote
252 4336 386 4397 student
401 4335 523 4395 divinis
541 4335 660 4395 osticiis
674 4335 854 4406 interesse,
872 4335 916 4394 li-

118 4436 232 4497 beram
255 4432 304 4493 eis
329 4432 540 4492 concedimus
563 4431 752 4493 facultatem
780 4432 915 4494 idoneos

121 4530 333 4610 presbyteros
357 4529 397 4589 ad
424 4544 518 4588 suurn
546 4527 717 4589 servitium
746 4544 916 4591 assumere

119 4628 352 4703 undecunque,
369 4626 425 4702 qui
440 4626 551 4686 tamen
566 4625 631 4686 rite
646 4627 762 4687 sintin
778 4626 915 4703 presby·

117 4729 207 4789 teres
222 4723 366 4786 ordinati
382 4723 415 4785 et
429 4738 448 4783 a
465 4723 609 4799 propriis
628 4723 793 4800 episcopis
811 4723 916 4784 licen·

116 4825 198 4887 tiam
213 4821 433 4899 impetrarint.
451 4821 498 4881 nd
514 4821 587 4881 baec
608 4819 733 4881 eisdem
756 4820 914 4881 tratribus

117 4920 287 4997 cupientes
314 4918 517 4979 commodius
542 4918 736 4994 providere,
765 4919 914 4980 minuere

116 5022 229 5081 tamen
241 5016 366 5076 nullius
376 5017 523 5076 vestrum
533 5017 588 5091 jus
602 5016 794 5091 parochiale
804 5015 916 5076 volen-

115 5120 166 5178 tes
178 5114 232 5176 vel
248 5112 408 5183 decimas,
426 5113 496 5172 sive
511 5112 712 5184 oblationes,
730 5114 788 5174 aut
802 5113 915 5189 sepul·

112 5218 208 5278 turas
236 5210 386 5281 auterre,
416 5211 450 5272 in
480 5211 561 5270 locis
588 5210 652 5271 sibi
679 5211 830 5282 collatis,
857 5210 913 5272 ubi

15 5332 23 5353 ·
114 5310 242 5373 familia
266 5308 423 5370 videlicet
447 5307 593 5380 habitat,
622 5309 813 5370 eorumdem
833 5325 915 5370 con·

114 5406 265 5470 struendi
281 5406 331 5466 eis
350 5405 496 5465 oratoria
512 5404 679 5466 licentiam
699 5406 861 5478 dedimus,
879 5407 912 5466 in

115 5504 234 5584 quibus
250 5502 466 5564 celebrationi
482 5501 671 5563 divinorum
686 5503 852 5575 intersint,
868 5504 910 5574 et,

114 5604 144 5665 si
160 5603 234 5680 quis
248 5601 289 5662 de
305 5600 387 5676 ipsis
401 5599 559 5661 tratribus
569 5601 628 5660 aut
639 5616 754 5661 eorum
767 5601 914 5661 servien-

727 272 1161 352 -mmffiummm.

1721 294 1780 353 67?

974 447 1061 508 tibus
1077 451 1227 510 mortuus
1247 448 1363 521 suerit,
1390 449 1582 510 tumuletur.
1607 450 1667 510 Est
1689 450 1778 511 enim

974 543 1130 606 indecens
1146 547 1179 607 et
1193 546 1281 622 parit
1300 546 1465 606 interdum
1487 546 1675 624 periculum
1697 548 1776 608 ani-

974 658 1114 713 marum,
1130 632 1237 704 si'viri
1251 643 1414 719 religiosi,
1432 643 1609 705 occasione
1625 644 1778 706 ecclesias

974 739 1135 800 adeundae
1150 756 1186 800 se
1201 741 1349 801 virorum
1362 740 1467 801 turbis
1481 743 1514 802 et
1529 741 1776 818 frequentatio-

974 836 1071 896 nibus
1104 837 1313 899 immisceant
1346 838 1534 898 mulierum.
1566 842 1777 916 Quapropter

975 934 1184 995 universitati
1208 937 1340 996 vestrae·
1353 951 1413 1011 per
1434 936 1626 1012 apostolica
1653 938 1776 1013 scripta

975 1031 1170 1092 mandamus
1199 1033 1297 1107 atque
1326 1032 1554 1109 praecipimus,
1586 1035 1774 1109 quatenus,

974 1144 1048 1189 oum
1071 1144 1143 1199 voS,
1159 1127 1278 1189 iratres
1302 1129 1514 1204 patriarclrae,
1532 1130 1775 1209 archiepiscopi

974 1225 1025 1285 vel
1040 1226 1198 1301 episcopi,
1215 1225 1257 1286 ab
1271 1225 1394 1286 eisdem
1408 1226 1567 1287 iratribus
1578 1227 1713 1288 fueritis
1724 1246 1776 1290 re-

974 1323 1100 1399 quisiti,
1113 1323 1257 1383 oratoria
1273 1324 1463 1385 eorumdem
1475 1324 1636 1386 dedicatis
1651 1326 1774 1404 absque

975 1419 1085 1497 aliqua
1109 1421 1273 1496 pravitate
1295 1437 1335 1481 ac
1357 1438 1416 1497 pro
1440 1423 1633 1498 sepelienda
1659 1439 1772 1485 6611111

975 1516 1100 1578 familia
1115 1518 1151 1577 in
1166 1517 1313 1592 praetatis
1329 1518 1411 1579 locis
1429 1519 1622 1581 coemeteria
1637 1520 1776 1582 benedi-

974 1630 1050 1675 cere
1063 1616 1258 1691 procuretis
1271 1616 1344 1676 sine
1351 1617 1438 1692 juris
1450 1617 1648 1693 praejudicio
1659 1619 1770 1679 alieni.

975 1712 1191 1789 Presbpteros
1207 1729 1336 1789 quoque
1352 1729 1487 1774 manere
1498 1715 1618 1776 sinatis
1631 1715 1666 1775 in
1682 1733 1770 1792 pace,

974 1824 1056 1885 quos
1072 1810 1136 1885 ipsi
1149 1825 1208 1885 pro
1223 1809 1411 1871 exhibendo
1427 1809 1490 1871 sibi
1506 1812 1621 1872 divino
1637 1815 1772 1875 servitio

974 1907 1154 1966 sociarunt.
1170 1906 1217 1966 nd
1233 1906 1295 1967 boc
1310 1923 1388 1982 ergo
1404 1907 1637 1984 complendum
1665 1913 1771 1971 vestra

974 2001 1166 2063 fraternitas
1189 2019 1283 2078 opem
1310 2005 1487 2065 consilium
1505 2005 1656 2081 praebeat
1671 2009 1706 2067 et
1719 2024 1772 2067 as·

974 2115 1128 2170 sensum,
1146 2115 1207 2159 nec
1227 2115 1285 2160 eos
1304 2101 1339 2160 in
1361 2102 1517 2162 oratoriis
1539 2104 1768 2166 construendis

975 2195 1133 2272 impediat
1147 2197 1205 2256 aut
1219 2196 1372 2273 impediri
1388 2199 1567 2274 permittat.
1583 2202 1704 2260 batum
1715 2203 1768 2260 La·

974 2293 1092 2363 tareni,
1106 2294 1181 2353 XIV
1197 2293 1263 2353 kal.
1281 2293 1452 2367 februarii,
1464 2295 1681 2371 pontificatus
1691 2313 1766 2357 nos-

974 2389 1016 2449 tri
1031 2403 1119 2448 1116
1134 2388 1260 2465 quinto.

1305 2576 1437 2663 CCXV

1013 2719 1065 2778 Ad
1083 2720 1337 2793 Berenparium
1350 2722 1541 2794 duplorum
1559 2725 1728 2794 uttovtdum

1285 2819 1456 2892 reginam.

1245 2937 1278 2993 19
1289 2937 1402 3010 januar.
1418 2939 1495 2996 tant.

993 3048 1113 3113 [depost.
1127 3050 1172 3101 lib.
1185 3051 1215 3107 V,
1229 3052 1303 3115 epist.
1315 3052 1370 3102 360.
1384 3053 1440 3102 tiss.
1456 3054 1492 3103 La
1503 3055 1580 3105 Porto
1590 3055 1624 3105 du
1638 3057 1727 3118 rnen]

974 3158 1067 3213 Paetis
1082 3157 1233 3213 inteream
1249 3166 1334 3230 atque
1348 3160 1512 3229 ilenricurn,
1525 3163 1638 3234 Anglite
1655 3179 1751 3235 regern,

990 3244 1024 3302 de
1038 3246 1112 3301 itlius
1124 3245 1190 3302 dote
1205 3248 1283 3304 initis
1297 3249 1494 3306 auctoritatem
1510 3265 1590 3307 suam
1607 3251 1734 3324 adJungit.

1013 3364 1190 3435 Honorius,
1204 3366 1279 3435 etc,
1299 3366 1481 3427 carissimae
1501 3368 1536 3427 in
1547 3368 1676 3429 Christo
1685 3369 1746 3428 tilia

972 3460 1386 3536 B.,quondam1tnglorum
1401 3464 1526 3537 reginae
1538 3463 1669 3536 illustri,
1679 3465 1746 3525 salu·

974 3560 1038 3617 tem
1053 3560 1086 3618 et
1100 3574 1117 3617 a
1123 3558 1315 3634 postolicam
1329 3559 1605 3621 benedictionem.

1011 3658 1060 3714 Ex
1069 3655 1217 3730 injuncto
1233 3656 1326 3716 nobis
1336 3655 1444 3717 oiitcio
1453 3658 1624 3719 servitutis
1640 3659 1742 3719 incun-

972 3751 1601 3829 bit,quumitliusvicemlicetimmeriti
1612 3770 1740 3831 geramus

972 3849 1127 3921 interris
1141 3851 1198 3926 qui
1213 3865 1278 3911 nou
1292 3852 1344 3911 est
1357 3850 1575 3912 dissensionis
1594 3855 1685 3922 Deua,
1699 3848 1740 3910 sed

972 3947 1074 4023 pacis,
1085 3948 1119 4007 ut
1132 3946 1184 4006 his
1193 3948 1249 4024 qui
1259 3947 1426 4008 amicabili
1436 3950 1513 4009 sunt
1524 3949 1737 4025 compositione

971 4044 1078 4120 sopita
1099 4044 1267 4104 munimen
1290 4045 1515 4121 apostolicum
1543 4059 1735 4122 apponamus,

971 4156 1013 4201 ne
1027 4140 1221 4201 relabantur
1234 4141 1271 4201 in
1285 4141 1414 4203 iteratae
1438 4143 1630 4219 scrupulum
1648 4157 1736 4219 quas·

970 4237 1081 4308 tionis,
1097 4238 1130 4297 et
1152 4237 1281 4298 oriatur
1301 4238 1466 4300 dissensio
1481 4239 1570 4300 inter
1588 4256 1655 4310 eos,
1675 4251 1736 4315 quus

970 4332 1067 4394 debet
1095 4333 1191 4393 unire
1214 4334 1381 4394 vinculum
1414 4335 1575 4396 caritatis.
1606 4335 1678 4395 lude
1701 4333 1737 4392 est

971 4430 1145 4507 quodcum
1168 4430 1360 4491 carissimus
1380 4431 1559 4493 i11Ghristo
1575 4431 1661 4493 illius
1679 4443 1736 4491 nos·

970 4528 1020 4588 ter
1029 4530 1081 4599 H.,
1094 4543 1155 4587 161
1164 4528 1345 4603 Angtorum
1360 4528 1512 4599 illustris,
1522 4529 1593 4590 suis
1607 4528 1693 4591 nobis
1702 4524 1737 4584 tit·

970 4626 1049 4686 teris
1066 4624 1274 4701 supplicavit,
1290 4626 1326 4685 ut
1337 4625 1608 4701 compositionem
1619 4624 1734 4690 intorte,

969 4736 1009 4782 ac
1019 4723 1126 4798 ipsum
1141 4737 1242 4797 super
1256 4721 1487 4784 observatione
1500 4719 1733 4801 compositionis.

969 4834 1033 4894 qua
1045 4835 1145 4895 super
1160 4819 1234 4880 dote
1251 4822 1316 4890 tua,
1333 4820 1367 4880 et
1383 4820 1579 4897 quibusdam
1592 4821 1665 4881 aliis
1681 4828 1735 4878 cun

969 4916 1068 4975 clarae
1084 4916 1251 4977 memoriae
1265 4918 1294 4978 J.
1309 4931 1385 4990 rege
1401 4919 1494 4992 patre
1509 4917 1614 4993 ipsius
1625 4917 1735 4979 inieras

968 5014 1001 5074 et
1011 5013 1191 5088 arreragiis
1207 5015 1347 5090 quatuor
1362 5013 1500 5073 millium
1514 5016 1547 5075 et
1562 5013 1736 5091 quingenta·

968 5124 1042 5168 rum
1063 5108 1222 5169 librarum
1245 5109 1492 5183 sterlingorum,
1518 5126 1592 5186 quae
1616 5108 1671 5171 tibi
1691 5106 1737 5166 de·

967 5205 1130 5266 bebantur
1150 5222 1194 5266 ex
1215 5207 1452 5282 compositione
1465 5207 1623 5283 praedicta
1636 5205 1740 5266 amica·

967 5302 1078 5364 bititer
1116 5304 1246 5373 initam,
1278 5303 1379 5364 robur
1418 5303 1602 5365 taceremus
1638 5303 1740 5363 habere

967 5404 1134 5476 perpetuae
1149 5388 1325 5472 firmitatis,
1352 5401 1513 5476 appositis
1535 5418 1618 5479 quas
1632 5396 1740 5461 videri·

967 5514 1040 5559 mus
1053 5498 1286 5559 severitatibus
1299 5497 1469 5574 expedire,
1486 5514 1526 5560 ac
1540 5514 1583 5559 ex
1596 5500 1686 5575 parte
1697 5500 1741 5555 tua

967 5596 1168 5673 postulatum
1190 5595 1253 5657 tuit
1267 5596 1347 5656 illud
1370 5596 1468 5668 idem,
1493 5612 1555 5657 nos
1575 5598 1641 5657 1111
1654 5595 1746 5672 ipuius
