3774 6186
12 320 40 360 ,ι
96 256 227 373 ω’
713 260 900 363 ἨοΝοιηι
923 295 1138 360 irrorans.
1350 290 1353 295 ’
1507 266 1520 277 “
1704 298 1758 357 no

114 468 237 532 tionem
259 465 461 536 inciderant,
475 460 846 524 ¹eircommunlcationis
875 460 908 521 et
961 456 1121 518 vandum.
1143 457 1303 529 Quocirca
1319 456 1536 518 universitati
1558 456 1683 516 vestrae
1705 472 1757 533 per

113 565 282 630 interdicti
293 562 467 624 sententiis
479 561 652 629 relaxatis,
662 560 696 621 et
707 560 756 620 sic
766 558 909 635 captivis
963 555 1151 632 apostolica
1168 554 1292 630 scripta
1317 553 1377 614 snb
1396 553 1507 614 debito
1530 551 1703 613 fidelitatis
1726 557 1755 615 et

114 660 267 726 omnihus
294 660 442 738 pristinae
474 658 615 720 redditis
649 657 795 718 libertati
820 655 907 732 apud
963 668 1061 730 poena
1079 651 1171 713 mille
1190 652 1349 712 librarum
1370 651 1521 712 districte
1539 650 1750 728 injungimus,

115 760 315 830 Mevaniam,
334 755 554 833 potestatibus
577 754 749 816 civitatum
774 753 807 814 et
829 767 908 812 cas·
964 752 1126 826 quatenus
1139 748 1328 825 supradicta
1348 749 1460 809 omnia
1482 750 1514 809 et
1535 763 1597 809 vos
1621 747 1685 823 ipsi
1704 748 1751 808 tir·

113 847 242 920 trorum
264 855 333 916 iere
356 851 504 914 omnium
532 852 572 913 de
599 852 732 921 ducatu,
759 865 841 926 quos
866 848 908 909 ad
964 849 1062 909 miter
1085 846 1280 917 observetis,
1297 848 1332 906 et
1352 845 1393 906 ab
1409 845 1486 905 aliis
1505 845 1629 906 ditioni
1644 848 1746 909 vestra

116 968 211 1016 suam
233 951 445 1029 praesentiam
460 948 691 1019 advocaverat,
720 944 909 1007 subdebile
964 945 1131 1022 subjectis,
1149 945 1308 1025 quantum
1332 941 1368 1003 in
1391 943 1486 1005 vobis
1502 943 1615 1014 tuerit
1633 941 1744 1007 iacietis

115 1049 294 1120 ildelltatis,
309 1064 374 1125 quo
387 1047 544 1108 Ecclesiae
560 1049 717 1106 Romanae
740 1045 907 1114 tenentur,
964 1042 1145 1104 observari.

114 1151 148 1210 et
163 1163 261 1225 poena
283 1145 375 1206 mille
390 1142 551 1205 librarum
574 1143 731 1219 injunxit,
753 1144 788 1203 ut
803 1143 836 1201 iu
852 1156 911 1201 oc·
1004 1142 1122 1201 Datum
1137 1139 1223 1217 apud
1242 1138 1362 1200 Urbem
1375 1139 1579 1209 Veteremv
1589 1136 1738 1214 idusjuiii,

114 1244 201 1307 lavis
226 1243 459 1320 Apostolorum
485 1241 576 1302 Petri
596 1243 629 1301 et
644 1240 739 1300 Pauli
754 1239 911 1316 quaelibet
964 1237 1175 1312 pontificatus
1192 1236 1296 1298 nostri
1311 1250 1399 1297 anno
1415 1236 1544 1312 quarto.

114 1343 261 1420 potestas
277 1355 351 1400 cum
363 1339 471 1400 tribus
484 1338 537 1398 vel
550 1340 692 1415 quatuor
706 1336 746 1397 de
761 1351 910 1397 commu·
1004 1356 1045 1413 [η
1067 1354 1226 1413 eumdem
1240 1352 1380 1411 modum
1400 1350 1561 1425 scriptum
1584 1351 1635 1410 est
1646 1353 1737 1425 potes.

115 1438 220 1500 nitate
246 1452 318 1508 sua,
339 1436 446 1496 vicem
471 1434 619 1496 omnium
649 1430 858 1504 habentibus,
874 1447 911 1495 se
963 1449 1023 1510 tati
1050 1449 1083 1509 et
1108 1447 1230 1525 populo
1258 1446 1436 1524 spoletano
1460 1448 1494 1508 et
1521 1445 1674 1506 omnibus
1696 1464 1739 1523 per

114 1530 911 1612 alludUlbssmletffl'effl110⁸ll000118980iuidlae·
963 1547 1116 1607 Tusciam
1142 1548 1176 1608 et
1204 1544 1359 1605 ducatum
1391 1544 1609 1621 spoletanum
1636 1548 1737 1605 consti-

114 1633 270 1703 sentaret,
288 1644 329 1691 ac
343 1631 476 1692 interim
499 1645 565 1705 pax
587 1631 647 1690 aut
673 1628 768 1689 firma
792 1629 910 1703 treuga
964 1644 1056 1705 tutis,

115 1731 307 1791 servaretur
331 1727 511 1787 hincinde.
529 1726 653 1798 Quibus
672 1726 714 1786 ad
735 1725 910 1802 praefixum
1247 1746 1478 1835 CLXXVIII

114 1827 293 1890 terminum
313 1826 349 1886 in
370 1825 482 1886 nostra
509 1824 688 1901 prasentia
710 1823 908 1894 constitutis,

115 1923 189 2001 post
216 1922 394 1986 tractatum
420 1920 585 1982 diutinum
608 1924 678 1982 tam
700 1934 802 1997 super
830 1935 911 1996 paee
1314 1987 1320 1998 ,
1355 1989 1369 1998 ,Ἴ

115 2022 204 2083 inter
218 2021 308 2098 ipsos
319 2020 452 2097 plenius
465 2018 688 2088 reformanda,
701 2033 799 2094 quam
812 2032 912 2094 super
1260 1988 1296 2093 ¹²,
1309 1987 1372 2060 1⁰¹⁰
1393 1986 1473 2093 ΨΟ·

115 2119 238 2180 ducatu
259 2116 433 2178 retinendo
455 2114 495 2176 ad
516 2131 634 2175 manus
655 2116 798 2186 nostras,
824 2114 910 2192 quod
1057 2080 1666 2218 [³⁰⁰q⁰⁰,{23;³0}{{⁰1¹i¹b‘f‘ffffssssffi’⁹·⁷⁰⁵³

115 2218 150 2278 et
174 2230 239 2293 ¹⁹⁸¹
269 2214 420 2322 dfhssenu
448 2212 661 2274 m⁰d¹t⁸t¹⁰¹¹⁰
687 2213 912 2273 tractaverant
965 2244 1033 2304 Cum
1046 2243 1342 2302 Niveruensiscomes
1355 2241 1633 2300 autissiodorensem
1648 2239 1733 2306 urbem,

114 2329 190 2375 ⁰um
205 2311 406 2372 subd¹³⁰⁰¹¹⁰
429 2311 609 2370 ¹¹¹⁰¹¹¹⁰rat⁰
631 2309 788 2370 'tandem
805 2312 912 2369 Peru·
957 2370 963 2381 ·
1000 2335 1096 2392 statim
1132 2341 1216 2405 atque
1250 2332 1417 2390 Guillelmus
1451 2333 1604 2404 episcopus
1635 2332 1734 2389 Parisios

115 2409 192 2481 sini,
208 2408 339 2478 Μὶἳὶῐῑὶ,
352 2407 569 2482 Fufidium&
583 2408 612 2466 N
616 2405 744 2467 ucssiissi
757 2408 790 2467 θῐ
802 2407 911 2466 inter·
1001 2421 1067 2479 inde
1088 2421 1248 2491 transierat,
1267 2422 1355 2477 armis
1369 2428 1547 2492 occupasset,
1563 2420 1688 2476 comitem
1700 2420 1732 2475 iit·

115 2521 302 2576 amnenses,
311 2505 409 2581 Juxta
421 2503 611 2563 mandatum
627 2505 787 2574 nostrum,
801 2503 913 2562 muni·
1001 2511 1069 2567 teris
1078 2510 1138 2567 suis
1148 2517 1176 2566 et
1187 2510 1273 2565 nrioie
1285 2507 1430 2564 deterritas
1442 2521 1457 2563 a
1471 2507 1593 2564 consitio
1608 2507 1731 2572 honorius,

114 2604 234 2673 tiones,
264 2603 385 2670 castra,
413 2600 556 2674 regalia,
584 2600 671 2660 sieut
697 2614 737 2660 ea
765 2614 911 2675 unquam
1001 2612 1035 2655 ac
1055 2612 1154 2671 regem
1185 2597 1347 2669 Philippum
1376 2596 1543 2665 obtestatur,
1572 2603 1603 2652 ut
1626 2593 1732 2651 enindus

114 2700 234 2762 habuit
260 2700 294 2760 et
323 2697 470 2774 possedit
494 2696 606 2772 aliquo
635 2700 784 2772 tempore
815 2696 911 2757 bonae
1000 2694 1174 2759 0⁰ffli>0⁸⁰⁰l

116 2797 286 2859 memoria
323 2794 505 2861 conradus,
538 2794 573 2853 in
605 2794 729 2855 nostris
758 2793 910 2854 manibus
1005 2796 1171 2857 Honorius
1186 2794 1361 2871 episcopus
1374 2809 1489 2854 servus
1502 2808 1668 2854 servorum
1680 2792 1730 2859 liei,

116 2896 221 2957 libere
233 2893 457 2969 resignarunt.
480 2891 651 2967 spoletani
675 2892 787 2951 autem
810 2906 912 2967 super
964 2894 1084 2954 dilecto
1109 2892 1177 2953 tilio
1201 2893 1313 2954 comiti
1336 2892 1549 2964 Nivernensi,
1566 2891 1730 2953 salutemet

116 2993 271 3069 hisquae
290 2989 330 3050 de
343 2988 480 3050 ducatus
497 2988 650 3049 demanio
664 2991 778 3050 tenere
790 2988 909 3048 dicun-
965 2990 1216 3068 apostololicam
1227 2989 1504 3050 benedictionem.

114 3094 180 3162 tur,
196 3088 309 3152 taliter
331 3085 584 3163 responderunt,
608 3086 696 3162 quod
719 3086 782 3148 hoc
800 3085 913 3147 nulla-
1005 3088 1040 3149 Si
1056 3089 1165 3148 mente
1186 3086 1329 3149 sollicita
1353 3089 1577 3163 putassemus,
1602 3083 1731 3163 quodec-

114 3192 223 3259 tenus,
240 3184 325 3263 quod
342 3185 377 3245 iu
392 3183 445 3245 sui
455 3184 545 3261 juris
557 3184 751 3260 praejudicio
764 3184 912 3259 resigna·
965 3185 1067 3247 clesia
1091 3187 1125 3246 et
1146 3184 1266 3246 civitas
1298 3183 1602 3246 Autissiodorensis
1630 3183 1729 3244 bostem

115 3282 206 3352 bant,
233 3283 378 3345 maxime
406 3297 480 3342 cum
512 3283 629 3343 contra
662 3296 719 3342 eos
745 3281 910 3361 quondam
966 3282 1127 3344 haberent
1137 3283 1174 3342 iu
1184 3282 1310 3358 januis,
1324 3283 1357 3343 et
1368 3281 1561 3342 hostilitatis
1573 3281 1648 3342 inde
1658 3279 1730 3341 tine

116 3384 184 3444 dux
209 3380 396 3450 conradus,
424 3379 453 3438 si
479 3393 519 3438 ea
545 3378 691 3454 possedit
712 3378 909 3455 aliquando,
966 3381 1040 3442 rent
1063 3379 1240 3449 excidium,
1271 3378 1358 3439 unde
1386 3378 1578 3440 securitatis
1599 3375 1731 3439 debebant

1004 1878 1056 1936 Ad
1069 1877 1260 1945 Herceum,
1276 1873 1435 1936 cursitem
1454 1875 1706 1935 nivernensem.

116 3493 291 3558 possessor
313 3475 461 3538 extiterit
492 3475 684 3536 violentus:
710 3476 773 3537 hoc
801 3477 911 3536 tamen
966 3472 1730 3553 subsidiumexspectare‚quantumcumquesoi·

116 3576 268 3654 promisit
293 3573 443 3644 tirmiter,
467 3573 553 3649 quod
582 3587 619 3634 se
643 3572 677 3633 iu
706 3572 799 3634 nullo
828 3588 910 3633 nos·
967 3575 1317 3637 licitudoParisiensis
1332 3574 1494 3644 ecclesiae,
1508 3574 1621 3650 sponsi
1635 3571 1730 3633 dudum

115 3677 168 3738 tro
183 3672 298 3733 nuntio
318 3671 370 3733 vel
392 3670 515 3731 rectori
535 3672 726 3747 opponeret,
752 3670 808 3748 qui
830 3686 911 3746 pos·
966 3673 1109 3735 viduatae
1130 3672 1342 3741 solatiosus
1363 3671 1536 3742 arctasset,
1559 3671 1731 3732 cavissemus

116 3770 298 3832 sessionem
333 3783 446 3831 rerum
480 3768 628 3844 ipsarum
664 3770 778 3828 nostra
808 3767 911 3829 fretus
966 3770 1092 3846 utique,
1106 3785 1147 3830 ue
1162 3769 1254 3830 illius
1269 3769 1416 3845 provisio
1438 3768 1471 3829 in
1489 3769 1629 3831 alterius
1643 3769 1731 3830 exter·

116 3867 315 3930 auctoritate
333 3866 484 3926 intraret.
506 3867 576 3926 Hoc
590 3867 701 3926 autem
715 3865 857 3927 articulo
869 3865 911 3927 ad
966 3867 1104 3929 minium
1119 3867 1332 3928 redundaret.
1355 3866 1419 3927 Sed
1435 3882 1513 3927 ecce
1528 3865 1630 3945 (quod
1644 3863 1735 3926 dolen·

116 3967 276 4027 honorem
306 3966 465 4026 Romanae
496 3961 653 4024 Ecclesiae
678 3977 718 4025 ac
748 3964 908 4036 nostrum,
966 3968 1015 4027 tes
1029 3963 1220 4042 referimus)
1245 3964 1344 4026 nimis
1369 3964 1434 4025 cito
1457 3961 1733 4025 inconveniensis·

115 4079 245 4124 necnon
271 4064 306 4122 et
329 4061 430 4122 totius
460 4059 600 4121 ducatus
614 4069 633 4131 ,·
658 4062 755 4137 prout
788 4060 909 4134 decuit,
965 4063 1021 4124 tud
1037 4061 1132 4123 nobis
1147 4061 1293 4137 objicere
1302 4061 1502 4136 properasti,
1515 4061 1605 4132 dum,
1619 4071 1735 4122 venen·

116 4160 281 4236 expedito,
295 4158 335 4218 ad
349 4173 465 4233 pacem
479 4159 514 4218 et
523 4151 796 4234 tranquillitatem
815 4159 910 4234 ipso·
965 4159 1025 4219 bili
1046 4159 1149 4222 fratre
1173 4161 1287 4220 nostro
1306 4158 1490 4220 Parisiensi
1526 4152 1733 4234 episcopali).

116 4274 190 4320 rum
206 4254 357 4330 diligenti
378 4253 603 4315 sollicitudine
618 4269 658 4315 ac
670 4254 814 4316 sollicita
829 4254 911 4316 dili·
966 4257 1022 4333 qui
1050 4256 1092 4316 ad
1123 4255 1348 4318 defensionem
1377 4256 1524 4318 civitatis
1548 4255 1735 4331 praedictas

39 4399 46 4406 .,
116 4354 229 4430 gentia
242 4351 463 4421 intendentes,
488 4365 508 4411 a
523 4350 723 4422 Tudertinis,
740 4352 913 4427 Fuligina-
966 4355 1138 4415 carissimo
1148 4353 1182 4414 in
1194 4352 1324 4414 Christo
1335 4352 1403 4414 tilio
1414 4355 1531 4415 nostro
1543 4355 1581 4414 P.
1594 4351 1736 4432 (2),cous

117 4452 219 4521 tibus,
236 4450 269 4511 et
283 4447 588 4509 interamnensibus
604 4464 663 4524 pro
676 4464 712 4511 se
724 4464 764 4510 ac
780 4448 913 4526 adjuto-
965 4451 1243 4529 tantinopolitano
1257 4451 1457 4526 imperatore
1471 4450 1597 4512 illustri
1610 4446 1735 4512 crucesi-

117 4548 211 4610 ribus
231 4547 314 4619 suis,
334 4560 393 4606 ore
419 4545 564 4621 proprio,
584 4561 653 4607 non
678 4547 750 4609 sine
769 4548 910 4619 cautela,
966 4551 1076 4626 gnato,
1092 4549 1157 4610 sibi
1171 4551 1204 4611 et
1216 4548 1320 4610 nobili
1332 4548 1405 4610 viro
1422 4547 1569 4610 Roberto
1582 4549 1626 4610 de
1640 4548 1735 4609 Cura

116 4645 266 4708 osculum
292 4642 384 4720 pacis
409 4642 598 4718 accepimus
622 4642 662 4705 ad
686 4643 830 4705 invicem
854 4644 913 4706 lir-
966 4648 1063 4710 niaco
1077 4646 1174 4707 fratri
1194 4649 1266 4723 ejus
1288 4647 1486 4716 commissae,
1508 4661 1575 4706 una
1593 4642 1734 4707 cumaliis

116 4745 202 4805 mius
218 4739 447 4811 observanda,
463 4739 582 4815 quibus
598 4740 631 4801 in
645 4742 825 4816 praeseutia
839 4741 911 4803 ira·
967 4744 1103 4820 collegis
1124 4744 1194 4804 suis
1217 4759 1237 4804 a
1261 4743 1345 4803 Sede
1370 4742 1561 4818 apostoliea
1585 4740 1736 4819 deputatus

115 4846 204 4904 trum
228 4840 417 4901 nostrorum
450 4840 484 4899 et
517 4837 558 4898 de
590 4838 739 4915 ipsorum
771 4839 912 4900 consilio
967 4842 1103 4913 exstitit,
1128 4857 1186 4918 pro
1212 4841 1399 4902 imminenti
1423 4841 1626 4903 necessitate
1653 4837 1736 4916 ipsius

44 4925 52 4942 ²
118 4937 427 5015 tirmampacemde
444 4937 566 5000 catere
585 4937 754 4999 hincinde
768 4938 913 5015 injunxi·
967 4940 1168 5001 Parisiensis
1200 4939 1351 5001 ecciesiae
1384 4937 1426 4999 ab
1460 4933 1737 5000 Autissiodorensis

117 5052 190 5099 mus
203 5034 455 5104 observandam,
471 5037 505 5096 et
520 5034 569 5095 sic
579 5034 735 5097 ducatum
750 5037 784 5097 et
800 5036 912 5096 omnia
967 5037 1193 5099 sollicitudine
1204 5035 1367 5108 absoluto,
1391 5037 1425 5097 et
1445 5035 1486 5096 ad
1507 5039 1656 5097 nostram
1670 5047 1738 5111 pre-

118 5135 199 5204 aiia,
221 5132 308 5192 sicut
328 5146 369 5191 ea
393 5131 540 5206 possedit
560 5133 593 5193 et
614 5131 732 5195 habuit
746 5133 911 5209 quondam
966 5135 1108 5197 sentiam
1131 5134 1320 5204 accedente,
1351 5136 1384 5195 tu
1410 5132 1598 5205 confestim,
1628 5131 1738 5208 captata

118 5232 186 5291 dux
205 5227 388 5295 conradus,
410 5228 452 5289 ad
480 5229 716 5305 proprietatem
741 5231 774 5293 et
795 5229 912 5292 doma·
966 5236 1038 5306 eius
1053 5232 1214 5303 absentia,
1228 5232 1396 5292 civitatem
1415 5229 1587 5306 praelatam
1606 5224 1738 5291 invasisti

119 5330 210 5389 nium
242 5328 402 5388 Romanas
434 5324 591 5387 Ecclesiae
623 5328 839 5400 reducentes,
854 5331 911 5405 jus
967 5329 1133 5391 hostiliter
1146 5331 1181 5390 et
1192 5343 1250 5405 per
1261 5327 1454 5388 violentiam
1468 5328 1649 5404 oimupasti,
1664 5326 1737 5386 ciem

119 5441 215 5485 suum
230 5422 421 5499 unicuique,
438 5437 513 5483 cum
528 5421 621 5483 locus
641 5426 675 5486 et
687 5426 817 5501 tempus
838 5425 913 5486 iue-
966 5429 999 5487 et
1008 5425 1129 5502 populo
1144 5425 1290 5486 civitatis
1306 5423 1455 5499 eiusdem
1470 5439 1591 5498 graves
1605 5423 1638 5485 et
1659 5433 1740 5483 eaor

119 5525 172 5592 rit,
190 5520 385 5596 proponenti
401 5533 511 5580 coram
527 5519 624 5581 nobis
638 5521 795 5584 duximus
806 5534 912 5583 reser-
966 5539 1025 5584 nes
1049 5522 1191 5598 injurias
1212 5520 1402 5596 irrogando,
1424 5535 1490 5580 non
1506 5521 1622 5597 utique
1635 5519 1740 5595 absqilt

154 5626 195 5699 (i)
216 5624 365 5682 Guiiielmo
378 5622 414 5680 de
429 5623 595 5696 siligniaco.
1002 5625 1044 5699 (i)
1061 5629 1143 5683 Petro
1157 5625 1193 5682 de
1205 5626 1385 5682 Cuneniaco.
