3824 6180
126 283 185 344 tea
745 284 921 370 HQNORlI
943 286 988 347 111
1008 287 1155 350 OPERA.
1715 288 1772 349 500

87 455 91 460 ·
122 444 341 509 transmisisti
366 445 408 506 ad
437 447 547 523 partes
574 446 830 517 transmarinas,
857 462 918 524 per
974 446 1188 522 pertransire,
1226 446 1439 523 presentium
1474 445 1535 507 tibi
1571 446 1772 509 auctoritato

125 540 246 605 tratres
274 542 402 605 militias
441 543 579 621 Templi,
615 542 774 606 tredecim
814 545 919 606 millia
975 544 1181 615 mandamus,
1206 545 1370 621 quatenus
1392 545 1551 606 statutum
1574 543 1765 621 huJ'usmodi

123 654 312 703 marcarum
324 641 466 715 argenti,
483 642 571 703 sicut
583 657 642 719 per
655 642 729 704 tuas
743 642 838 704 nobis
858 641 918 703 lit·
975 640 1104 716 publice
1137 640 1337 702 denuntians
1364 641 1497 702 irritum
1529 640 1565 701 et
1593 640 1710 710 inane,
1734 656 1773 703 ac

125 736 214 799 teras
227 736 399 805 intimasti,
417 755 516 816 quum
531 740 642 801 tamen
655 756 756 816 super
779 740 841 801 hoc
858 753 920 801 nec
974 736 1129 799 inhibens
1142 737 1225 814 ipsis
1236 737 1396 812 anglicis,
1406 753 1448 799 ne
1462 737 1517 800 vel
1528 737 1700 798 inhaerere
1712 737 1770 809 illi,

124 832 197 904 tibi,
211 849 273 897 nec
294 835 364 907 alii,
381 836 515 914 aliquod
536 837 771 899 demandatum
796 836 920 899 ieceri-
974 836 1026 896 vel
1042 834 1151 895 slmile
1164 835 1205 896 de
1222 836 1343 896 cetero
1367 835 1532 897 attentare
1552 836 1771 911 presumant.

125 945 210 1002 mus,
228 948 427 1009 quamquam
442 934 483 994 de
497 936 611 996 nostro
632 933 733 996 suerit
757 934 920 1011 benepla-
975 931 1374 1003 Hiberniensesclericos,
1386 930 1592 1009 quibusvitae
1605 946 1648 993 ac
1659 931 1772 992 scien·

124 1028 193 1089 cito
219 1029 306 1106 quod
336 1031 421 1092 citra
449 1047 541 1093 mare
568 1031 756 1094 deterretur
791 1032 920 1107 Angliae
974 1028 1031 1090 tiae
1043 1030 1161 1091 merita
1172 1028 1409 1105 suffragantur,
1419 1028 1596 1090 denunties
1606 1028 1649 1089 ad
1661 1029 1772 1090 eccle·

1 1127 3 1211 J
125 1125 287 1188 vicesima
308 1129 341 1188 et
364 1143 465 1204 penes
492 1130 525 1190 te
553 1129 695 1191 fideliter
717 1131 919 1200 servaretur,
976 1126 1131 1187 siastioas
1145 1126 1337 1202 dignitates,
1353 1126 1383 1186 si
1406 1125 1505 1187 electi
1519 1125 1686 1189 mnonice
1701 1124 1775 1187 tue·

125 1221 233 1285 donec
242 1225 388 1286 nostram
399 1225 459 1286 tibi
474 1226 720 1304 aperuissemus
735 1226 920 1303 opportuno
974 1223 1054 1290 rint,
1070 1222 1175 1284 libere
1189 1223 1422 1285 admittendos.

127 1320 276 1397 tempore
284 1322 499 1384 voluntatem.
510 1325 548 1384 Et
558 1323 690 1400 quidem
707 1340 807 1401 quum
818 1326 921 1384 Terra
1015 1321 1133 1380 Datum
1153 1320 1239 1398 apud
1261 1319 1384 1382 Urbem
1404 1317 1570 1390 Veterem,
1599 1319 1678 1378 VIII
1701 1317 1775 1378 idus

128 1417 286 1495 predicta
301 1420 489 1496 competens
501 1436 521 1482 a
535 1420 630 1481 nobis
645 1422 817 1498 hucusque
832 1436 922 1483 rece·
975 1417 1119 1493 augusti,
1135 1415 1347 1495 pontificatus
1362 1416 1467 1478 nostri
1479 1431 1569 1477 anno
1583 1415 1713 1494 quinto.

14 1584 17 1588 ¹
129 1515 233 1592 pissst
246 1515 441 1588 subsidium,
455 1520 489 1580 et
506 1534 566 1593 pro
591 1519 791 1581 necessitate
812 1518 919 1595 ipsius

128 1613 400 1674 evacuaverimus
428 1630 593 1676 cameram
629 1618 789 1687 nostram,
825 1631 921 1676 suum
1339 1567 1410 1655 XV

33 1780 35 1785 ¹
128 1710 259 1772 caeterIs
277 1712 421 1787 negotiis
436 1712 663 1788 praeferentes,
690 1728 756 1774 non
780 1712 923 1790 expedi·
1015 1693 1067 1752 Ad
1083 1691 1294 1767 ”militium
1318 1693 1482 1753 lambam
1502 1694 1734 1765 wilelmum·

128 1809 224 1871 verat
234 1809 427 1871 vicesimam
440 1811 488 1872 sic
499 1810 636 1882 effundi,
653 1826 695 1872 ne
711 1827 786 1871 curn
801 1826 922 1870 neces·
1252 1806 1268 1860 ⁷
1286 1810 1402 1877 sugunt
1419 1803 1499 1861 ΜΟ.

128 1904 254 1967 sarium
270 1905 314 1968 sit
325 1905 481 1984 frequens
495 1909 660 1969 auxilium
675 1908 717 1970 ad
732 1907 921 1985 hujusmodi
1085 1908 1405 1973 [insimulantium.
1416 1913 1442 1958 st
1456 1908 1564 1966 steron,
1574 1922 1601 1973 p.
1611 1907 1665 1971 tn]

129 2003 298 2077 negotium
324 2005 593 2081 promovendum,
629 2021 697 2066 non
725 2004 922 2066 habentibus
976 2005 1076 2065 Eidem
1096 2006 1204 2080 legato,
1224 2014 1255 2065 ut
1282 2021 1399 2065 causam
1427 2005 1529 2079 prioris
1556 2013 1586 2064 et
1613 2012 1775 2063 censemus

37 2118 43 2129 ’
103 2156 111 2163 .
129 2099 225 2164 nobis
239 2102 325 2164 unde
338 2119 509 2179 possemus
520 2105 583 2166 lroo
593 2103 816 2174 iacere,multi
829 2118 922 2179 repu-
1036 2096 1132 2155 sancti
1147 2094 1270 2154 Andreae
1284 2095 1319 2153 ds
1330 2096 1424 2154 scotis
1440 2094 1576 2153 andiarer
1587 2093 1713 2151 decidat

128 2198 239 2261 tarent
253 2216 313 2261 nos
327 2201 515 2264 inconsulte
527 2203 704 2280 plurimum
717 2201 781 2263 hoc
800 2201 919 2276 egisse.
1016 2205 1182 2265 HouorIus
1193 2204 1378 2280 episcopus,
1390 2218 1505 2264 servus
1514 2217 1688 2263 serrorum
1700 2203 1770 2273 Dei,

169 2298 275 2368 Quum
290 2299 400 2360 autem
422 2301 632 2361 contineatur
652 2300 687 2360 in
714 2297 922 2362 transmissis
976 2299 1096 2361 dilecto
1120 2300 1190 2361 tilio
1213 2301 1370 2377 magistro
1394 2298 1528 2370 Iacobo,
1541 2299 1717 2376 capellano
1740 2300 1772 2360 et

127 2392 170 2453 ad
186 2409 246 2454 nos
261 2394 381 2457 litteris
400 2396 479 2468 tuis
495 2398 528 2460 te
548 2398 607 2458 illa
631 2397 790 2459 tredecim
816 2394 921 2455 millia
976 2397 1224 2474 poenitentiario
1264 2399 1397 2469 nostro,
1434 2396 1633 2473 apostolica
1673 2396 1768 2457 Sedis

125 2506 314 2554 marcarum
327 2496 515 2573 argentias
531 2498 647 2557 nostro
663 2495 827 2571 praecepto
841 2493 924 2553 mis-
976 2493 1097 2569 legato,
1114 2495 1265 2561 salutem,
1287 2494 1349 2556 etc.

126 2589 231 2661 sisse,
241 2590 393 2652 amamus
409 2592 606 2653 auctoritate
620 2591 681 2653 tibi
707 2591 921 2669 praesentium
1017 2596 1066 2654 lix
1080 2595 1175 2670 parte
1188 2593 1385 2654 dilectorum
1403 2591 1585 2653 illiorum...
1600 2591 1725 2669 prioris
1740 2591 1774 2652 et

127 2686 355 2763 injungentes,
389 2690 424 2750 ut
449 2688 577 2750 litteras
610 2689 677 2749 tale
714 2688 922 2749 continentes
976 2691 1158 2752 conventus
1187 2690 1301 2751 Sancti
1329 2689 1469 2751 Andreae
1496 2687 1538 2751 de
1568 2689 1682 2751 Scotia
1710 2687 1774 2749 suit

128 2786 330 2861 praeceptum
346 2784 387 2845 ad
401 2788 547 2847 nostram
563 2785 697 2847 studeas
710 2785 921 2862 praesentiam
976 2788 1072 2850 nobis
1085 2787 1256 2848 humiliter
1269 2787 1503 2864 supplicatum,
1515 2788 1551 2847 ut
1561 2801 1635 2847 cum
1646 2786 1772 2847 adrer-

126 2880 308 2968 destinare.
337 2883 499 2944 Caeterum
534 2881 728 2944 discretioni
762 2883 832 2944 tum
864 2896 923 2958 per
977 2902 1071 2946 sus...
1087 2885 1278 2962 episcopum
1293 2883 1606 2962 suumetquosdam
1628 2882 1773 2944 clericos

128 2978 317 3055 Apostolus
360 2981 484 3058 scrIpta
523 2980 663 3042 firmiter
699 2979 921 3057 praecipiendo
976 2982 1017 3043 de
1031 2985 1063 3042 s.
1080 2982 1211 3045 andrea
1227 2982 1282 3059 qni
1299 2982 1436 3043 Keledei
1451 2980 1633 3057 vulgariter
1647 2979 1770 3058 appel·-

127 3075 335 3150 mandamus,
357 3079 520 3154 quatenus
544 3077 629 3138 nibil
652 3077 858 3138 transmittas
882 3075 927 3136 de
977 3080 1098 3151 tantur,
1113 3095 1153 3141 ac
1168 3080 1327 3155 magistro
1341 3081 1381 3141 II.
1393 3080 1435 3141 de
1449 3077 1653 3140 Meleburne.
1667 3078 1773 3139 Adam

127 3175 248 3236 caetero
263 3173 304 3236 de
313 3176 483 3247 vicesima,
495 3176 549 3236 vel
561 3175 689 3236 dealiis
698 3174 739 3236 ad
751 3190 811 3236 nos
823 3189 922 3250 speo-
976 3177 1130 3239 Ovidium
1143 3179 1176 3238 et
1187 3177 1290 3238 Adam
1305 3177 1346 3237 de
1362 3179 1468 3237 Scene
1480 3191 1520 3236 ac
1535 3175 1717 3236 Ilenricum
1731 3174 1780 3237 de*

128 3269 289 3342 tentibus,
302 3270 460 3348 quidquid
475 3287 576 3347 super
587 3270 710 3332 talibus
722 3269 785 3331 tibi
803 3270 922 3330 hacte-
977 3274 1090 3335 Weles
1118 3275 1151 3335 et
1180 3276 1289 3350 Roger
1316 3273 1356 3334 de
1392 3271 1584 3334 Huntinteld
1616 3271 1772 3340 clericos,

127 3368 485 3449 nusmandayerimus,
509 3368 576 3428 nisi
600 3367 643 3428 de
666 3382 798 3428 novoa
826 3365 922 3426 nobis
977 3386 1144 3432 necnon...
1174 3371 1364 3447 episcopum
1392 3371 1461 3431 et...
1497 3368 1773 3431 archidiaconum

128 3479 229 3539 super
247 3464 311 3525 boc
336 3465 528 3526 mandatum
568 3464 739 3541 reciperes
764 3463 919 3539 speciale.
977 3468 1255 3529 Dumblanensem
1271 3468 1338 3528 et...
1351 3468 1497 3544 priorem
1511 3467 1552 3528 de
1568 3467 1659 3537 Man,
1675 3469 1714 3528 I).
1732 3466 1773 3527 de

128 3562 247 3623 Datum
279 3561 365 3636 apud
396 3560 517 3623 Urbem
545 3563 711 3631 Veterem,
741 3562 816 3622 VIII
845 3560 925 3620 idus*
978 3567 1057 3628 Pert
1071 3565 1221 3633 militem,
1239 3567 1410 3641 Ilugonem
1425 3563 1466 3625 d‘e
1480 3563 1581 3624 Nidin
1595 3564 1779 3624 etHenri·

127 3658 271 3734 augusti,
294 3673 384 3721 anno
397 3659 525 3736 quinto.
976 3679 1053 3725 cum
1079 3661 1248 3723 dominum
1275 3661 1315 3722 de
1341 3661 1520 3733 Inchetort,
1551 3661 1585 3722 et
1612 3661 1775 3737 quosdam

977 3759 1062 3820 alios
1077 3759 1218 3821 clericos
1228 3760 1261 3820 et
1272 3759 1376 3819 laicos
1386 3758 1498 3819 Sancti
1511 3757 1652 3819 Arrdreae
1663 3757 1773 3819 Aber-

482 3826 575 3915 XIV
977 3857 1135 3918 (lonensis
1150 3859 1182 3918 et
1197 3855 1452 3917 Dumblaaensis
1471 3854 1652 3916 dioecesum
1674 3870 1776 3932 super

55 3941 58 3945 ’
165 3953 219 4014 Ad
241 3952 452 4028 magstrum
467 3955 630 4014 Iacobum
652 3955 876 4026 capellanum.
976 3954 1138 4025 ecclesiis,
1149 3952 1425 4031 possessionibus,
1436 3952 1663 4030 pensionibus,
1678 3953 1777 4013 aliis-

404 4064 552 4139 saugusr,
566 4064 644 4122 1²20.
977 4067 1041 4129 que
1062 4050 1256 4122 redditibus,
1273 4049 1492 4122 libertatibus,
1509 4049 1655 4126 praediis,
1681 4065 1780 4127 prae·

229 4172 357 4236 sphgw,
372 4172 440 4221 uon.
456 4171 558 4222 pium,
570 4176 595 4220 ,t
607 4171 714 4228 Scotor,
729 4185 755 4235 p,
770 4169 820 4235 qq]
976 4149 1104 4220 bondis,
1119 4149 1228 4220 terrie,
1243 4147 1453 4218 molendinis,
1466 4149 1543 4223 jnre
1563 4147 1779 4223 patronatus,

127 4271 209 4330 Sedis
232 4270 404 4343 Apostolicae
426 4270 533 4343 legato,
557 4276 589 4325 ut
614 4269 743 4341 iniquum
764 4267 925 4341 Anglorum
976 4246 1156 4322 IIII00II⁰¹¹⁰
1183 4260 1341 4305 manuum
1366 4244 1511 4304 VI010¹¹I⁸
1547 4243 1582 4303 5¹¹
1611 4243 1777 4320 quosdam*

163 4366 300 4416 statutum
313 4358 351 4417 de
361 4373 419 4416 non
431 4357 614 4416 admittendis
630 4357 762 4414 Hibernis
771 4363 921 4428 quantum·
977 4343 1135 4420 Ipsorum,
1153 4344 1185 4403 θῐ
1197 4341 1296 4402 robus
1309 4341 1385 4402 &IIIS
1401 4339 1600 4417 multiplices
1625 4339 1772 4400 habeant

162 4448 207 4505 ris
222 4446 396 4504 litteransad
414 4446 571 4518 dIgnitates
584 4445 923 4525 ecclesiasticasomnino
977 4439 1196 4518 quaestiones,
1205 4453 1305 4515 super
1319 4452 1459 4514 quarum
1474 4435 1671 4514 quibusdam
1693 4436 1774 4498 licet

164 4537 272 4592 initum
287 4534 413 4592 declaret
426 4541 453 4592 et
469 4533 591 4591 aboleat.
978 4538 1119 4598 diversas
1134 4535 1379 4597 commIssionIs
1393 4534 1513 4596 litterae
1527 4550 1547 4596 a
1561 4533 1647 4594 Sede
1659 4537 1776 4610 Apos-

168 4643 335 4706 Honorius
344 4643 530 4720 episcopus,
541 4658 657 4703 servus
669 4657 841 4704 serrorum
850 4641 925 4712 Dei,
976 4635 1077 4697 tolica
1096 4633 1296 4705 emanarint,
1313 4633 1448 4710 propter
1475 4634 1586 4693 umen
1610 4630 1774 4693 desidiam

8 4714 15 4729 ’
128 4744 248 4805 dilecto
269 4741 338 4802 tilio
362 4740 523 4816 magistro
547 4739 670 4801 Iacobo
693 4739 867 4815 capellano
891 4741 924 4800 et
974 4734 1134 4811 judicum,
1151 4748 1210 4793 seu
1232 4730 1499 4792 adversariorum
1520 4729 1705 4791 versutiam
1713 4732 1773 4807 jus

129 4839 374 4919 poenitentiario
419 4840 549 4912 nostro,
586 4837 785 4914 Apostolicae
829 4835 924 4897 Sedis
977 4847 1075 4892 suum
1090 4828 1396 4904 hactenusassequi
1411 4827 1643 4904 nequiverunt,
1658 4842 1778 4888 eorum-

128 4940 248 5014 legato,
265 4938 417 5009 salntem,
435 4937 497 4998 etc.
977 4928 1153 5007 providere
1163 4925 1232 5003 jnri
1249 4925 1374 5002 pariter
1391 4926 1425 4986 et
1441 4924 1555 5001 quieti,
1572 4924 1781 5000 quaestiones-

168 5035 326 5097 Pervenit
348 5034 389 5095 ad
411 5032 616 5095 audientiam
641 5031 801 5098 nostram,
817 5046 923 5109 quos·
978 5026 1068 5103 ipsas
1078 5026 1138 5086 tuo
1152 5023 1301 5086 examini
1316 5021 1559 5093 committendo,
1576 5019 1773 5082 misericor·

127 5133 203 5196 dam
218 5132 375 5209 Anglioos
399 5130 559 5191 inauditas
572 5128 768 5192 temeritatis
783 5128 924 5189 andacia
978 5122 1065 5185 diter
1078 5122 1305 5198 dignaremur.
1317 5121 1386 5181 Nos
1400 5118 1603 5196 igiturtanto
1612 5117 1775 5180 libentIus'

128 5231 298 5301 statuisse,
324 5229 360 5290 ut
386 5227 499 5289 nullus
527 5226 669 5287 clericus
697 5226 738 5287 de
763 5225 924 5286 Hibernia
979 5220 1126 5282 savorem
1136 5219 1361 5296 apostolicum
1377 5215 1614 5295 impendentes,
1627 5215 1734 5292 priori
1744 5216 1778 5276 et

127 5329 427 5408 quantumcumque
440 5324 607 5386 litteratus
622 5324 655 5385 et
665 5323 826 5385 honestus
836 5323 927 5384 exis·
979 5316 1138 5380 iratribus
1153 5316 1356 5385 memoratis,
1374 5314 1496 5391 quanto
1507 5312 1775 5373 eorumecclesia

127 5427 185 5498 tat,
208 5426 249 5486 ad
273 5423 421 5500 aliquam
445 5421 644 5497 dignitatem
666 5419 925 5481 ecclesiasticam
980 5415 1099 5492 majani
1114 5414 1236 5476 dicitur
1249 5412 1412 5488 religIone
1427 5410 1559 5480 llorere,
1575 5409 1776 5471 discretioni

129 5524 327 5585 assumatur.
342 5520 501 5582 Nolentes
517 5518 620 5595 igitur
632 5518 732 5579 tantae
751 5517 926 5578 temerita·
981 5515 1045 5575 tuae
1061 5528 1120 5590 per
1131 5509 1321 5588 apostolica
1337 5507 1461 5585 scripta
1474 5506 1777 5583 mandemusque-

130 5622 172 5682 tis
201 5622 234 5682 et
259 5618 446 5696 iniquitatis
475 5616 614 5678 abusum
645 5613 755 5676 surdis
790 5613 927 5675 auribus
980 5612 1078 5673 tenus
1106 5606 1233 5670 voratis
1266 5604 1465 5683 supradictis
1499 5603 1533 5666 et
1566 5602 1656 5675 aliis,
1691 5620 1779 5681 quos
