3774 6186
719 295 948 357 EPISTOLAE.
973 297 1049 357 utu.
1075 299 1128 357 IV.

106 290 164 352 317
1688 307 1748 369 als

108 452 374 519 solemnitatibus
400 459 593 521 sanctorum
619 459 720 521 liceat
743 455 899 518 tratribus
954 459 1111 535 episcopi,
1137 475 1255 537 nempe
1269 461 1359 523 inter
1380 478 1450 535 vos,
1470 464 1503 525 et
1524 462 1748 529 venerabilem
1859 430 1863 441 ¹

108 551 291 625 praedicare
306 553 440 614 verbum
457 556 516 617 Dei
530 555 681 619 fidelibus
698 555 901 617 advenienti·
955 555 1088 617 tratrem
1104 559 1252 619 nostrum
1270 560 1448 634 Ripensem
1473 561 1675 638 episcopum,
1691 578 1750 624 su-

108 644 178 719 bus,
194 650 227 709 et
243 650 277 710 iu
291 651 498 723 civitatensi
519 654 709 732 episcopatu
734 657 865 720 invitati
879 676 899 720 a
954 669 1012 729 per
1025 654 1280 715 alienationibus
1295 656 1466 727 faciendis,
1479 658 1529 718 vel
1543 675 1609 719 nou
1622 659 1750 721 sacien-

107 747 255 820 praelatis
288 748 329 808 ad
368 751 615 826 proponendum
651 753 787 815 verbnm
827 756 897 828 Dei,
953 749 1215 812 dissidenostro
1231 767 1409 819 consensu,
1431 766 1543 815 coram
1564 755 1749 818 venerabili

107 845 231 907 vadant
258 846 405 909 honeste.
434 848 607 909 Prioribus
635 853 738 914 vestri
773 853 900 915 ordinis
954 847 1057 908 fratre
1073 851 1186 910 nostro
1203 849 1363 910 Mutinen.
1374 850 1539 927 episcopo,
1550 853 1749 928 apostoncae

105 938 209 1004 liceat
221 942 333 1005 tacere
345 944 485 1020 primam
503 948 672 1007 tonsuram
695 949 765 1009 suis
787 950 901 1011 iratri-
955 944 1050 1005 Sedis
1064 945 1172 1020 1θὲζᾶῑο
1191 947 1329 1023 quaesllO
1345 950 1540 1019 verteretur,
1558 950 1644 1010 idem
1667 964 1747 1013 8011·

97 1034 179 1099 bus.
198 1041 234 1102 Si
256 1042 466 1117 episcopatus
481 1041 687 1105 dioesesanus
712 1046 899 1109 ordinatio·
955 1042 1123 1103 teutlando
1138 1043 1295 1113 decrevit,
1311 1046 1347 1104 ut
1362 1043 1402 1103 ad
1419 1060 1480 1104 nos
1499 1046 1645 1123 episcopi
1660 1047 1750 1108 eleo-

95 1151 182 1197 nem
193 1137 387 1209 celebravit,
402 1138 521 1201 tratres
533 1142 698 1218 recipiant
708 1144 842 1205 ordines
858 1145 900 1206 ab
955 1140 1001 1199 lio
1017 1139 1120 1200 libere
1135 1140 1325 1216 pertineret.
1342 1142 1375 1203 et
1389 1142 1425 1201 nt
1438 1141 1613 1218 episcopus
1629 1143 1748 1219 argen-

95 1248 163 1305 eo;
185 1234 214 1293 si
233 1237 342 1296 autern
365 1252 431 1297 non
460 1237 649 1311 celebravit,
666 1240 767 1303 liceat
789 1243 838 1302 eis
859 1243 899 1304 ad
954 1237 1001 1296 sis
1010 1237 1083 1297 sine
1096 1239 1209 1298 nostro
1219 1252 1284 1299 non
1293 1237 1562 1313 possetalienare
1574 1255 1748 1301 consensu.

95 1332 898 1414 quemcumquevoluerintepiscopumaccedere,
954 1335 1023 1394 Nos
1042 1335 1145 1411 igitur
1168 1334 1273 1410 ipsius
1298 1335 1444 1411 episcopi
1471 1337 1668 1397 sententiam
1688 1353 1750 1412 ap·

95 1442 165 1503 pro
180 1429 353 1491 ordinibus
366 1430 576 1507 recipiendis.
589 1435 632 1495 Ut
644 1437 753 1496 autem
764 1452 814 1505 ea,
828 1453 900 1513 qnae
954 1430 1143 1506 probamus,
1157 1433 1191 1492 et
1204 1432 1402 1492 auctoritate
1416 1433 1605 1507 apostolica
1622 1432 1748 1494 contir-

95 1524 133 1583 in
154 1526 315 1600 praesenti
327 1528 442 1602 regula
457 1531 646 1607 conscripta
661 1534 748 1601 sunt,
767 1533 901 1594 interne-
954 1543 1093 1599 mamus,
1108 1531 1143 1590 et
1155 1529 1330 1604 presentis
1339 1529 1453 1605 scripti
1464 1529 1649 1605 patrocinio
1658 1542 1749 1593 com·
1865 1600 1868 1607 ,

95 1622 192 1690 rata,
210 1623 848 1702 etincorruptaconststantstatunnus,
867 1636 902 1693 nt
956 1625 1132 1685 munimus·
1172 1625 1264 1685 Nulli
1297 1641 1377 1700 ergo
1411 1627 1546 1686 omnino
1577 1626 1749 1688 hominum

95 1722 283 1794 praecepta,
296 1721 329 1781 et
339 1722 571 1795 correctiones,
589 1742 662 1800 qnae
677 1743 737 1802 per
752 1728 901 1790 visitata
954 1721 1053 1781 liceat
1068 1722 1154 1781 lianc
1172 1723 1326 1797 paginam
1347 1724 1468 1782 nostrae
1483 1722 1748 1783 confirmationis

96 1828 159 1873 res
174 1814 301 1876 ordinis
322 1819 425 1878 sesni
445 1821 625 1881 secundnm
648 1822 788 1883 sormam
812 1827 898 1886 visi.
954 1817 1213 1893 infringerent
1228 1819 1259 1879 ei
1274 1833 1359 1878 ausu
1373 1819 1553 1881 temerario
1567 1819 1745 1880 contraire.

96 1910 246 1971 tationis
259 1912 344 1975 tacta
359 1913 492 1985 tuerint,
507 1920 574 1980 tam
588 1935 608 1980 a
623 1921 743 1995 priore,
761 1936 859 1997 quam
880 1936 900 1984 a
955 1915 991 1976 Sl
1018 1916 1092 1991 quis
1119 1917 1228 1975 autem
1256 1915 1318 1976 boc
1343 1916 1506 1977 attentare
1527 1930 1753 1992 praesumpse-

100 2005 267 2069 iratribus
275 2011 308 2071 et
319 2011 489 2072 sororibus
498 2015 663 2076 universis
673 2021 748 2078 rata
759 2018 901 2080 habean·
955 2012 1010 2082 llt‚
1025 2012 1288 2086 illdlgssflllffllfflll
1300 2012 1535 2087 omnipotentis
1551 2012 1663 2084 Debet
1673 2012 1749 2073 bea·

100 2106 171 2174 tur,
184 2107 218 2165 et
232 2106 470 2169 inviolabiliter
484 2111 711 2175 observentur.
725 2117 808 2188 Quia
822 2132 900 2177 vero
954 2111 1062 2169 torum
1088 2110 1178 2170 Petri
1194 2111 1227 2169 et
1247 2110 1343 2170 Pauli
1366 2109 1591 2185 apostolorum
1610 2112 1692 2183 ejus,
1712 2124 1748 2169 se

104 2203 232 2273 omnia,
249 2208 523 2279 queneoessaria
537 2212 614 2270 sunt
634 2227 699 2271 non
716 2215 854 2288 possunt
867 2214 900 2273 in
955 2206 1086 2268 noverit
1097 2206 1324 2267 incursurum·
1418 2260 1421 2265 .

106 2298 275 2376 descripta
298 2304 419 2378 raguta
443 2307 687 2382 comprehendi,
714 2312 899 2382 statuimus,
995 2304 1113 2363 Datum
1144 2303 1297 2363 Laterani
1325 2304 1400 2363 VIII
1426 2302 1585 2363 kalendas
1610 2315 1749 2363 nollem·

107 2398 144 2457 ut
157 2412 198 2457 ea
212 2414 285 2474 quta
298 2414 357 2476 per
375 2403 530 2477 priorem,
546 2407 580 2465 et
597 2407 775 2482 capittdnm
796 2409 901 2469 ratio-
955 2399 1036 2470 bris,
1052 2400 1264 2474 pontntcatus
1280 2399 1385 2459 nostri
1400 2413 1487 2459 anno
1500 2402 1629 2475 quarto.

103 2492 265 2556 nabititer
287 2498 440 2561 ordinata
461 2501 594 2573 inerint,
621 2520 641 2563 a
670 2504 837 2576 tratribus,
870 2509 901 2566 ot
1292 2578 1418 2663 XXXI

107 2592 280 2652 sororibus
294 2594 521 2669 observentur,
539 2601 632 2660 salsa
649 2601 744 2661 Sedis
759 2606 901 2678 Aposto—

108 2686 183 2748 liore
197 2692 413 2754 correctione.
434 2697 512 2756 Haec
531 2699 641 2758 autem
660 2699 776 2773 regula
799 2701 901 2760 semel
1008 2704 1060 2760 Ad
1073 2701 1227 2761 abbatem
1242 2702 1275 2761 et
1287 2701 1491 2760 corruentem
1501 2700 1542 2760 de
1552 2701 1698 2760 Ftttttnu„

1238 2802 1373 2860 tioctob.
1389 2804 1466 2860 titii.

102 2783 144 2843 iu
158 2801 273 2847 mense
286 2804 398 2851 coram
415 2790 575 2853 trabibus
589 2796 791 2870 perlegatur,
805 2800 848 2868 et,
873 2799 900 2856 si

106 2885 304 2956 oportuerit,
326 2892 521 2963 exponatur.
540 2892 630 2952 Nulli
658 2910 737 2966 erpo
767 2895 901 2954 omnino
973 2898 1123 2959 [uisurus.
1140 2900 1208 2950 nnn.
1220 2899 1333 2948 usmaro.
1345 2899 1387 2955 tv,
1403 2912 1462 2961 app.
1474 2899 1570 2954 senex
1583 2897 1732 2947 authentico

1158 2979 1270 3041 ejusdem
1287 2979 1432 3027 monasterii
1443 2993 1470 3027 n.
1480 2978 1549 3042 out]

108 2977 282 3042 homiuum
323 2984 422 3046 liceat
462 2987 549 3048 banc
585 2990 739 3066 paginam
779 2994 901 3052 nostrae

103 3078 367 3151 constitutionis,
384 3085 416 3143 et
430 3086 691 3147 confirmationis
707 3088 899 3163 infringere,
957 3068 1104 3125 Silentium
1123 3067 1277 3138 imponitur
1297 3068 1449 3123 conventui
1469 3068 1497 3123 S.
1512 3067 1598 3123 Firmi
1618 3067 1647 3122 in
1663 3080 1750 3123 causa

107 3173 163 3233 vel
190 3176 220 3235 θῇ
248 3192 334 3237 ausu
362 3180 540 3243 temerario
569 3185 746 3245 contraire·
769 3186 804 3247 si
829 3186 903 3262 quis
974 3153 1732 3229 quambabebatadvcrsusmonasteriumdeliullins.

107 3272 220 3331 eutem
232 3272 294 3334 boc
305 3277 468 3338 anentare
479 3283 739 3357 praesumpserit,
754 3283 904 3358 indigna.
997 3265 1163 3325 Honorius
1176 3263 1350 3338 episcopus
1368 3277 1484 3323 servus
1496 3276 1668 3322 servorum
1691 3260 1751 3321 Dei

107 3367 233 3429 tionem
249 3372 486 3449 omnipotentis
497 3378 567 3448 Dei,
582 3377 796 3440 <aeneatorum
813 3382 903 3442 pepp
956 3362 1087 3423 dilectis
1094 3360 1209 3420 tiliis...
1219 3357 1751 3419 abbatietconventuimonasterii

107 3466 143 3522 et
153 3467 252 3527 Pauli
266 3471 490 3544 apostolorum
501 3476 630 3551 ejus‚se
645 3478 777 3538 noverit
790 3478 905 3538 incur.
960 3460 1088 3519 Sanctae
1104 3459 1219 3517 biariae
1234 3457 1275 3515 de
1290 3456 1432 3526 Palline,
1445 3455 1677 3515 Cisterciensis
1691 3469 1751 3514 or-

107 3575 236 3623 surum.
958 3557 1058 3627 dinis,
1082 3555 1223 3616 salutem
1247 3555 1281 3615 et
1305 3553 1520 3629 apostolicam
1548 3550 1753 3612 benedictio-

149 3660 269 3721 Datum
277 3663 429 3735 viterbii,
445 3669 521 3728 XIV
535 3669 695 3730 kalendas
719 3687 807 3742 nou,
820 3689 904 3748 pon-

109 3755 256 3818 titicaius
270 3762 374 3823 nostri
389 3778 479 3825 anno
496 3769 626 3842 quarto.

456 3951 561 4037 XXX

132 4079 186 4136 Ad
196 4082 425 4153 praepositam
439 4083 473 4144 ct
485 4086 672 4158 capitatum
687 4088 883 4165 marescis.

959 3669 1045 3714 nem.

1000 3751 1134 3810 Petente
1149 3748 1313 3824 quondam
1330 3748 1542 3823 procuratore
1559 3744 1751 3805 monasterii

960 3847 1071 3906 Sancti
1099 3845 1200 3904 Firmi
1223 3848 1385 3905 Veronen.
1408 3844 1643 3903 monasterium
1666 3856 1748 3900 ves-

959 3946 1057 4011 trum,
1083 3942 1168 4017 quod
1195 3941 1235 4001 ad
1263 3940 1344 3999 illud
1369 3940 1465 4016 pleno
1490 3942 1566 4014 jure
1582 3938 1747 4013 pertinere

960 4039 1098 4108 dicebat,
1125 4039 1197 4114 post
1211 4036 1369 4113 quasdam
1393 4034 1435 4095 ab
1456 4034 1644 4110 apostolica
1668 4033 1752 4093 Sede

960 4136 1209 4196 commissiones
1221 4133 1382 4202 obtentas,
1390 4130 1523 4192 madent
1535 4146 1646 4190 coram
1656 4128 1751 4189 bonae

407 4202 442 4261 25
456 4212 512 4261 oct.
530 4207 607 4264 tate.

234 4315 342 4381 [bogist
357 4317 417 4368 cod.
440 4318 546 4383 diplom.
563 4322 685 4382 Potonite,
698 4325 728 4382 V,
745 4325 783 4390 6.]

110 4419 256 4480 Sententm
269 4422 410 4495 ejusdem,
423 4426 498 4497 quod
508 4428 609 4485 electio
619 4431 747 4503 episcopi
759 4433 904 4505 Ripensis,

146 4511 287 4609 pertineat
302 4510 338 4568 ad
353 4513 500 4572 Summum
512 4517 689 4587 Pontificem,
700 4527 781 4591 prout
792 4528 820 4577 et
834 4522 905 4577 atte-

147 4606 225 4654 uano
238 4613 343 4656 rerum.

961 4232 1129 4292 memoriae
1144 4234 1181 4291 P.
1198 4231 1286 4291 tituli
1296 4231 1427 4289 sanctae
1436 4228 1607 4289 Pudentis
1618 4226 1751 4303 presby·

962 4329 1031 4388 tero
1045 4324 1208 4386 cardinali
1222 4340 1242 4384 a
1265 4323 1373 4384 felicis
1396 4321 1635 4383 recordationis
1649 4322 1751 4381 inno-

961 4424 1069 4484 centio
1080 4437 1164 4497 papa
1175 4421 1418 4496 predecessore
1427 4422 1541 4480 nostm
1553 4418 1587 4479 in
1603 4416 1751 4493 partibus

961 4521 1112 4582 atrditore
1130 4534 1286 4579 concesso
1311 4519 1352 4577 lis
1378 4518 1488 4578 extitit
1502 4517 1696 4585 contestata,
1721 4515 1754 4574 et

961 4635 1035 4681 cum
1061 4617 1168 4677 dictus
1200 4617 1395 4691 procurator
1428 4614 1469 4674 de
1493 4628 1554 4673 suo
1581 4615 1660 4672 tunc
1685 4626 1753 4669 non

152 4708 319 4768 Honorius
334 4710 519 4788 episcopus,
531 4723 834 4778 ‘servasservorum
846 4719 905 4778 Dei
962 4716 1072 4792 posset
1096 4717 1172 4790 jure
1198 4713 1328 4782 docere,
1354 4710 1393 4769 de
1421 4713 1490 4779 tiro,
1520 4708 1567 4767 fili
1592 4706 1705 4776 abbas,
1722 4709 1756 4766 et

112 4801 242 4865 dilectis
252 4806 342 4879 tiliis,
355 4810 542 4884 praeposito,
555 4813 588 4871 et
597 4813 742 4888 capitulo
757 4816 904 4890 Rigensi,
961 4812 1100 4874 alterius
1117 4811 1220 4888 partis
1245 4807 1469 4886 procuratoris
1493 4819 1631 4865 assensu
1653 4818 1755 4875 causa

112 4901 254 4963 salutem
275 4906 537 4980 etapostolicam
552 4907 826 4971 benedictionem.
962 4909 1025 4971 tuit
1050 4906 1234 4969 venerabili
1271 4905 1367 4966 tratri
1408 4905 1558 4964 nostro...
1600 4900 1755 4978 episcopo

151 5001 256 5060 iustis
288 5003 469 5077 petentium
494 5004 669 5067 desideriis
691 5007 828 5083 dignum
858 5011 908 5070 est
963 5007 1132 5076 Peduano,
1160 5006 1194 5065 et
1221 5004 1291 5064 suis
1319 4999 1548 5078 conJudicibus
1571 4998 1613 5061 ab
1641 4998 1755 5059 eodem

112 5111 173 5157 uos
196 5098 336 5160 facilem·
356 5100 504 5177 praebere
524 5118 733 5176 consensum,
762 5110 795 5167 et
818 5109 904 5177 vota,
962 5103 1206 5181 praedecessore
1222 5102 1335 5160 nostro
1350 5098 1526 5159 commissa
1539 5096 1596 5172 qui
1608 5095 1757 5155 visisra-

112 5210 186 5269 quae
216 5212 235 5256 a
262 5198 403 5259 rationis
427 5200 560 5261 tramite
594 5217 659 5261 non
695 5202 904 5274 discordant,
964 5199 1120 5269 tionibus,
1136 5199 1280 5274 partium
1295 5194 1533 5256 monasterium
1555 5190 1756 5252 vestrumab

111 5291 233 5352 effectu
249 5297 468 5370 prosequente
483 5297 659 5372 complere.
683 5301 769 5359 Sane
791 5299 907 5376 petitio
962 5297 1169 5374 impetitione
1184 5294 1287 5371 partis
1309 5292 1448 5353 alterius
1475 5305 1533 5366 per
1547 5286 1757 5349 dit'tinitisam

111 5389 225 5449 restra
236 5390 332 5451 nobis
345 5393 493 5455 esttibita
509 5394 708 5466 continebat,
726 5397 824 5472 quod,
834 5412 906 5458 oum
962 5393 1158 5456 sententiam
1167 5390 1390 5459 absolverunt,
1404 5387 1512 5448 sidem
1525 5385 1611 5462 parti
1621 5398 1755 5445 censum

112 5488 202 5550 inter
228 5505 288 5551 vos
309 5506 351 5551 ex
375 5494 469 5567 parte
483 5508 556 5564 uua,
582 5495 617 5551 et
636 5491 761 5553 clerum
776 5494 906 5569 Rigon—
963 5492 1081 5569 riginti
1095 5489 1279 5552 solidorum
1290 5485 1531 5550 veronensium
1548 5484 1583 5543 in
1598 5482 1671 5557 ipso
1686 5497 1758 5541 mo-

111 5603 182 5649 sem
212 5604 256 5649 ex
287 5589 410 5659 mura,
440 5606 540 5665 super
565 5590 727 5651 electione
754 5591 906 5663 Ripensis
963 5589 1121 5655 nasterio.
1138 5589 1358 5654 reservantes,
1371 5585 1467 5658 cujus
1480 5580 1668 5655 cognitione
1680 5594 1758 5640 sen-
