3774 6186
55 292 116 350 725

55 448 203 508 ferenda.
221 448 362 526 Ideoque
375 448 614 512 fraternitatem
627 452 718 512 tuam
730 468 849 514 mone-

55 562 130 604 mus
140 546 264 607 attente
277 562 336 622 per
351 549 539 622 apostoliea
554 550 677 625 scripta
688 550 851 611 mandan-

56 648 117 711 tes,
135 646 297 718 quatenus
314 644 375 704 boc
391 661 450 721 per
464 647 565 706 totam
579 647 732 722 angliam
747 646 850 708 facias

57 739 231 816 publicari.
262 743 378 801 Datum
410 743 584 813 Laterani,
616 745 660 804 1v
689 744 850 807 kalendas

55 838 179 909 martii,
197 838 407 913 pontificatus
423 841 529 901 nostri
544 857 632 901 anno
648 842 774 918 quinto.

345 1069 564 1158 CCLXXIV

80 1213 131 1271 Ad
145 1214 437 1286 archiepiscopatu
451 1216 684 1275 Colorztcusenz
700 1215 733 1275 et
748 1217 823 1286 ejus

323 1310 575 1386 suffrupaueos

347 1441 360 1495 l
377 1448 459 1496 mart.
478 1440 556 1497 tear.

87 1553 218 1617 [Paullini.
229 1556 322 1604 lterum
331 1553 538 1605 Germanicarum
551 1556 700 1620 Syntagma,
711 1573 737 1621 p.
750 1556 818 1621 bid]

56 1669 180 1733 blandat,
194 1677 223 1727 ut
235 1678 369 1726 moneant
379 1672 564 1728 eeclesiarum
577 1672 730 1730 advocatos
744 1680 774 1730 ut
786 1687 851 1729 eon-

94 1760 163 1814 tenti
182 1758 267 1829 justis
286 1767 315 1814 et
336 1758 372 1813 ab
388 1760 503 1831 antiquo
518 1764 630 1817 statutis
649 1761 797 1833 stipendiis
815 1761 850 1818 ab

91 1849 278 1904 ecelesiarum
294 1848 431 1904 molestiis
445 1849 659 1921 conquiescant.

97 1974 848 2050 HonoriusepiscopusservusservorumDei,

55 2070 303 2131 uenerabilibus
319 2070 477 2132 fratribus
493 2072 744 2148 archiepiscopo
760 2073 851 2132 Colo·

57 2168 164 2228 niensi
179 2171 211 2228 et
226 2171 297 2243 eJ'us
313 2168 546 2245 suffraganeis,
560 2170 699 2230 salutem
713 2173 746 2230 et
758 2186 851 2247 apos·

27 2315 30 2320 .
57 2265 191 2326 tolicam
207 2265 480 2327 benedictionem.

99 2362 133 2421 Si
157 2364 373 2445 ecclesiarum
390 2364 539 2425 advocati
557 2363 777 2439 significatum
799 2365 851 2425 sui

58 2459 203 2519 nominis
216 2461 434 2528 attenderent,
451 2463 486 2521 ut
498 2460 666 2532 deberent,
681 2462 850 2522 studerent

55 2573 125 2626 eae,
143 2556 183 2616 ob
199 2558 419 2617 reverentiam
440 2558 600 2618 Advocati
624 2558 778 2629 scelestis,
797 2560 849 2620 cui

56 2654 194 2730 speciali
206 2655 302 2715 titulo
323 2656 399 2714 sunt
415 2655 601 2732 adscriptae,
620 2656 730 2717 fovere
746 2656 850 2718 bene-

56 2751 142 2811 ficiis
153 2753 186 2812 et
201 2751 328 2813 viribus
344 2751 517 2813 defensare
531 2776 538 2826 3
557 2753 612 2812 sed
629 2754 715 2829 quod
729 2754 848 2815 dolen*

55 2851 106 2911 tes
122 2849 296 2909 referimus
318 2849 468 2910 nonnulli
485 2866 599 2909 eorum
621 2850 779 2912 babentes
792 2869 851 2913 ve-

56 2947 166 3007 lamen
192 2946 326 3008 malitiae
351 2947 547 3018 libertatem,
565 2949 598 3007 in
621 2947 717 3008 bonis
740 2949 849 3009 eccle-

56 3045 212 3114 siasticis,
237 3045 271 3104 in
297 3044 415 3120 quibus
434 3045 660 3105 advocationis
681 3047 735 3122 jus
764 3046 851 3107 obti-

57 3146 149 3213 nent,
161 3159 226 3202 non
241 3142 345 3202 solum
362 3142 579 3218 prodigaliter
592 3142 847 3215 debacchantur,

57 3256 172 3299 rerum
203 3240 301 3299 etiam
336 3256 374 3300 ea
411 3240 572 3316 diripiunt
600 3242 636 3300 ut
664 3241 848 3317 praedones.

58 3337 149 3407 Quod
160 3337 526 3398 eeclesiaeColoniensis
538 3338 716 3413 provinciae
726 3339 851 3415 jugiter

56 3432 203 3507 experiri
221 3433 394 3507 coguntur,
409 3431 495 3493 sicut
506 3447 620 3492 earum
640 3433 733 3493 nobis
747 3436 851 3494 trans-

58 3529 159 3589 missa
174 3529 365 3604 conquestio
378 3529 543 3604 patefacit.
553 3531 635 3602 Quia
648 3531 749 3605 igitur
759 3531 850 3590 zelus

58 3643 118 3687 nos
135 3627 275 3687 comedit
298 3625 412 3686 domus
434 3628 503 3697 Dei,
518 3627 715 3688 fraternitati
733 3631 850 3689 vestrae

60 3740 118 3801 per
132 3724 320 3800 apostoliea
334 3723 456 3798 scripta
469 3725 673 3794 mandamus,
689 3728 851 3801 quatenus

58 3822 183 3897 singuli
214 3826 451 3898 prosequentes
479 3823 649 3898 proprium
677 3823 849 3894 interesse,

57 3922 91 3981 et
113 3919 208 3996 quasi
222 3919 307 3980 collo
323 3936 388 3979 uno
404 3921 435 3979 et
451 3918 588 3979 humero
610 3936 675 3980 uno
691 3920 853 3981 ecclesia-

56 4034 129 4077 rum
152 4032 254 4076 onera
281 4017 535 4091 comportantes,
559 4017 737 4077 advocatos
761 4018 850 4093 ipsos

57 4118 92 4174 ut
107 4114 252 4174 contenti
263 4114 363 4189 justis
378 4115 411 4174 et
430 4114 470 4173 ab
493 4114 629 4190 antiquo
646 4115 777 4175 statutis
791 4115 852 4175 sti-

57 4211 197 4287 pendiis,
210 4210 250 4271 ab
262 4211 480 4271 ecclesiarum
497 4211 657 4272 molestiis
674 4213 852 4288 conquies-

56 4310 144 4378 cant,
171 4309 333 4370 moneatis
352 4309 541 4384 prudenter,
560 4312 592 4368 el
607 4309 786 4371 efficaciter
799 4311 853 4369 in·

56 4407 196 4466 ducatis,
215 4407 305 4478 Quod
322 4406 350 4466 si
369 4405 481 4466 forsan
498 4407 619 4466 restris
636 4408 769 4467 monitis
786 4425 850 4467 non

56 4505 297 4580 acquieverint,
317 4509 359 4563 ne
376 4504 584 4564 medicinalis
607 4505 694 4566 Petri
721 4506 851 4580 gladius

58 4604 90 4661 iu
114 4618 214 4661 manu
235 4604 344 4662 restra
364 4604 495 4678 torpere
516 4601 668 4676 rubigine
688 4603 848 4672 rideatur,

57 4702 90 4759 in
103 4716 170 4768 eoa,
183 4702 278 4776 juxta
294 4699 510 4774 quantitatem
526 4701 558 4759 et
574 4699 765 4774 qualitatem
780 4700 852 4759 cul-

57 4813 185 4874 parum,
216 4796 395 4857 intemlatis
424 4797 455 4855 et
483 4795 670 4867 remittatis,
702 4797 852 4872 appella-

56 4894 147 4954 tione
163 4892 354 4970 postposita,
370 4893 514 4967 rigerem
536 4893 772 4953 ecclesiasticae
789 4894 853 4953 dis·

57 4991 191 5069 ciplinae
209 5008 215 5044 :
234 4991 280 5050 ita
303 4989 388 5066 quod
412 4990 562 5050 ecclesiae
592 4990 632 5050 ab
660 4990 851 5065 hujusmodi

56 5087 271 5166 oppressione
285 5088 461 5163 respirent,
476 5091 507 5148 et
518 5104 575 5147 vos
591 5087 712 5148 exinde
729 5103 852 5149 merea-

56 5187 138 5246 mini
154 5184 240 5262 apud
261 5186 364 5244 Deum
387 5186 419 5246 et
439 5184 590 5245 homines
612 5185 848 5246 cornmendari.

57 5285 175 5344 batum
200 5281 366 5352 Laterani,
390 5281 551 5341 kalendas
573 5282 695 5352 martii,
717 5282 851 5359 pontill-

56 5384 150 5441 catus
165 5380 267 5440 nestri
283 5394 370 5438 anuo
386 5379 511 5457 quinto.

682 295 909 354 EPISTOLAE.
934 298 1011 356 LIB.
1035 300 1072 356 V.

1205 467 1403 553 dclxxv

1049 609 1100 668 Ad
1115 610 1327 683 napitatmtm
1343 612 1383 670 de
1397 611 1556 670 Paralia.

1193 731 1210 788 2
1229 739 1312 789 mart.
1330 731 1408 788 lttl.

998 843 1180 903 [Wmdtweim
1195 846 1265 894 Nova
1279 845 1400 903 subsidia,
1414 850 1432 894 t.
1446 846 1489 904 lv,
1499 861 1525 909 p.
1538 845 1604 909 ill]

955 950 1198 1022 Dispensatorium
1214 954 1243 1008 in
1259 952 1419 1024 pluralitate
1435 951 1649 1010 beneficiorum.

945 1068 1111 1127 Honorius
1122 1068 1308 1144 episcopus,
1320 1070 1695 1141 servasservorumDei,

905 1162 1024 1224 dilecto
1044 1164 1113 1225 tilio
1136 1166 1308 1242 Raynaldo
1330 1166 1370 1226 de
1390 1166 1536 1235 Puzalia,
1563 1166 1699 1227 subdia-

904 1276 987 1321 cono
1017 1264 1146 1332 nostro,
1171 1264 1348 1339 praeposito
1379 1263 1491 1325 Sancti
1520 1264 1633 1324 Severi
1660 1265 1695 1323 in

905 1357 1109 1429 llerefordia,
1135 1361 1281 1435 Magunt
1309 1360 1472 1431 dioecesis,
1496 1360 1637 1421 salutem
1665 1361 1698 1421 et

904 1456 1119 1530 apostolicam
1133 1456 1410 1517 benedictionem.

945 1554 1006 1622 Qui
1027 1568 1069 1613 ex
1088 1552 1240 1614 beneficii
1256 1554 1319 1614 sibi
1342 1554 1470 1615 collatis
1486 1555 1579 1630 quasi
1596 1545 1711 1615 bene?

905 1648 1046 1709 faciendi
1073 1650 1232 1711 babentes
1255 1652 1428 1711 materiam
1449 1667 1487 1711 ea
1513 1651 1648 1727 provide
1664 1652 1697 1711 in

907 1763 985 1806 usus
1002 1748 1159 1808 honestos
1179 1749 1380 1824 expendunt,
1398 1753 1524 1826 majora
1551 1749 1614 1808 sibi
1639 1765 1699 1808 ou-

905 1845 1032 1903 mnlare
1056 1849 1224 1905 merentur
1248 1848 1284 1907 ut
1306 1849 1402 1906 aucta
1430 1861 1531 1906 eausa
1559 1845 1695 1906 effectus

906 1941 1118 2002 landabiliter
1144 1944 1315 2017 augeatur.
1340 1946 1426 2004 Sane
1458 1959 1532 2004 cum
1559 1943 1636 2004 olim
1663 1943 1698 2002 in

907 2040 1121 2100 Laterauensi
1137 2041 1283 2101 Concilio
1304 2041 1440 2117 provida
1456 2039 1555 2101 fuerit
1574 2039 1701 2100 delibe-

907 2137 1035 2197 ratione
1059 2139 1227 2209 statutum,
1248 2139 1331 2216 quod
1356 2143 1388 2199 et
1413 2154 1519 2215 nuper
1539 2138 1572 2197 in
1595 2152 1699 2212 gene-

907 2234 969 2293 rali
994 2236 1103 2296 extitit
1125 2237 1330 2307 innovatum,
1357 2239 1393 2297 ut
1414 2237 1525 2297 nullus
1549 2236 1699 2296 diversas

906 2331 1082 2403 dignitates
1109 2334 1352 2396 ecclesiasticas
1376 2335 1427 2395 vel
1455 2335 1566 2410 plures
1595 2348 1698 2417 paro-

906 2429 1032 2489 chiales
1064 2432 1222 2492 ecclesias
1253 2433 1402 2508 recipere
1431 2431 1552 2491 audeat
1583 2432 1697 2491 contra

906 2543 1075 2588 sacrorum
1112 2545 1275 2589 canonum
1309 2530 1474 2600 instituta,
1505 2529 1551 2588 ita
1586 2528 1696 2588 tamen

906 2625 1100 2700 quodcirca
1122 2627 1279 2687 sublimes
1301 2630 1333 2688 et
1355 2627 1517 2688 litteratas
1538 2640 1699 2703 personas

906 2739 964 2798 per
985 2724 1101 2783 sedem
1124 2725 1345 2800 apostolicam
1369 2725 1479 2784 valeat
1498 2723 1697 2799 dispensari,

905 2838 966 2881 nos
991 2823 1047 2898 qui
1072 2822 1166 2882 bonis
1190 2822 1386 2883 benefacere
1410 2823 1572 2897 cupimus
1594 2823 1626 2882 te
1651 2836 1701 2880 re·

906 2922 1057 2995 putantes
1077 2921 1323 2996 dispensatione
1348 2919 1538 2995 hujusmodi
1557 2934 1623 2978 non
1644 2918 1699 2977 in-

906 3017 1051 3090 dignum,
1069 3017 1105 3077 nt
1124 3020 1245 3092 praeter
1268 3034 1306 3078 ea
1323 3017 1495 3085 beneficia,
1518 3031 1590 3092 quae
1611 3031 1700 3075 nunc

906 3114 1045 3184 obtines,
1068 3115 1132 3174 duo
1155 3115 1380 3175 ecclesiastica
1404 3114 1578 3181 beneficia,
1599 3114 1700 3173 etiam

906 3213 934 3270 si
969 3228 1082 3272 curam
1119 3212 1262 3272 habeant
1291 3213 1478 3272 animarum
1517 3226 1698 3280 annexam,

906 3309 1079 3369 dummodo
1100 3309 1157 3371 tibi
1174 3311 1333 3371 canonice
1352 3309 1577 3378 conterantur,
1595 3307 1699 3367 libere
1728 3376 1731 3381 ,

906 3408 1012 3484 possis
1028 3408 1186 3485 recipere,
1202 3412 1321 3475 tecum,
1340 3407 1536 3467 auctoritate
1551 3407 1697 3482 Aposto-

907 3507 969 3565 lioa
985 3506 1226 3582 dispensamus.
1243 3506 1333 3565 Nulli
1350 3521 1430 3580 ergo
1446 3505 1580 3565 omnino
1595 3503 1700 3563 homi·

907 3621 983 3662 num
1000 3604 1098 3664 liceat
1114 3605 1199 3665 banc
1219 3604 1373 3680 paginam
1391 3605 1511 3663 nostrae
1527 3602 1702 3677 dispensa-

907 3701 1006 3760 tionis
1040 3701 1242 3777 infringere,
1273 3701 1325 3762 vel
1350 3701 1381 3761 ei
1411 3716 1494 3760 ausu
1523 3698 1702 3761 temerario

907 3798 1083 3858 contraire.
1100 3799 1221 3875 Siquis
1237 3801 1348 3859 autem
1365 3799 1426 3858 boc
1441 3799 1605 3858 attentare
1620 3812 1703 3873 prae·

907 3896 1094 3971 sumpserit,
1116 3895 1377 3970 indignationem
1392 3894 1627 3970 omnipotentis
1642 3893 1701 3953 Dei

906 4008 944 4052 ae
967 3992 1138 4053 beatorum
1168 3995 1258 4052 Petri
1285 3997 1318 4053 et
1347 3993 1444 4052 Pauli
1475 3992 1701 4067 apostolorum

907 4093 979 4165 ejus
997 4106 1033 4149 se
1056 4091 1184 4151 noverit
1211 4090 1433 4149 incursurum.
1460 4090 1578 4149 Datum
1602 4090 1701 4148 Late·

907 4189 1063 4259 rani‚,Vl
1089 4204 1195 4248 nonas
1217 4187 1340 4256 martii,
1362 4187 1573 4263 pontificatus
1597 4185 1707 4245 nostri-

907 4301 994 4345 anno
1010 4285 1135 4361 quinto.

907 4592 958 4647 Ad
977 4589 1185 4662 propanam
1216 4592 1411 4650 Conrudum
1432 4595 1643 4664 ceperanum
1668 4592 1702 4650 et

965 4689 1156 4748 Jobmumm
1171 4687 1409 4747 scholasticum
1427 4688 1637 4748 Xanetoaru.

1195 4809 1310 4865 tmert
1329 4809 1406 4865 lael.

927 4923 1048 4987 [Regest.,
1063 4923 1106 4971 lib.
1120 4924 1149 4978 V,
1165 4924 1238 4986 epist.
1250 4922 1304 4971 428.
1319 4925 1376 4972 llas.
1392 4925 1427 4973 La
1439 4924 1514 4973 Parte
1527 4924 1561 4974 du
1575 4925 1669 4988 det]

906 5030 1021 5088 blandai
1042 5032 1085 5087 eis
1105 5038 1135 5087 ut
1158 5032 1318 5102 pecuinam,
1331 5030 1366 5087 de
1386 5030 1583 5104 redemptione
1601 5047 1700 5091 cruce·

941 5120 1119 5190 signatorum
1141 5119 1169 5174 in
1191 5118 1336 5176 Colonien.
1355 5125 1384 5174 ot
1399 5121 1530 5177 &emen
1548 5124 1702 5193 provinciis

942 5205 1067 5263 nondum
1087 5207 1245 5270 collectam,
1260 5195 1396 5279 colligant
1415 5217 1444 5265 et
1463 5209 1492 5265 in
1507 5209 1702 5281 praeparandis

941 5295 977 5351 ad
993 5295 1127 5350 auxilium
1144 5296 1236 5350 Terrae
1253 5295 1363 5351 Sancta
1380 5296 1500 5355 navibus
1522 5297 1698 5370 impendunt.

945 5421 1130 5489 Honorius,
1160 5424 1234 5491 etc,
1266 5421 1395 5482 dilectis
1432 5423 1511 5483 tiliis
1542 5424 1701 5497 magistro

906 5517 1056 5578 Conrado
1078 5518 1250 5594 capellano
1268 5522 1300 5578 et
1319 5520 1488 5594 primario,
1506 5524 1538 5581 et
1553 5522 1699 5582 Jolranni

906 5616 1104 5679 sclmlaslico
1120 5619 1325 5678 xanctonen.
