3774 6186
114 293 173 365 315„
723 280 897 342 norman
920 280 963 339 111
986 281 1132 340 ornas.
1697 260 1747 343 'alu

113 452 191 513 dum
206 448 354 512 ordinem
370 445 534 509 laborare.
560 422 595 502 Si
615 440 690 517 quis
704 438 908 517 temporibus
963 439 1054 499 sacto
1068 436 1206 499 dimidio
1219 452 1318 508 anno,
1332 437 1494 514 dealiqua
1510 439 1605 499 certa
1618 452 1748 514 persona

116 549 195 621 illis,
212 544 361 611 etheris,
377 542 528 619 quibusa
544 538 658 600 labore
677 536 859 598 cessaverit
874 539 908 595 iu
962 551 1021 611 pro
1049 535 1162 610 aliqua
1184 534 1329 595 evidenti
1356 535 1509 607 utilitate,
1527 536 1638 595 risum
1660 534 1751 599 frierit

116 645 211 716 locis,
225 644 260 702 in
275 640 393 719 quibus
408 637 495 715 loqui
513 637 600 708 licet,
618 635 750 704 fabulis,
764 633 907 709 puerili·
962 632 1065 708 priori
1081 635 1114 692 et
1128 632 1272 708 capitulo
1288 631 1561 707 dispensandum.

116 741 251 812 tatibus,
272 740 325 800 vel
342 737 457 798 otiosis
469 732 678 795 sermonibus
692 746 812 791 vacare
827 746 909 807 prae·
1002 729 1120 788 Nullus
1136 730 1246 789 minen
1258 729 1349 804 prius
1363 729 1545 804 recipiatur
1554 744 1666 806 quarn,
1680 745 1766 805 per·-

31 854 34 861 ·
114 837 303 914 sumpserit,
332 835 442 896 taliter
466 832 643 908 puniatur3
669 831 704 890 ut
728 828 842 889 caeteri
865 828 909 887 ti·
962 824 1046 885 lecta
1058 826 1088 886 ei
1100 827 1227 901 regula,
1241 826 1466 900 interrogetur
1475 826 1659 887 secundum
1669 827 1782 886 ordi—

116 951 241 999 morem
255 931 410 1001 habeant,
427 931 460 991 et
474 931 546 1005 ipse
558 927 738 989 salubriter
752 924 910 986 emende-
965 938 1039 982 nem
1062 923 1296 999 supradictum.
1321 924 1355 982 Si
1382 938 1446 999 qua
1473 925 1588 984 tamen
1615 930 1808 999 pmsoua,

115 1036 182 1096 tur.
209 1029 399 1107 Excipimus
425 1029 534 1087 autem
557 1024 598 1085 ab
618 1025 681 1084 bac
701 1023 773 1098 lege
785 1021 909 1082 laboris
964 1020 1072 1079 minus
1086 1035 1215 1090 secura,
1232 1022 1265 1080 et
1278 1019 1399 1080 idonea
1412 1019 1555 1095 collegio
1576 1019 1747 1081 videretur
1764 1070 1808 1096 .,

117 1127 299 1190 secundum
319 1124 492 1202 judicium,
516 1124 548 1182 et
571 1120 773 1181 voluntatem
789 1117 909 1193 prioris
964 1118 998 1177 et
1017 1116 1179 1192 completo
1203 1132 1291 1176 anno
1313 1116 1521 1193 probationis
1540 1117 1648 1193 ipsius
1671 1119 1808 1193 prio:

117 1226 206 1292 illos,
216 1224 272 1302 qui
290 1237 349 1298 pro
374 1220 517 1282 utilitate
535 1216 730 1293 temporali,
741 1215 794 1277 vel
809 1213 911 1289 spiri·
965 1229 1040 1272 curn
1055 1212 1293 1273 deliberatione
1308 1213 1443 1289 capituli
1458 1217 1531 1290 ejus
1549 1213 1808 1274 emendatio-

117 1322 216 1392 tuali,
244 1319 296 1380 vel
326 1318 392 1378 alia
417 1318 508 1393 Justa
536 1313 733 1375 necessitate
762 1310 909 1387 impediti
965 1325 1040 1369 nem
1066 1311 1326 1373 misericorditer
1353 1310 1461 1371 adhuc
1489 1314 1670 1387 expectare
1700 1328 1808 1372 ro—

117 1415 327 1494 nequiverint
341 1416 515 1475 interesse.
535 1411 725 1486 Excipimus
740 1409 840 1469 etiam
854 1409 910 1468 to·
965 1407 1080 1476 luerit,
1113 1407 1248 1467 minime
1288 1407 1511 1482 probibemus.
1544 1410 1629 1468 -Ηοο
1665 1409 1808 1474 etiar:

115 1512 408 1593 tumconventum,
432 1510 460 1570 si
484 1508 669 1582 legitimum
691 1505 912 1580 impedimen·
966 1503 1006 1564 de
1030 1519 1171 1578 persona
1198 1504 1318 1564 idonea
1344 1505 1418 1564 lieri
1443 1504 1672 1575 concedimus,
1699 1520 1808 1572 no:

119 1613 185 1673 tum
201 1609 342 1677 adesset,
364 1607 418 1667 rel
432 1606 460 1665 si
473 1604 602 1665 deesset
615 1600 911 1677 congruamateria
966 1603 1076 1661 mmen
1096 1599 1136 1661 ad
1160 1601 1266 1675 ipsius
1291 1601 1504 1672 voluntatem,
1530 1601 1600 1661 nisi
1628 1600 1808 1671 endem,-

119 1706 289 1785 090sa11q1‚
967 1698 1157 1768 necessitas,
1187 1699 1220 1758 et
1243 1699 1369 1759 utilitas
1397 1712 1579 1779 exposcere
1597 1699 1801 1769 rideatur&

158 1804 280 1865 Nullus
292 1800 536 1870 usurarius,rel
548 1795 767 1874 suspectusde
778 1794 910 1866 haeresi,
970 1794 1086 1853 Nullus
1113 1795 1280 1855 masculus
1310 1795 1395 1854 infra
1433 1796 1563 1856 sextum
1595 1795 1788 1863 decimum

118 1901 172 1964 vel
200 1900 350 1960 detentor
378 1897 563 1956 alienarum
595 1910 707 1954 serum
731 1892 913 1968 recipiatur
967 1905 1102 1960 annum,
1120 1891 1171 1951 vel
1186 1891 1308 1951 femina
1324 1891 1413 1952 infra
1428 1892 1770 1968 quartumdecimum

120 1995 163 2059 ad
177 1993 405 2071 probationem
414 1992 465 2052 vel
479 1990 728 2067 professionem,
742 2003 802 2048 nec
813 1987 912 2048 etiam
966 1988 1007 2049 ad
1046 1987 1273 2064 probationem
1313 1989 1522 2065 aliquatenus
1557 1992 1763 2062 assumatur,

115 2090 395 2173 ‘ad-sepulturam,
435 2088 499 2147 nisi
527 2102 673 2162 congrue
712 2084 913 2146 satisfecerit
967 2084 1032 2144 nisi
1060 2085 1153 2160 prius
1181 2085 1371 2160 specialiter
1396 2086 1436 2147 de
1462 2086 1599 2147 licentia
1624 2087 1758 2148 duorum

115 2189 214 2265 juata
226 2201 334 2264 posse,
349 2184 400 2245 vel
416 2184 547 2260 plenam
568 2183 779 2244 securitatem
808 2182 911 2241 satis·
968 2182 1115 2257 priorum
1129 2182 1234 2242 nostri
1260 2183 1388 2243 ordinis
1414 2182 1514 2245 fuerit
1538 2183 1603 2244 boc
1624 2199 1758 2244 conces·

119 2284 262 2347 faciendi
285 2281 473 2343 exhibuerit
496 2281 584 2340 omni
605 2280 810 2340 dubitatione
837 2294 912 2339 ces·
968 2295 1051 2338 sum.
1066 2280 1236 2345 vassalos,
1251 2279 1304 2341 vel
1327 2279 1517 2350 advocatos,
1541 2283 1601 2341 aut
1623 2281 1757 2341 vicedo-

120 2382 224 2443 saute.
242 2383 311 2440 Hoc
330 2382 440 2440 autem
469 2378 510 2438 de
535 2377 602 2437 illis
628 2377 844 2451 intelligatur,
873 2374 912 2435 de
968 2376 1085 2446 minos,
1116 2375 1168 2435 vel
1197 2378 1352 2450 patronos
1392 2392 1458 2437 non
1489 2376 1649 2449 babeant,
1688 2380 1757 2454 quia

121 2477 240 2554 quibus
254 2477 294 2536 ad
308 2476 457 2535 notitiam
474 2474 612 2533 fratrum
628 2455 828 2549 peruenerit,
846 2471 914 2531 sol·
968 2472 1102 2548 plurimi
1132 2473 1295 2533 violenter
1317 2472 1403 2533 bona
1425 2474 1648 2535 ecclesarium
1680 2475 1760 2535 dirl-

121 2573 214 2634 licita
230 2574 325 2649 prius·
338 2571 522 2646 diligentia,
540 2572 573 2630 et
594 2569 808 2644 inquisitione
823 2583 912 2642 prae-
968 2569 1075 2645 piunt,
1088 2571 1120 2629 et
1127 2568 1309 2631 moliuntur
1319 2584 1393 2631 cum
1402 2571 1579 2646 tyrannide
1590 2586 1760 2647 usurpare.

120 2671 233 2739 missa.
249 2671 367 2729 Frater
378 2670 435 2728 aut
449 2682 545 2727 soror
560 2666 694 2727 noviter
708 2664 750 2724 ad
771 2665 913 2739 religio·
969 2667 1067 2726 Prior
1077 2667 1130 2726 vel
1141 2668 1307 2739 sacerdos,
1323 2670 1376 2727 cui
1387 2668 1554 2729 licentiam
1572 2668 1647 2744 ipse
1663 2684 1765 2744 praes-

123 2783 200 2829 nem
215 2766 352 2827 veniens
365 2766 408 2825 sit
423 2767 564 2840 quatuor
580 2766 638 2823 aut
664 2761 770 2822 tribus
798 2760 914 2821 diebus
967 2763 1084 2834 titerit,
1114 2764 1230 2824 audiat
1266 2764 1492 2827 confessiones
1533 2781 1688 2826 sororum
1725 2765 1764 2825 ad

8 2919 12 2929 ,
122 2867 158 2925 ut
170 2865 302 2939 hospes,
314 2864 348 2923 et
361 2862 546 2937 exponatur
560 2861 591 2919 ei
606 2860 749 2935 qualitas
769 2873 913 2918 conver-
969 2860 1148 2921 fenestram
1167 2860 1319 2931 ferream,
1336 2863 1369 2922 st
1389 2877 1455 2922 non
1480 2861 1560 2922 alibi
1588 2863 1656 2922 nisi
1681 2866 1767 2924 essct

120 2960 279 3031 sationis3
310 2957 532 3034 praedicentur
564 2957 595 3016 ei
630 2958 729 3016 etiam
758 2955 852 3025 dura,
883 2956 915 3015 et
969 2973 1117 3032 praesens
1142 2960 1323 3018 conventus
1339 2973 1501 3029 sororum,
1515 2958 1567 3020 rel
1589 2959 1656 3019 nisi
1673 2974 1767 3019 soror

123 3072 253 3134 aspera,
267 3071 324 3131 per
337 3070 410 3130 quae
425 3055 493 3114 itur
507 3053 547 3113 ad
562 3056 681 3127 Deum;
699 3054 731 3112 et
746 3053 773 3111 si
792 3053 915 3113 dixerit
969 3055 1131 3114 confitens
1146 3055 1331 3128 aegrotaret.
1351 3055 1386 3114 Si
1401 3055 1494 3129 prior
1514 3055 1566 3116 rel
1588 3056 1767 3131 praedictus

121 3169 158 3215 se
173 3154 261 3213 velle
273 3153 362 3213 stare
374 3150 660 3220 ibidem,ducatur
672 3149 707 3208 in
720 3150 912 3224 capitulum,
970 3151 1124 3213 sacerdos
1150 3167 1210 3226 pro
1238 3151 1385 3227 qualibet
1407 3153 1550 3215 utilitate
1583 3153 1638 3213 rel
1668 3168 1768 3213 orca-

10 3302 13 3309 .
121 3252 158 3313 ut
168 3249 381 3325 suscipiatur,
395 3246 526 3307 veniam
543 3247 669 3321 petens,
680 3248 714 3307 et
724 3247 916 3306 misericor·
969 3250 1064 3309 sione
1077 3248 1208 3310 debebit
1219 3249 1349 3323 ingredi
1365 3252 1492 3325 portam
1512 3266 1678 3315 sororum,
1701 3251 1768 3311 sint

120 3346 209 3407 diam
224 3345 404 3422 postulans.
424 3346 568 3418 surgens
581 3344 703 3411 autem,
719 3343 749 3402 si
757 3343 799 3402 ad
810 3344 915 3403 iuter·
970 3345 1017 3405 ad·
1029 3346 1138 3405 minus
1154 3347 1223 3406 tres
1236 3361 1367 3406 sorores
1382 3346 1476 3407 bonae
1491 3348 1673 3423 opinionis,
1694 3363 1768 3423 quae

90 3488 93 3490 -
120 3444 327 3519 rogationem
341 3440 461 3516 prioris
476 3440 599 3499 dixerit
613 3455 649 3498 se
668 3439 754 3499 velle
776 3439 915 3515 probare
969 3457 1044 3501 eum
1065 3443 1317 3517 ingredientem,
1340 3445 1495 3514 stantem,
1510 3445 1544 3505 et
1572 3447 1766 3512 exeuntem,

122 3540 284 3608 ordinum,
299 3540 448 3612 utusque
463 3536 504 3596 ad
521 3535 619 3595 finem
635 3535 711 3596 vitm
732 3551 801 3595 suae
826 3537 915 3596 stare
969 3554 1100 3613 semper
1117 3541 1149 3599 et
1164 3539 1284 3615 ubique
1306 3540 1419 3601 videre
1440 3541 1577 3616 possint,
1595 3541 1662 3601 nisi
1684 3541 1769 3602 forts

122 3636 257 3704 ibidem,
268 3633 450 3709 recipiatur
464 3632 499 3692 iu
515 3632 783 3706 congregatione,
798 3632 831 3693 et
843 3648 916 3707 pro·
970 3637 1002 3695 et
1020 3635 1079 3695 alii
1093 3636 1256 3697 intrarent
1276 3637 1317 3697 de
1332 3637 1467 3700 licentia
1480 3638 1603 3713 prioris
1618 3652 1679 3714 pro
1695 3639 1767 3698 ali-

122 3731 219 3793 betur
232 3731 268 3789 in
282 3729 372 3790 omni
387 3729 559 3805 patientia,
576 3730 609 3789 et
630 3729 792 3790 doctrina.
819 3730 916 3788 Gom·
970 3748 1035 3809 quo
1049 3734 1238 3793 necessario
1255 3733 1379 3802 labore,
1398 3735 1451 3795 vel
1474 3751 1574 3810 opere
1601 3735 1767 3806 faciendo

121 3829 210 3904 plato
224 3829 334 3888 autem
346 3840 435 3885 anno
446 3824 651 3900 probationis
666 3825 768 3896 illius
780 3826 809 3885 si
828 3825 915 3886 velle
969 3831 1022 3889 vel
1045 3830 1109 3889 nisi
1132 3830 1311 3898 latronum,
1340 3833 1398 3892 aut
1425 3832 1571 3893 incendii
1596 3833 1768 3894 videretur

124 3927 213 4004 stare
228 3923 360 3992 dixerit,
375 3922 529 3998 legantur
550 3922 582 3983 ei
606 3922 751 3998 capitula
777 3923 913 3998 regulae,
970 3926 1154 4002 periculum
1172 3928 1357 3998 imminere,
1373 3928 1429 3990 rel
1442 3928 1509 3988 nisi
1536 3930 1637 3990 etiam
1662 3931 1767 4006 prior,

122 4037 195 4097 quae
219 4035 355 4080 servare
376 4018 482 4079 debet.
507 4018 633 4091 Quibus
649 4018 804 4094 perlectis
817 4019 913 4080 dica·
969 4024 1021 4084 vel
1037 4023 1228 4098 hujusmodi
1238 4025 1393 4086 sacerdos
1405 4025 1548 4086 intraret
1566 4026 1768 4088 locutorium

21 4184 24 4189 ,
121 4117 379 4180 tureizslicce
405 4114 533 4192 regula,
559 4131 657 4192 quam
679 4118 791 4176 tenere
816 4116 915 4177 dehe-
970 4121 1339 4197 cumaliquapersona,
1357 4137 1430 4198 quae
1450 4122 1769 4200 velletaliquamde

122 4216 180 4288 tis;
197 4213 292 4274 siris
316 4229 389 4273 eam
409 4227 556 4282 servare,
580 4213 774 4287 ingredere;
790 4213 820 4272 si
848 4229 915 4273 non
971 4217 1141 4277 sororibus
1153 4218 1302 4279 visitare.
1320 4219 1366 4288 Si,
1384 4219 1469 4295 quod
1487 4218 1584 4290 absit,
1597 4221 1702 4281 frater
1715 4223 1769 4281 rel

121 4312 185 4381 ris,
198 4308 282 4369 liber
297 4310 464 4369 discede».
478 4311 581 4379 Quam
591 4310 620 4368 si
633 4325 670 4369 se
685 4309 769 4369 velle
780 4325 915 4370 serrare
970 4328 1067 4374 soror
1076 4314 1110 4373 in
1124 4314 1335 4375 manifestum
1349 4315 1459 4376 carnis
1474 4318 1665 4391 contagium
1690 4319 1768 4394 lap-

123 4406 255 4472 dixerit,
277 4406 388 4466 veniat
416 4406 451 4464 in
476 4405 632 4480 capitulo,
655 4407 688 4465 et
712 4407 798 4466 sicut
823 4406 916 4481 prius
970 4426 1027 4469 sus
1042 4409 1158 4483 fuerit3
1171 4411 1282 4481 etiam,
1295 4413 1381 4487 quod
1395 4414 1482 4473 Deus
1493 4416 1635 4484 avertat,
1648 4415 1678 4474 si
1693 4416 1768 4491 quis

121 4501 385 4565 misericordiam
411 4501 568 4577 postulet,
604 4504 636 4562 et
672 4517 783 4562 coram
816 4503 914 4562 altari
970 4508 1062 4583 prior
1084 4507 1195 4577 fuerit,
1211 4523 1233 4567 a
1259 4509 1356 4571 domo
1382 4511 1456 4570 sine
1483 4526 1541 4586 spo
1562 4512 1768 4572 reversionis

123 4599 224 4661 faciat
251 4597 490 4674 professionem
519 4598 554 4658 in
592 4598 745 4659 manibus
780 4600 913 4674 prioris,
970 4604 1246 4664 sententialitera
1273 4607 1438 4667 conventu
1454 4609 1680 4680 removeatur,
1707 4624 1768 4670 nec

122 4695 317 4774 promittens
339 4694 564 4766 stabilitatem,
589 4698 623 4756 et
652 4696 849 4768 castitatem,
884 4699 917 4758 et
970 4700 1056 4761 ultra
1070 4701 1101 4760 ei
1123 4699 1306 4772 obediatur,
1332 4688 1393 4763 nec
1418 4703 1459 4764 ab
1484 4704 1598 4781 aliquo
1624 4721 1700 4765 curn
1729 4720 1768 4767 eo

122 4794 234 4854 vivere
248 4793 320 4853 sine
335 4792 480 4869 proprie,
497 4794 529 4854 et
550 4792 771 4853 obedientiam
795 4809 917 4854 socun-
971 4797 1204 4872 participetur,
1244 4797 1363 4859 donec
1385 4801 1545 4861 manserit
1578 4801 1616 4862 in
1651 4803 1768 4864 eadem

122 4892 199 4950 dum
211 4893 325 4960 Deum,
340 4893 373 4950 et
387 4889 536 4964 regulam
549 4890 665 4966 priori,
681 4891 738 4965 qui
753 4905 814 4965 pro
827 4896 914 4951 tem·
970 4894 1077 4953 domo.
1093 4894 1195 4955 Nulla
1208 4893 1342 4955 faemina
1358 4913 1546 4972 praegnans,
1562 4898 1616 4959 vel
1629 4899 1671 4960 de
1686 4917 1769 4962 con·

122 5001 202 5067 pore
232 4985 342 5056 fuerit,
367 4986 509 5047 fideliter
543 4988 755 5047 servandum.
792 4989 915 5049 Verum
971 4992 1067 5065 ceptu
1091 4994 1244 5066 suspecta
1269 5008 1421 5053 sororum
1443 4994 1584 5070 collegio
1608 4998 1766 5068 societur,

121 5087 232 5146 tamen
249 5081 364 5159 siquis
389 5082 489 5143 babet
509 5099 562 5143 res
585 5084 796 5158 temporales,
822 5085 915 5161 prius
971 5089 1004 5147 et
1017 5086 1045 5145 si
1061 5088 1187 5148 sociata
1202 5087 1314 5154 fuerit,
1331 5089 1537 5151 excludatur.
1555 5092 1678 5153 Nullus
1693 5093 1767 5154 fra-

60 5202 65 5207 ·
121 5182 161 5243 de
173 5180 241 5241 illis
253 5179 404 5249 tsstetur,
420 5178 472 5238 vel
488 5179 617 5240 ordinet
639 5181 725 5257 quod
750 5181 814 5241 sibi
838 5184 913 5259 pla·
970 5185 1069 5254 trum,
1098 5184 1150 5243 vel
1179 5200 1330 5245 sororum
1364 5185 1482 5248 doceat
1507 5187 1655 5264 aliquam
1691 5207 1768 5266 per·

121 5278 237 5347 cuerit,
252 5291 351 5352 quam
372 5275 610 5354 professionem
635 5279 772 5339 emittat.
796 5280 916 5340 Nullus
971 5296 1087 5340 sonam
1112 5281 1147 5340 in
1173 5282 1320 5357 qualibet
1344 5285 1416 5344 arte
1441 5283 1495 5343 vel
1523 5286 1680 5358 artificio,
1708 5305 1767 5349 seu

121 5378 230 5439 autem
246 5373 286 5435 ad
303 5372 543 5449 professionem
558 5374 739 5449 recipiatur
756 5377 822 5436 nisi
842 5378 916 5438 fue·
971 5378 1072 5438 etiam
1102 5378 1136 5437 in
1165 5379 1316 5451 scientia,
1340 5381 1405 5439 nisi
1429 5380 1473 5442 sit
1497 5397 1640 5457 persona
1668 5401 1767 5460 quam

121 5473 165 5532 rit
190 5471 282 5546 prius
302 5485 411 5530 annus
436 5469 641 5546 probationis
664 5472 830 5547 impletus,
857 5478 915 5537 aut
971 5475 1089 5535 docere
1109 5475 1216 5546 debet,
1242 5476 1296 5536 vel
1325 5476 1390 5537 nisi
1412 5477 1455 5538 sit
1478 5478 1519 5538 de
1538 5480 1681 5555 collegio
1708 5497 1767 5542 seu

119 5566 208 5639 esset
233 5565 415 5632 canon-icus
444 5563 619 5638 regularis,
645 5566 698 5625 vel
728 5567 793 5626 nisi
818 5571 914 5629 tran·
971 5571 1766 5653 ordinenostro.Diebusdomiuicis,etcongruis
