<?xml version="1.0" encoding="UTF-8"?>
<!DOCTYPE html PUBLIC "-//W3C//DTD XHTML 1.0 Transitional//EN"
    "http://www.w3.org/TR/xhtml1/DTD/xhtml1-transitional.dtd">
<html xmlns="http://www.w3.org/1999/xhtml" xml:lang="en" lang="en">
 <head>
  <title>
</title>
<meta http-equiv="Content-Type" content="text/html;charset=utf-8" />
  <meta name='ocr-system' content='tesseract 3.04.00' />
  <meta name='ocr-capabilities' content='ocr_page ocr_carea ocr_par ocr_line ocrx_word'/>
</head>
<body>
  <div class='ocr_page' id='page_1' title='image "./mediiaevibiblio00horogoog_0158.png"; bbox 0 0 3774 6186; ppageno 0'>
   <div class='ocr_carea' id='block_1_1' title="bbox 114 110 1763 187">
    <p class='ocr_par' dir='ltr' id='par_1_1' title="bbox 114 110 1763 187">
     <span class='ocr_line' id='line_1_1' title="bbox 114 110 1763 187; baseline -0.006 -8"><span class='ocrx_word' id='word_1_1' title='bbox 114 120 174 180; x_wconf 72' lang='grc'><strong>281</strong></span> <span class='ocrx_word' id='word_1_2' title='bbox 735 110 962 177; x_wconf 63' lang='lat' dir='ltr'><strong>celsium.</strong></span> <span class='ocrx_word' id='word_1_3' title='bbox 986 112 1064 174; x_wconf 72' lang='grc' dir='ltr'><strong>ΗΒ.</strong></span> <span class='ocrx_word' id='word_1_4' title='bbox 1088 114 1142 175; x_wconf 84' lang='lat' dir='ltr'><strong>tv.</strong></span> <span class='ocrx_word' id='word_1_5' title='bbox 1703 126 1763 187; x_wconf 74' lang='lat'><strong>232</strong></span> 
     </span>
    </p>
   </div>
   <div class='ocr_carea' id='block_1_2' title="bbox 115 272 1796 5213">
    <p class='ocr_par' dir='ltr' id='par_1_2' title="bbox 115 272 1761 549">
     <span class='ocr_line' id='line_1_2' title="bbox 116 272 1757 357; baseline 0.003 -17"><span class='ocrx_word' id='word_1_6' title='bbox 116 276 308 350; x_wconf 73' lang='lat' dir='ltr'>sabinensi,</span> <span class='ocrx_word' id='word_1_7' title='bbox 327 275 456 339; x_wconf 88' lang='lat' dir='ltr'><strong>scilicet</strong></span> <span class='ocrx_word' id='word_1_8' title='bbox 475 290 550 337; x_wconf 88' lang='lat' dir='ltr'><strong>cum</strong></span> <span class='ocrx_word' id='word_1_9' title='bbox 570 274 781 351; x_wconf 81' lang='lat' dir='ltr'><strong>episcopatus</strong></span> <span class='ocrx_word' id='word_1_10' title='bbox 807 287 911 334; x_wconf 87' lang='lat' dir='ltr'><strong>vaca·</strong></span> <span class='ocrx_word' id='word_1_11' title='bbox 967 272 1757 357; x_wconf 81' lang='lat' dir='ltr'><strong>confirmationisintringcre.Siquisautem,etc.</strong></span> 
     </span>
     <span class='ocr_line' id='line_1_3' title="bbox 115 371 1761 456; baseline 0.002 -18"><span class='ocrx_word' id='word_1_12' title='bbox 115 376 221 449; x_wconf 88' lang='lat' dir='ltr'><strong>verit,</strong></span> <span class='ocrx_word' id='word_1_13' title='bbox 245 375 303 439; x_wconf 85' lang='lat' dir='ltr'><strong>ilat</strong></span> <span class='ocrx_word' id='word_1_14' title='bbox 329 388 432 451; x_wconf 83' lang='lat' dir='ltr'><strong>supra</strong></span> <span class='ocrx_word' id='word_1_15' title='bbox 456 372 520 437; x_wconf 87' lang='lat' dir='ltr'><strong>hoc</strong></span> <span class='ocrx_word' id='word_1_16' title='bbox 546 371 635 450; x_wconf 85' lang='lat' dir='ltr'><strong>quod</strong></span> <span class='ocrx_word' id='word_1_17' title='bbox 667 371 741 433; x_wconf 84' lang='lat' dir='ltr'><strong>fleri</strong></span> <span class='ocrx_word' id='word_1_18' title='bbox 766 384 911 432; x_wconf 88' lang='lat' dir='ltr'><strong>consue·</strong></span> <span class='ocrx_word' id='word_1_19' title='bbox 967 373 1197 436; x_wconf 85' lang='lat' dir='ltr'><strong>DatumReate</strong></span> <span class='ocrx_word' id='word_1_20' title='bbox 1206 375 1250 435; x_wconf 91' lang='lat' dir='ltr'><strong>v1</strong></span> <span class='ocrx_word' id='word_1_21' title='bbox 1262 373 1539 454; x_wconf 80' lang='lat' dir='ltr'><strong>kalendaugusti</strong></span> <span class='ocrx_word' id='word_1_22' title='bbox 1547 378 1761 456; x_wconf 83' lang='lat' dir='ltr'><strong>pontificatus</strong></span> 
     </span>
     <span class='ocr_line' id='line_1_4' title="bbox 116 465 1313 549; baseline -0.002 -17"><span class='ocrx_word' id='word_1_23' title='bbox 116 473 177 536; x_wconf 78' lang='lat' dir='ltr'><strong>vit</strong></span> <span class='ocrx_word' id='word_1_24' title='bbox 204 473 292 533; x_wconf 90' lang='lat' dir='ltr'><strong>idem</strong></span> <span class='ocrx_word' id='word_1_25' title='bbox 310 487 441 549; x_wconf 82' lang='lat' dir='ltr'><strong>quoque</strong></span> <span class='ocrx_word' id='word_1_26' title='bbox 469 470 584 532; x_wconf 88' lang='lat' dir='ltr'><strong>clerici</strong></span> <span class='ocrx_word' id='word_1_27' title='bbox 605 469 715 531; x_wconf 88' lang='lat' dir='ltr'><strong>vocati</strong></span> <span class='ocrx_word' id='word_1_28' title='bbox 741 465 781 530; x_wconf 91' lang='lat' dir='ltr'><strong>ad</strong></span> <span class='ocrx_word' id='word_1_29' title='bbox 807 482 911 544; x_wconf 85' lang='lat' dir='ltr'><strong>syno-</strong></span> <span class='ocrx_word' id='word_1_30' title='bbox 966 466 1073 528; x_wconf 90' lang='lat' dir='ltr'><strong>nostri</strong></span> <span class='ocrx_word' id='word_1_31' title='bbox 1084 483 1172 529; x_wconf 90' lang='lat' dir='ltr'><strong>anno</strong></span> <span class='ocrx_word' id='word_1_32' title='bbox 1183 471 1313 546; x_wconf 88' lang='lat' dir='ltr'><strong>quarto.</strong></span> 
     </span>
    </p>

    <p class='ocr_par' dir='ltr' id='par_1_3' title="bbox 118 560 1014 644">
     <span class='ocr_line' id='line_1_5' title="bbox 118 560 1014 644; baseline -0.009 -13"><span class='ocrx_word' id='word_1_33' title='bbox 118 571 196 631; x_wconf 92' lang='lat' dir='ltr'><strong>dum</strong></span> <span class='ocrx_word' id='word_1_34' title='bbox 227 570 372 641; x_wconf 88' lang='lat' dir='ltr'><strong>venient,</strong></span> <span class='ocrx_word' id='word_1_35' title='bbox 398 569 463 629; x_wconf 91' lang='lat' dir='ltr'><strong>nisi</strong></span> <span class='ocrx_word' id='word_1_36' title='bbox 492 566 728 644; x_wconf 78' lang='lat' dir='ltr'><strong>praepeditione</strong></span> <span class='ocrx_word' id='word_1_37' title='bbox 752 565 912 626; x_wconf 88' lang='lat' dir='ltr'><strong>canoniea</strong></span> <span class='ocrx_word' id='word_1_38' title='bbox 1010 560 1014 567; x_wconf 81' lang='grc'><strong>’</strong></span> 
     </span>
    </p>

    <p class='ocr_par' dir='ltr' id='par_1_4' title="bbox 119 622 1393 744">
     <span class='ocr_line' id='line_1_6' title="bbox 119 622 1393 744; baseline -0.01 -15"><span class='ocrx_word' id='word_1_39' title='bbox 119 668 245 729; x_wconf 84' lang='lat' dir='ltr'><strong>suerint</strong></span> <span class='ocrx_word' id='word_1_40' title='bbox 266 667 449 744; x_wconf 84' lang='lat' dir='ltr'><strong>praepediti,</strong></span> <span class='ocrx_word' id='word_1_41' title='bbox 470 668 503 727; x_wconf 92' lang='lat' dir='ltr'><strong>et</strong></span> <span class='ocrx_word' id='word_1_42' title='bbox 527 681 586 742; x_wconf 94' lang='lat' dir='ltr'><strong>pro</strong></span> <span class='ocrx_word' id='word_1_43' title='bbox 602 679 698 741; x_wconf 91' lang='lat' dir='ltr'><strong>posse</strong></span> <span class='ocrx_word' id='word_1_44' title='bbox 713 678 774 723; x_wconf 89' lang='lat' dir='ltr'><strong>suo</strong></span> <span class='ocrx_word' id='word_1_45' title='bbox 796 662 914 739; x_wconf 80' lang='lat' dir='ltr'>synodi</span> <span class='ocrx_word' id='word_1_46' title='bbox 1336 622 1393 707; x_wconf 80' lang='lat' dir='ltr'><strong>IV</strong></span> 
     </span>
    </p>

    <p class='ocr_par' dir='ltr' id='par_1_5' title="bbox 118 752 1764 1039">
     <span class='ocr_line' id='line_1_7' title="bbox 118 752 1764 838; baseline 0.001 -13"><span class='ocrx_word' id='word_1_47' title='bbox 118 768 243 827; x_wconf 85' lang='lat' dir='ltr'><strong>statuta</strong></span> <span class='ocrx_word' id='word_1_48' title='bbox 275 763 464 827; x_wconf 87' lang='lat' dir='ltr'><strong>servabunt.</strong></span> <span class='ocrx_word' id='word_1_49' title='bbox 487 761 762 838; x_wconf 86' lang='lat' dir='ltr'><strong>Archipresbyter</strong></span> <span class='ocrx_word' id='word_1_50' title='bbox 781 760 911 831; x_wconf 90' lang='lat' dir='ltr'><strong>autem,</strong></span> <span class='ocrx_word' id='word_1_51' title='bbox 967 752 1764 829; x_wconf 62' lang='lat' dir='ltr'><strong>coaetaneumdeportaurcrttsrrmmmuum</strong></span> 
     </span>
     <span class='ocr_line' id='line_1_8' title="bbox 119 849 1763 935; baseline 0.001 -11"><span class='ocrx_word' id='word_1_52' title='bbox 119 863 154 924; x_wconf 90' lang='lat' dir='ltr'><strong>et</strong></span> <span class='ocrx_word' id='word_1_53' title='bbox 194 862 347 924; x_wconf 88' lang='lat' dir='ltr'><strong>canonici</strong></span> <span class='ocrx_word' id='word_1_54' title='bbox 385 860 553 922; x_wconf 87' lang='lat' dir='ltr'><strong>habebunt</strong></span> <span class='ocrx_word' id='word_1_55' title='bbox 594 859 745 935; x_wconf 83' lang='lat' dir='ltr'><strong>quartam</strong></span> <span class='ocrx_word' id='word_1_56' title='bbox 788 858 913 933; x_wconf 86' lang='lat' dir='ltr'><strong>partem</strong></span> <span class='ocrx_word' id='word_1_57' title='bbox 1008 849 1042 908; x_wconf 69' lang='lat' dir='ltr'><strong>et</strong></span> <span class='ocrx_word' id='word_1_58' title='bbox 1071 851 1290 923; x_wconf 54' lang='lat' dir='ltr'><strong>madidum,</strong></span> <span class='ocrx_word' id='word_1_59' title='bbox 1323 857 1481 927; x_wconf 79' lang='lat' dir='ltr'><strong>priorem</strong></span> <span class='ocrx_word' id='word_1_60' title='bbox 1516 859 1549 918; x_wconf 88' lang='lat' dir='ltr'><strong>ct</strong></span> <span class='ocrx_word' id='word_1_61' title='bbox 1583 866 1763 926; x_wconf 83' lang='lat' dir='ltr'><strong>concuicos</strong></span> 
     </span>
     <span class='ocr_line' id='line_1_9' title="bbox 119 947 1205 1025; baseline -0.01 -5"><span class='ocrx_word' id='word_1_62' title='bbox 119 959 398 1025; x_wconf 79' lang='lat' dir='ltr'><strong>decimationum,</strong></span> <span class='ocrx_word' id='word_1_63' title='bbox 432 959 465 1019; x_wconf 89' lang='lat' dir='ltr'><strong>et</strong></span> <span class='ocrx_word' id='word_1_64' title='bbox 492 958 695 1018; x_wconf 90' lang='lat' dir='ltr'><strong>mortuorum</strong></span> <span class='ocrx_word' id='word_1_65' title='bbox 724 954 852 1016; x_wconf 88' lang='lat' dir='ltr'><strong>sedium</strong></span> <span class='ocrx_word' id='word_1_66' title='bbox 879 953 914 1012; x_wconf 93' lang='lat' dir='ltr'><strong>in</strong></span> <span class='ocrx_word' id='word_1_67' title='bbox 1009 947 1205 1009; x_wconf 79' lang='lat' dir='ltr'><strong>Reme-uses.</strong></span> 
     </span>
    </p>

    <p class='ocr_par' dir='ltr' id='par_1_6' title="bbox 119 1025 1467 1132">
     <span class='ocr_line' id='line_1_10' title="bbox 119 1025 1467 1132; baseline -0.006 -15"><span class='ocrx_word' id='word_1_68' title='bbox 119 1056 272 1118; x_wconf 86' lang='lat' dir='ltr'><strong>ecclesiis</strong></span> <span class='ocrx_word' id='word_1_69' title='bbox 285 1055 495 1132; x_wconf 89' lang='lat' dir='ltr'><strong>supradictis,</strong></span> <span class='ocrx_word' id='word_1_70' title='bbox 514 1054 547 1115; x_wconf 87' lang='lat' dir='ltr'><strong>et</strong></span> <span class='ocrx_word' id='word_1_71' title='bbox 563 1054 635 1130; x_wconf 88' lang='lat' dir='ltr'><strong>ipse</strong></span> <span class='ocrx_word' id='word_1_72' title='bbox 650 1050 916 1128; x_wconf 83' lang='lat' dir='ltr'><strong>archipresbyter</strong></span> <span class='ocrx_word' id='word_1_73' title='bbox 1266 1025 1372 1098; x_wconf 78' lang='lat' dir='ltr'><strong>²7J¹¹¹¹¹</strong></span> <span class='ocrx_word' id='word_1_74' title='bbox 1389 1029 1467 1087; x_wconf 73' lang='lat'>¹²¹9·</span> 
     </span>
    </p>

    <p class='ocr_par' dir='ltr' id='par_1_7' title="bbox 121 1137 1751 1231">
     <span class='ocr_line' id='line_1_11' title="bbox 121 1137 1751 1231; baseline 0.001 -17"><span class='ocrx_word' id='word_1_75' title='bbox 121 1171 198 1216; x_wconf 91' lang='lat' dir='ltr'><strong>cum</strong></span> <span class='ocrx_word' id='word_1_76' title='bbox 209 1153 375 1231; x_wconf 84' lang='lat' dir='ltr'><strong>aliquibus</strong></span> <span class='ocrx_word' id='word_1_77' title='bbox 396 1151 577 1222; x_wconf 88' lang='lat' dir='ltr'><strong>canonicis,</strong></span> <span class='ocrx_word' id='word_1_78' title='bbox 595 1165 676 1227; x_wconf 81' lang='lat' dir='ltr'><strong>qrros</strong></span> <span class='ocrx_word' id='word_1_79' title='bbox 694 1165 805 1210; x_wconf 90' lang='lat' dir='ltr'><strong>secum</strong></span> <span class='ocrx_word' id='word_1_80' title='bbox 818 1147 916 1207; x_wconf 89' lang='lat' dir='ltr'><strong>ducet</strong></span> <span class='ocrx_word' id='word_1_81' title='bbox 986 1137 1107 1201; x_wconf 72' lang='lat' dir='ltr'><strong>[negat.</strong></span> <span class='ocrx_word' id='word_1_82' title='bbox 1118 1137 1164 1189; x_wconf 71' lang='lat'>¹¹¹³·</span> <span class='ocrx_word' id='word_1_83' title='bbox 1181 1139 1224 1197; x_wconf 74' lang='lat' dir='ltr'><strong>W·</strong></span> <span class='ocrx_word' id='word_1_84' title='bbox 1238 1139 1381 1203; x_wconf 74' lang='lat' dir='ltr'><strong>epistota.</strong></span> <span class='ocrx_word' id='word_1_85' title='bbox 1396 1143 1452 1194; x_wconf 71' lang='lat'><strong>³¹⁸⁸·</strong></span> <span class='ocrx_word' id='word_1_86' title='bbox 1470 1144 1507 1196; x_wconf 78' lang='lat' dir='ltr'><strong>ba</strong></span> <span class='ocrx_word' id='word_1_87' title='bbox 1519 1146 1594 1196; x_wconf 64' lang='lat' dir='ltr'>P⁰f¹⁰</span> <span class='ocrx_word' id='word_1_88' title='bbox 1607 1148 1642 1198; x_wconf 71' lang='lat'><strong>&lt;¹1¹</strong></span> <span class='ocrx_word' id='word_1_89' title='bbox 1655 1149 1751 1216; x_wconf 69' lang='lat' dir='ltr'><strong>rosit]</strong></span> 
     </span>
    </p>

    <p class='ocr_par' dir='ltr' id='par_1_8' title="bbox 116 1242 1767 1614">
     <span class='ocr_line' id='line_1_12' title="bbox 122 1242 1766 1326; baseline 0.001 -14"><span class='ocrx_word' id='word_1_90' title='bbox 122 1252 163 1313; x_wconf 90' lang='lat' dir='ltr'><strong>ad</strong></span> <span class='ocrx_word' id='word_1_91' title='bbox 182 1249 405 1326; x_wconf 80' lang='lat' dir='ltr'><strong>colligendum</strong></span> <span class='ocrx_word' id='word_1_92' title='bbox 419 1249 592 1319; x_wconf 85' lang='lat' dir='ltr'><strong>decimam,</strong></span> <span class='ocrx_word' id='word_1_93' title='bbox 609 1247 642 1307; x_wconf 89' lang='lat' dir='ltr'><strong>et</strong></span> <span class='ocrx_word' id='word_1_94' title='bbox 663 1245 790 1307; x_wconf 90' lang='lat' dir='ltr'><strong>sedium</strong></span> <span class='ocrx_word' id='word_1_95' title='bbox 813 1245 915 1305; x_wconf 90' lang='lat' dir='ltr'><strong>semel</strong></span> <span class='ocrx_word' id='word_1_96' title='bbox 971 1242 1087 1300; x_wconf 82' lang='lat' dir='ltr'><strong>Mandat</strong></span> <span class='ocrx_word' id='word_1_97' title='bbox 1101 1249 1131 1301; x_wconf 93' lang='lat' dir='ltr'><strong>ut</strong></span> <span class='ocrx_word' id='word_1_98' title='bbox 1146 1243 1281 1303; x_wconf 87' lang='lat' dir='ltr'><strong>inducant</strong></span> <span class='ocrx_word' id='word_1_99' title='bbox 1299 1247 1464 1321; x_wconf 79' lang='lat' dir='ltr'><strong>episcopum</strong></span> <span class='ocrx_word' id='word_1_100' title='bbox 1488 1251 1708 1313; x_wconf 81' lang='lat' dir='ltr'><strong>laudunensem</strong></span> <span class='ocrx_word' id='word_1_101' title='bbox 1729 1256 1766 1314; x_wconf 88' lang='lat' dir='ltr'><strong>ad</strong></span> 
     </span>
     <span class='ocr_line' id='line_1_13' title="bbox 122 1332 1765 1423; baseline 0.011 -38"><span class='ocrx_word' id='word_1_102' title='bbox 122 1349 158 1408; x_wconf 70' lang='lat' dir='ltr'><strong>jn</strong></span> <span class='ocrx_word' id='word_1_103' title='bbox 172 1362 262 1408; x_wconf 67' lang='lat' dir='ltr'><strong>anno</strong></span> <span class='ocrx_word' id='word_1_104' title='bbox 275 1344 549 1423; x_wconf 62' lang='lat' dir='ltr'><strong>procumbiturpn</strong></span> <span class='ocrx_word' id='word_1_105' title='bbox 563 1342 818 1408; x_wconf 57' lang='lat' dir='ltr'><strong>epsd0m‚0ptam</strong></span> <span class='ocrx_word' id='word_1_106' title='bbox 834 1341 918 1416; x_wconf 68' lang='lat' dir='ltr'><strong>epis.</strong></span> <span class='ocrx_word' id='word_1_107' title='bbox 1008 1332 1213 1403; x_wconf 62' lang='lat' dir='ltr'><strong>p‘ovidendum</strong></span> <span class='ocrx_word' id='word_1_108' title='bbox 1239 1334 1410 1405; x_wconf 71' lang='lat' dir='ltr'><strong>prebendati</strong></span> <span class='ocrx_word' id='word_1_109' title='bbox 1430 1336 1569 1396; x_wconf 83' lang='lat' dir='ltr'><strong>beneflcio</strong></span> <span class='ocrx_word' id='word_1_110' title='bbox 1591 1343 1619 1397; x_wconf 91' lang='lat' dir='ltr'><strong>iu</strong></span> <span class='ocrx_word' id='word_1_111' title='bbox 1644 1345 1765 1403; x_wconf 86' lang='lat' dir='ltr'><strong>ecclesia</strong></span> 
     </span>
     <span class='ocr_line' id='line_1_14' title="bbox 116 1420 1767 1520; baseline -0.005 -19"><span class='ocrx_word' id='word_1_112' title='bbox 116 1460 238 1520; x_wconf 83' lang='lat' dir='ltr'><strong>copus,</strong></span> <span class='ocrx_word' id='word_1_113' title='bbox 266 1459 365 1520; x_wconf 90' lang='lat' dir='ltr'><strong>quam</strong></span> <span class='ocrx_word' id='word_1_114' title='bbox 386 1440 671 1518; x_wconf 74' lang='lat' dir='ltr'><strong>archipresbyter,</strong></span> <span class='ocrx_word' id='word_1_115' title='bbox 700 1438 733 1500; x_wconf 90' lang='lat' dir='ltr'><strong>et</strong></span> <span class='ocrx_word' id='word_1_116' title='bbox 764 1437 917 1498; x_wconf 71' lang='lat' dir='ltr'><strong>canonici</strong></span> <span class='ocrx_word' id='word_1_117' title='bbox 1008 1420 1104 1520; x_wconf 81' lang='lat' dir='ltr'><strong>Sancti</strong></span> <span class='ocrx_word' id='word_1_118' title='bbox 1127 1421 1267 1479; x_wconf 83' lang='lat' dir='ltr'><strong>lobannis</strong></span> <span class='ocrx_word' id='word_1_119' title='bbox 1286 1424 1314 1480; x_wconf 90' lang='lat' dir='ltr'><strong>iu</strong></span> <span class='ocrx_word' id='word_1_120' title='bbox 1336 1425 1428 1498; x_wconf 84' lang='lat' dir='ltr'><strong>burgo</strong></span> <span class='ocrx_word' id='word_1_121' title='bbox 1449 1427 1572 1486; x_wconf 89' lang='lat' dir='ltr'><strong>civitatis</strong></span> <span class='ocrx_word' id='word_1_122' title='bbox 1592 1431 1767 1492; x_wconf 83' lang='lat' dir='ltr'><strong>Clementem</strong></span> 
     </span>
     <span class='ocr_line' id='line_1_15' title="bbox 123 1508 1171 1614; baseline -0.008 -11"><span class='ocrx_word' id='word_1_123' title='bbox 123 1539 272 1603; x_wconf 88' lang='lat' dir='ltr'><strong>contenti</strong></span> <span class='ocrx_word' id='word_1_124' title='bbox 286 1541 384 1603; x_wconf 89' lang='lat' dir='ltr'><strong>erunt</strong></span> <span class='ocrx_word' id='word_1_125' title='bbox 398 1538 603 1600; x_wconf 87' lang='lat' dir='ltr'><strong>solummodo</strong></span> <span class='ocrx_word' id='word_1_126' title='bbox 624 1535 836 1614; x_wconf 89' lang='lat' dir='ltr'><strong>supradictis,</strong></span> <span class='ocrx_word' id='word_1_127' title='bbox 858 1550 919 1595; x_wconf 90' lang='lat' dir='ltr'><strong>nec</strong></span> <span class='ocrx_word' id='word_1_128' title='bbox 1008 1508 1171 1567; x_wconf 72' lang='lat' dir='ltr'><strong>d&#39;⁸⁰⁰¹¹¹¹¹¹¹·</strong></span> 
     </span>
    </p>

    <p class='ocr_par' dir='ltr' id='par_1_9' title="bbox 121 1626 1769 1905">
     <span class='ocr_line' id='line_1_16' title="bbox 124 1626 1768 1714; baseline 0.002 -15"><span class='ocrx_word' id='word_1_129' title='bbox 124 1641 159 1699; x_wconf 91' lang='lat' dir='ltr'><strong>in</strong></span> <span class='ocrx_word' id='word_1_130' title='bbox 185 1638 263 1699; x_wconf 88' lang='lat' dir='ltr'><strong>aliis</strong></span> <span class='ocrx_word' id='word_1_131' title='bbox 282 1638 372 1714; x_wconf 87' lang='lat' dir='ltr'><strong>ipsas</strong></span> <span class='ocrx_word' id='word_1_132' title='bbox 397 1635 566 1707; x_wconf 86' lang='lat' dir='ltr'><strong>ecclesias,</strong></span> <span class='ocrx_word' id='word_1_133' title='bbox 585 1634 765 1696; x_wconf 92' lang='lat' dir='ltr'><strong>veleorum</strong></span> <span class='ocrx_word' id='word_1_134' title='bbox 781 1633 919 1694; x_wconf 87' lang='lat' dir='ltr'><strong>clericos</strong></span> <span class='ocrx_word' id='word_1_135' title='bbox 1014 1626 1192 1698; x_wconf 91' lang='lat' dir='ltr'><strong>Honorius,</strong></span> <span class='ocrx_word' id='word_1_136' title='bbox 1207 1628 1282 1699; x_wconf 79' lang='lat' dir='ltr'><strong>etc,</strong></span> <span class='ocrx_word' id='word_1_137' title='bbox 1297 1629 1426 1692; x_wconf 89' lang='lat' dir='ltr'><strong>dilectis</strong></span> <span class='ocrx_word' id='word_1_138' title='bbox 1455 1633 1534 1694; x_wconf 87' lang='lat' dir='ltr'><strong>tiliis</strong></span> <span class='ocrx_word' id='word_1_139' title='bbox 1558 1638 1703 1701; x_wconf 80' lang='lat' dir='ltr'><strong>ilenrico</strong></span> <span class='ocrx_word' id='word_1_140' title='bbox 1726 1639 1768 1702; x_wconf 91' lang='lat' dir='ltr'><strong>de</strong></span> 
     </span>
     <span class='ocr_line' id='line_1_17' title="bbox 121 1724 1769 1823; baseline 0.001 -30"><span class='ocrx_word' id='word_1_141' title='bbox 121 1735 366 1812; x_wconf 79' lang='lat' dir='ltr'><strong>aggravabunt.</strong></span> <span class='ocrx_word' id='word_1_142' title='bbox 381 1735 577 1796; x_wconf 80' lang='lat' dir='ltr'><strong>iiaecautem</strong></span> <span class='ocrx_word' id='word_1_143' title='bbox 588 1732 699 1792; x_wconf 88' lang='lat' dir='ltr'><strong>omnia</strong></span> <span class='ocrx_word' id='word_1_144' title='bbox 714 1731 802 1792; x_wconf 92' lang='lat' dir='ltr'><strong>circa</strong></span> <span class='ocrx_word' id='word_1_145' title='bbox 813 1729 921 1791; x_wconf 91' lang='lat' dir='ltr'><strong>eccle-</strong></span> <span class='ocrx_word' id='word_1_146' title='bbox 975 1726 1074 1784; x_wconf 85' lang='lat' dir='ltr'><strong>Porta</strong></span> <span class='ocrx_word' id='word_1_147' title='bbox 1094 1724 1222 1797; x_wconf 77' lang='lat' dir='ltr'><strong>Martia,</strong></span> <span class='ocrx_word' id='word_1_148' title='bbox 1238 1727 1425 1823; x_wconf 84' lang='lat' dir='ltr'><strong>Fromundo</strong></span> <span class='ocrx_word' id='word_1_149' title='bbox 1442 1732 1475 1791; x_wconf 89' lang='lat' dir='ltr'><strong>et</strong></span> <span class='ocrx_word' id='word_1_150' title='bbox 1490 1733 1648 1808; x_wconf 83' lang='lat' dir='ltr'><strong>magistro</strong></span> <span class='ocrx_word' id='word_1_151' title='bbox 1663 1737 1769 1817; x_wconf 86' lang='lat' dir='ltr'><strong>priori</strong></span> 
     </span>
     <span class='ocr_line' id='line_1_18' title="bbox 122 1821 1542 1905; baseline -0.003 -13"><span class='ocrx_word' id='word_1_152' title='bbox 122 1832 206 1902; x_wconf 87' lang='lat' dir='ltr'><strong>sias,</strong></span> <span class='ocrx_word' id='word_1_153' title='bbox 238 1832 271 1893; x_wconf 90' lang='lat' dir='ltr'><strong>et</strong></span> <span class='ocrx_word' id='word_1_154' title='bbox 293 1831 433 1892; x_wconf 89' lang='lat' dir='ltr'><strong>clericos</strong></span> <span class='ocrx_word' id='word_1_155' title='bbox 460 1829 725 1905; x_wconf 89' lang='lat' dir='ltr'><strong>supradictorum</strong></span> <span class='ocrx_word' id='word_1_156' title='bbox 759 1827 918 1889; x_wconf 89' lang='lat' dir='ltr'><strong>locorum,</strong></span> <span class='ocrx_word' id='word_1_157' title='bbox 975 1821 1146 1881; x_wconf 87' lang='lat' dir='ltr'><strong>canonicis</strong></span> <span class='ocrx_word' id='word_1_158' title='bbox 1162 1824 1297 1884; x_wconf 81' lang='lat' dir='ltr'><strong>Romen.</strong></span> <span class='ocrx_word' id='word_1_159' title='bbox 1315 1825 1466 1898; x_wconf 88' lang='lat' dir='ltr'><strong>salutem,</strong></span> <span class='ocrx_word' id='word_1_160' title='bbox 1481 1831 1542 1890; x_wconf 93' lang='lat' dir='ltr'><strong>et.</strong></span> 
     </span>
    </p>

    <p class='ocr_par' dir='ltr' id='par_1_10' title="bbox 119 1918 1796 5213">
     <span class='ocr_line' id='line_1_19' title="bbox 123 1918 1770 1999; baseline 0.002 -9"><span class='ocrx_word' id='word_1_161' title='bbox 123 1927 255 1990; x_wconf 86' lang='lat' dir='ltr'><strong>scilicet</strong></span> <span class='ocrx_word' id='word_1_162' title='bbox 274 1927 315 1988; x_wconf 93' lang='lat' dir='ltr'><strong>de</strong></span> <span class='ocrx_word' id='word_1_163' title='bbox 334 1927 443 1999; x_wconf 86' lang='lat' dir='ltr'><strong>Turri,</strong></span> <span class='ocrx_word' id='word_1_164' title='bbox 460 1926 492 1988; x_wconf 91' lang='lat' dir='ltr'><strong>et</strong></span> <span class='ocrx_word' id='word_1_165' title='bbox 514 1929 547 1987; x_wconf 85' lang='lat' dir='ltr'><strong>S.</strong></span> <span class='ocrx_word' id='word_1_166' title='bbox 564 1925 644 1986; x_wconf 91' lang='lat' dir='ltr'><strong>Polo</strong></span> <span class='ocrx_word' id='word_1_167' title='bbox 660 1926 692 1986; x_wconf 90' lang='lat' dir='ltr'><strong>et</strong></span> <span class='ocrx_word' id='word_1_168' title='bbox 713 1925 754 1985; x_wconf 93' lang='lat' dir='ltr'><strong>de</strong></span> <span class='ocrx_word' id='word_1_169' title='bbox 769 1926 870 1995; x_wconf 87' lang='lat' dir='ltr'><strong>Roca,</strong></span> <span class='ocrx_word' id='word_1_170' title='bbox 888 1923 920 1983; x_wconf 93' lang='lat' dir='ltr'><strong>et</strong></span> <span class='ocrx_word' id='word_1_171' title='bbox 1015 1918 1160 1979; x_wconf 87' lang='lat' dir='ltr'><strong>Dilectus</strong></span> <span class='ocrx_word' id='word_1_172' title='bbox 1177 1919 1594 1988; x_wconf 86' lang='lat' dir='ltr'><strong>tiliusClemensdiaconus</strong></span> <span class='ocrx_word' id='word_1_173' title='bbox 1607 1928 1770 1993; x_wconf 85' lang='lat' dir='ltr'><strong>innostra</strong></span> 
     </span>
     <span class='ocr_line' id='line_1_20' title="bbox 122 2017 1770 2102; baseline 0.002 -16"><span class='ocrx_word' id='word_1_174' title='bbox 122 2025 167 2087; x_wconf 86' lang='lat' dir='ltr'><strong>de</strong></span> <span class='ocrx_word' id='word_1_175' title='bbox 181 2024 371 2086; x_wconf 87' lang='lat' dir='ltr'><strong>tenimentis</strong></span> <span class='ocrx_word' id='word_1_176' title='bbox 378 2038 506 2094; x_wconf 87' lang='lat' dir='ltr'><strong>eorum,</strong></span> <span class='ocrx_word' id='word_1_177' title='bbox 523 2023 721 2084; x_wconf 84' lang='lat' dir='ltr'><strong>inconcussa</strong></span> <span class='ocrx_word' id='word_1_178' title='bbox 734 2022 918 2093; x_wconf 84' lang='lat' dir='ltr'><strong>serventur,</strong></span> <span class='ocrx_word' id='word_1_179' title='bbox 976 2017 1147 2091; x_wconf 84' lang='lat' dir='ltr'><strong>proposuit</strong></span> <span class='ocrx_word' id='word_1_180' title='bbox 1161 2020 1340 2093; x_wconf 87' lang='lat' dir='ltr'><strong>praesentia</strong></span> <span class='ocrx_word' id='word_1_181' title='bbox 1355 2023 1564 2096; x_wconf 89' lang='lat' dir='ltr'><strong>constitutus,</strong></span> <span class='ocrx_word' id='word_1_182' title='bbox 1588 2028 1674 2102; x_wconf 91' lang='lat' dir='ltr'><strong>quod</strong></span> <span class='ocrx_word' id='word_1_183' title='bbox 1694 2044 1770 2090; x_wconf 88' lang='lat' dir='ltr'><strong>cum</strong></span> 
     </span>
     <span class='ocr_line' id='line_1_21' title="bbox 119 2112 1772 2200; baseline 0 -16"><span class='ocrx_word' id='word_1_184' title='bbox 119 2122 167 2184; x_wconf 88' lang='lat' dir='ltr'><strong>ad</strong></span> <span class='ocrx_word' id='word_1_185' title='bbox 182 2123 265 2184; x_wconf 90' lang='lat' dir='ltr'><strong>alias</strong></span> <span class='ocrx_word' id='word_1_186' title='bbox 280 2121 540 2191; x_wconf 89' lang='lat' dir='ltr'><strong>veroeoclesias,</strong></span> <span class='ocrx_word' id='word_1_187' title='bbox 557 2135 640 2197; x_wconf 88' lang='lat' dir='ltr'><strong>quas</strong></span> <span class='ocrx_word' id='word_1_188' title='bbox 657 2118 748 2189; x_wconf 91' lang='lat' dir='ltr'><strong>alibi,</strong></span> <span class='ocrx_word' id='word_1_189' title='bbox 766 2134 864 2196; x_wconf 87' lang='lat' dir='ltr'><strong>quam</strong></span> <span class='ocrx_word' id='word_1_190' title='bbox 885 2117 920 2177; x_wconf 92' lang='lat' dir='ltr'><strong>in</strong></span> <span class='ocrx_word' id='word_1_191' title='bbox 975 2112 1159 2172; x_wconf 87' lang='lat' dir='ltr'><strong>venerabili</strong></span> <span class='ocrx_word' id='word_1_192' title='bbox 1174 2114 1269 2175; x_wconf 82' lang='lat' dir='ltr'><strong>tratri</strong></span> <span class='ocrx_word' id='word_1_193' title='bbox 1288 2118 1438 2179; x_wconf 90' lang='lat' dir='ltr'><strong>nostro...</strong></span> <span class='ocrx_word' id='word_1_194' title='bbox 1459 2121 1652 2182; x_wconf 89' lang='lat' dir='ltr'><strong>Laudunen.</strong></span> <span class='ocrx_word' id='word_1_195' title='bbox 1679 2125 1772 2200; x_wconf 88' lang='lat' dir='ltr'><strong>epis-</strong></span> 
     </span>
     <span class='ocr_line' id='line_1_22' title="bbox 122 2209 1770 2298; baseline 0.002 -18"><span class='ocrx_word' id='word_1_196' title='bbox 122 2219 295 2298; x_wconf 86' lang='lat' dir='ltr'><strong>praedictis</strong></span> <span class='ocrx_word' id='word_1_197' title='bbox 317 2218 399 2280; x_wconf 88' lang='lat' dir='ltr'><strong>locis</strong></span> <span class='ocrx_word' id='word_1_198' title='bbox 419 2220 532 2280; x_wconf 88' lang='lat' dir='ltr'><strong>tenent</strong></span> <span class='ocrx_word' id='word_1_199' title='bbox 551 2215 702 2278; x_wconf 88' lang='lat' dir='ltr'><strong>canonici</strong></span> <span class='ocrx_word' id='word_1_200' title='bbox 726 2215 763 2275; x_wconf 93' lang='lat' dir='ltr'><strong>in</strong></span> <span class='ocrx_word' id='word_1_201' title='bbox 786 2215 920 2276; x_wconf 79' lang='lat' dir='ltr'><strong>dioecesi</strong></span> <span class='ocrx_word' id='word_1_202' title='bbox 976 2209 1770 2290; x_wconf 86' lang='lat' dir='ltr'><strong>copo(l)nostrisdederimuslitterisinmandatis</strong></span> 
     </span>
     <span class='ocr_line' id='line_1_23' title="bbox 124 2307 1769 2395; baseline 0.001 -17"><span class='ocrx_word' id='word_1_203' title='bbox 124 2315 316 2387; x_wconf 77' lang='lat' dir='ltr'><strong>sabinensi,</strong></span> <span class='ocrx_word' id='word_1_204' title='bbox 332 2316 364 2379; x_wconf 89' lang='lat' dir='ltr'><strong>et</strong></span> <span class='ocrx_word' id='word_1_205' title='bbox 378 2330 452 2392; x_wconf 84' lang='lat' dir='ltr'><strong>quae</strong></span> <span class='ocrx_word' id='word_1_206' title='bbox 463 2314 618 2392; x_wconf 90' lang='lat' dir='ltr'><strong>populum</strong></span> <span class='ocrx_word' id='word_1_207' title='bbox 630 2312 765 2384; x_wconf 90' lang='lat' dir='ltr'><strong>babent,</strong></span> <span class='ocrx_word' id='word_1_208' title='bbox 780 2311 879 2374; x_wconf 90' lang='lat' dir='ltr'><strong>etiam</strong></span> <span class='ocrx_word' id='word_1_209' title='bbox 893 2311 920 2372; x_wconf 91' lang='lat' dir='ltr'><strong>si</strong></span> <span class='ocrx_word' id='word_1_210' title='bbox 977 2308 1013 2367; x_wconf 88' lang='lat' dir='ltr'><strong>ut</strong></span> <span class='ocrx_word' id='word_1_211' title='bbox 1027 2307 1132 2368; x_wconf 87' lang='lat' dir='ltr'><strong>eidem</strong></span> <span class='ocrx_word' id='word_1_212' title='bbox 1149 2310 1289 2371; x_wconf 87' lang='lat' dir='ltr'><strong>ecclesia</strong></span> <span class='ocrx_word' id='word_1_213' title='bbox 1305 2313 1417 2372; x_wconf 85' lang='lat' dir='ltr'><strong>Sancti</strong></span> <span class='ocrx_word' id='word_1_214' title='bbox 1437 2314 1600 2375; x_wconf 79' lang='lat' dir='ltr'><strong>lobannis</strong></span> <span class='ocrx_word' id='word_1_215' title='bbox 1617 2315 1651 2376; x_wconf 95' lang='lat' dir='ltr'><strong>in</strong></span> <span class='ocrx_word' id='word_1_216' title='bbox 1664 2317 1769 2395; x_wconf 80' lang='lat' dir='ltr'><strong>burgo</strong></span> 
     </span>
     <span class='ocr_line' id='line_1_24' title="bbox 125 2405 1771 2484; baseline 0.001 -8"><span class='ocrx_word' id='word_1_217' title='bbox 125 2413 281 2476; x_wconf 83' lang='lat' dir='ltr'><strong>canonici</strong></span> <span class='ocrx_word' id='word_1_218' title='bbox 297 2429 355 2475; x_wconf 88' lang='lat' dir='ltr'><strong>eos</strong></span> <span class='ocrx_word' id='word_1_219' title='bbox 376 2413 412 2473; x_wconf 90' lang='lat' dir='ltr'><strong>in</strong></span> <span class='ocrx_word' id='word_1_220' title='bbox 425 2411 558 2473; x_wconf 84' lang='lat' dir='ltr'><strong>seudum</strong></span> <span class='ocrx_word' id='word_1_221' title='bbox 573 2412 718 2483; x_wconf 87' lang='lat' dir='ltr'><strong>teneant,</strong></span> <span class='ocrx_word' id='word_1_222' title='bbox 737 2412 769 2471; x_wconf 91' lang='lat' dir='ltr'><strong>et</strong></span> <span class='ocrx_word' id='word_1_223' title='bbox 783 2409 824 2470; x_wconf 90' lang='lat' dir='ltr'><strong>ad</strong></span> <span class='ocrx_word' id='word_1_224' title='bbox 838 2409 922 2470; x_wconf 88' lang='lat' dir='ltr'><strong>alias</strong></span> <span class='ocrx_word' id='word_1_225' title='bbox 977 2405 1120 2467; x_wconf 84' lang='lat' dir='ltr'><strong>civitatis</strong></span> <span class='ocrx_word' id='word_1_226' title='bbox 1136 2406 1328 2468; x_wconf 84' lang='lat' dir='ltr'><strong>Laudunen.</strong></span> <span class='ocrx_word' id='word_1_227' title='bbox 1344 2411 1534 2484; x_wconf 86' lang='lat' dir='ltr'><strong>provideret</strong></span> <span class='ocrx_word' id='word_1_228' title='bbox 1554 2413 1589 2472; x_wconf 89' lang='lat' dir='ltr'><strong>in</strong></span> <span class='ocrx_word' id='word_1_229' title='bbox 1607 2413 1771 2478; x_wconf 86' lang='lat' dir='ltr'><strong>beneflcio</strong></span> 
     </span>
     <span class='ocr_line' id='line_1_25' title="bbox 121 2503 1773 2590; baseline 0.002 -18"><span class='ocrx_word' id='word_1_230' title='bbox 121 2526 259 2590; x_wconf 77' lang='lat' dir='ltr'><strong>quoque</strong></span> <span class='ocrx_word' id='word_1_231' title='bbox 275 2511 431 2586; x_wconf 90' lang='lat' dir='ltr'><strong>populum</strong></span> <span class='ocrx_word' id='word_1_232' title='bbox 459 2525 525 2570; x_wconf 91' lang='lat' dir='ltr'><strong>non</strong></span> <span class='ocrx_word' id='word_1_233' title='bbox 542 2508 676 2578; x_wconf 88' lang='lat' dir='ltr'><strong>habeut,</strong></span> <span class='ocrx_word' id='word_1_234' title='bbox 703 2507 737 2569; x_wconf 87' lang='lat' dir='ltr'><strong>et</strong></span> <span class='ocrx_word' id='word_1_235' title='bbox 758 2523 839 2583; x_wconf 89' lang='lat' dir='ltr'><strong>quas</strong></span> <span class='ocrx_word' id='word_1_236' title='bbox 858 2507 921 2582; x_wconf 88' lang='lat' dir='ltr'><strong>ipsi</strong></span> <span class='ocrx_word' id='word_1_237' title='bbox 977 2503 1216 2579; x_wconf 87' lang='lat' dir='ltr'><strong>praebendali...</strong></span> <span class='ocrx_word' id='word_1_238' title='bbox 1229 2504 1347 2567; x_wconf 91' lang='lat' dir='ltr'><strong>abbate</strong></span> <span class='ocrx_word' id='word_1_239' title='bbox 1356 2522 1394 2568; x_wconf 92' lang='lat' dir='ltr'><strong>ac</strong></span> <span class='ocrx_word' id='word_1_240' title='bbox 1405 2509 1516 2584; x_wconf 88' lang='lat' dir='ltr'><strong>priore</strong></span> <span class='ocrx_word' id='word_1_241' title='bbox 1531 2511 1643 2572; x_wconf 88' lang='lat' dir='ltr'><strong>Sancti</strong></span> <span class='ocrx_word' id='word_1_242' title='bbox 1651 2513 1773 2577; x_wconf 87' lang='lat' dir='ltr'><strong>Johan·</strong></span> 
     </span>
     <span class='ocr_line' id='line_1_26' title="bbox 123 2600 1774 2688; baseline 0.001 -17"><span class='ocrx_word' id='word_1_243' title='bbox 123 2608 283 2671; x_wconf 84' lang='lat' dir='ltr'><strong>canonici</strong></span> <span class='ocrx_word' id='word_1_244' title='bbox 298 2622 364 2670; x_wconf 92' lang='lat' dir='ltr'><strong>non</strong></span> <span class='ocrx_word' id='word_1_245' title='bbox 378 2607 493 2669; x_wconf 90' lang='lat' dir='ltr'><strong>tenent</strong></span> <span class='ocrx_word' id='word_1_246' title='bbox 507 2607 542 2666; x_wconf 94' lang='lat' dir='ltr'><strong>in</strong></span> <span class='ocrx_word' id='word_1_247' title='bbox 555 2605 688 2666; x_wconf 84' lang='lat' dir='ltr'><strong>feudum</strong></span> <span class='ocrx_word' id='word_1_248' title='bbox 703 2605 802 2666; x_wconf 88' lang='lat' dir='ltr'><strong>iidem</strong></span> <span class='ocrx_word' id='word_1_249' title='bbox 817 2604 923 2665; x_wconf 87' lang='lat' dir='ltr'><strong>archi·</strong></span> <span class='ocrx_word' id='word_1_250' title='bbox 978 2600 1029 2660; x_wconf 87' lang='lat' dir='ltr'><strong>nis</strong></span> <span class='ocrx_word' id='word_1_251' title='bbox 1041 2600 1077 2660; x_wconf 89' lang='lat' dir='ltr'><strong>in</strong></span> <span class='ocrx_word' id='word_1_252' title='bbox 1087 2601 1212 2673; x_wconf 83' lang='lat' dir='ltr'><strong>Vincis,</strong></span> <span class='ocrx_word' id='word_1_253' title='bbox 1226 2604 1291 2663; x_wconf 90' lang='lat' dir='ltr'><strong>et...</strong></span> <span class='ocrx_word' id='word_1_254' title='bbox 1306 2603 1431 2666; x_wconf 88' lang='lat' dir='ltr'><strong>decano</strong></span> <span class='ocrx_word' id='word_1_255' title='bbox 1445 2607 1656 2670; x_wconf 78' lang='lat' dir='ltr'><strong>suessionen.</strong></span> <span class='ocrx_word' id='word_1_256' title='bbox 1673 2627 1774 2688; x_wconf 90' lang='lat' dir='ltr'><strong>super</strong></span> 
     </span>
     <span class='ocr_line' id='line_1_27' title="bbox 125 2698 1772 2784; baseline 0.002 -18"><span class='ocrx_word' id='word_1_257' title='bbox 125 2704 343 2784; x_wconf 69' lang='lat' dir='ltr'><strong>presbvteret</strong></span> <span class='ocrx_word' id='word_1_258' title='bbox 353 2704 505 2766; x_wconf 89' lang='lat' dir='ltr'><strong>canonici</strong></span> <span class='ocrx_word' id='word_1_259' title='bbox 516 2701 921 2779; x_wconf 87' lang='lat' dir='ltr'><strong>clericospraesentabunt,</strong></span> <span class='ocrx_word' id='word_1_260' title='bbox 978 2698 1040 2758; x_wconf 85' lang='lat' dir='ltr'><strong>lroc</strong></span> <span class='ocrx_word' id='word_1_261' title='bbox 1065 2698 1128 2758; x_wconf 92' lang='lat' dir='ltr'><strong>sibi</strong></span> <span class='ocrx_word' id='word_1_262' title='bbox 1154 2701 1373 2761; x_wconf 90' lang='lat' dir='ltr'><strong>monitoribus</strong></span> <span class='ocrx_word' id='word_1_263' title='bbox 1398 2702 1573 2778; x_wconf 89' lang='lat' dir='ltr'><strong>deputatis,</strong></span> <span class='ocrx_word' id='word_1_264' title='bbox 1599 2705 1686 2768; x_wconf 92' lang='lat' dir='ltr'><strong>idem</strong></span> <span class='ocrx_word' id='word_1_265' title='bbox 1705 2709 1772 2769; x_wconf 88' lang='lat' dir='ltr'><strong>tam</strong></span> 
     </span>
     <span class='ocr_line' id='line_1_28' title="bbox 122 2795 1774 2881; baseline 0.001 -17"><span class='ocrx_word' id='word_1_266' title='bbox 122 2803 171 2864; x_wconf 87' lang='lat' dir='ltr'><strong>ab</strong></span> <span class='ocrx_word' id='word_1_267' title='bbox 196 2802 277 2881; x_wconf 88' lang='lat' dir='ltr'><strong>ipsis</strong></span> <span class='ocrx_word' id='word_1_268' title='bbox 299 2801 449 2863; x_wconf 87' lang='lat' dir='ltr'><strong>ecclesiis</strong></span> <span class='ocrx_word' id='word_1_269' title='bbox 477 2801 629 2877; x_wconf 72' lang='lat' dir='ltr'><strong>quamam</strong></span> <span class='ocrx_word' id='word_1_270' title='bbox 658 2799 871 2868; x_wconf 87' lang='lat' dir='ltr'><strong>decimarum,</strong></span> <span class='ocrx_word' id='word_1_271' title='bbox 892 2800 925 2857; x_wconf 90' lang='lat' dir='ltr'><strong>et</strong></span> <span class='ocrx_word' id='word_1_272' title='bbox 979 2795 1651 2874; x_wconf 88' lang='lat' dir='ltr'><strong>mandatumuostrum,quameorumdem</strong></span> <span class='ocrx_word' id='word_1_273' title='bbox 1665 2806 1774 2866; x_wconf 91' lang='lat' dir='ltr'><strong>moni-</strong></span> 
     </span>
     <span class='ocr_line' id='line_1_29' title="bbox 128 2892 1772 2976; baseline 0.001 -16"><span class='ocrx_word' id='word_1_274' title='bbox 128 2900 402 2969; x_wconf 85' lang='lat' dir='ltr'><strong>mortuariorum,</strong></span> <span class='ocrx_word' id='word_1_275' title='bbox 419 2899 451 2960; x_wconf 92' lang='lat' dir='ltr'><strong>et</strong></span> <span class='ocrx_word' id='word_1_276' title='bbox 472 2897 601 2960; x_wconf 87' lang='lat' dir='ltr'><strong>sedium</strong></span> <span class='ocrx_word' id='word_1_277' title='bbox 619 2895 785 2972; x_wconf 87' lang='lat' dir='ltr'><strong>recepturi</strong></span> <span class='ocrx_word' id='word_1_278' title='bbox 799 2896 832 2956; x_wconf 93' lang='lat' dir='ltr'><strong>et</strong></span> <span class='ocrx_word' id='word_1_279' title='bbox 847 2909 925 2971; x_wconf 95' lang='lat' dir='ltr'><strong>pro-</strong></span> <span class='ocrx_word' id='word_1_280' title='bbox 980 2895 1088 2952; x_wconf 91' lang='lat' dir='ltr'><strong>torum</strong></span> <span class='ocrx_word' id='word_1_281' title='bbox 1100 2892 1299 2955; x_wconf 89' lang='lat' dir='ltr'><strong>monitiones</strong></span> <span class='ocrx_word' id='word_1_282' title='bbox 1317 2896 1543 2969; x_wconf 89' lang='lat' dir='ltr'><strong>pertransiens</strong></span> <span class='ocrx_word' id='word_1_283' title='bbox 1556 2914 1638 2961; x_wconf 90' lang='lat' dir='ltr'><strong>aure</strong></span> <span class='ocrx_word' id='word_1_284' title='bbox 1659 2901 1772 2976; x_wconf 88' lang='lat' dir='ltr'><strong>surda,</strong></span> 
     </span>
     <span class='ocr_line' id='line_1_30' title="bbox 129 2988 1775 3070; baseline 0.002 -13"><span class='ocrx_word' id='word_1_285' title='bbox 129 2995 305 3057; x_wconf 89' lang='lat' dir='ltr'><strong>curabitur</strong></span> <span class='ocrx_word' id='word_1_286' title='bbox 320 3011 405 3055; x_wconf 87' lang='lat' dir='ltr'><strong>unus</strong></span> <span class='ocrx_word' id='word_1_287' title='bbox 419 2995 610 3062; x_wconf 89' lang='lat' dir='ltr'><strong>canonicus,</strong></span> <span class='ocrx_word' id='word_1_288' title='bbox 627 2993 684 3070; x_wconf 85' lang='lat' dir='ltr'><strong>qui</strong></span> <span class='ocrx_word' id='word_1_289' title='bbox 694 2993 736 3053; x_wconf 91' lang='lat' dir='ltr'><strong>ad</strong></span> <span class='ocrx_word' id='word_1_290' title='bbox 747 2992 854 3053; x_wconf 91' lang='lat' dir='ltr'><strong>locum</strong></span> <span class='ocrx_word' id='word_1_291' title='bbox 865 3006 924 3069; x_wconf 92' lang='lat' dir='ltr'><strong>pro</strong></span> <span class='ocrx_word' id='word_1_292' title='bbox 978 2988 1012 3048; x_wconf 90' lang='lat' dir='ltr'><strong>id</strong></span> <span class='ocrx_word' id='word_1_293' title='bbox 1028 2988 1161 3050; x_wconf 84' lang='lat' dir='ltr'><strong>elucere</strong></span> <span class='ocrx_word' id='word_1_294' title='bbox 1176 2991 1478 3061; x_wconf 86' lang='lat' dir='ltr'><strong>noncuravit,licet</strong></span> <span class='ocrx_word' id='word_1_295' title='bbox 1488 2995 1528 3054; x_wconf 89' lang='lat' dir='ltr'><strong>ad</strong></span> <span class='ocrx_word' id='word_1_296' title='bbox 1544 2995 1606 3056; x_wconf 89' lang='lat' dir='ltr'><strong>hcc</strong></span> <span class='ocrx_word' id='word_1_297' title='bbox 1617 2996 1775 3061; x_wconf 89' lang='lat' dir='ltr'><strong>obtulerit</strong></span> 
     </span>
     <span class='ocr_line' id='line_1_31' title="bbox 129 3085 1775 3168; baseline 0.003 -15"><span class='ocrx_word' id='word_1_298' title='bbox 129 3093 201 3154; x_wconf 88' lang='lat' dir='ltr'><strong>illis</strong></span> <span class='ocrx_word' id='word_1_299' title='bbox 227 3092 420 3168; x_wconf 78' lang='lat' dir='ltr'><strong>colligendis</strong></span> <span class='ocrx_word' id='word_1_300' title='bbox 449 3092 595 3153; x_wconf 81' lang='lat' dir='ltr'><strong>accedet</strong></span> <span class='ocrx_word' id='word_1_301' title='bbox 620 3092 745 3168; x_wconf 85' lang='lat' dir='ltr'><strong>Hisque</strong></span> <span class='ocrx_word' id='word_1_302' title='bbox 779 3088 925 3151; x_wconf 89' lang='lat' dir='ltr'><strong>conteuti</strong></span> <span class='ocrx_word' id='word_1_303' title='bbox 981 3102 1017 3147; x_wconf 86' lang='lat' dir='ltr'><strong>se</strong></span> <span class='ocrx_word' id='word_1_304' title='bbox 1027 3085 1179 3157; x_wconf 82' lang='lat' dir='ltr'><strong>facultas,</strong></span> <span class='ocrx_word' id='word_1_305' title='bbox 1190 3088 1276 3149; x_wconf 88' lang='lat' dir='ltr'><strong>sicut</strong></span> <span class='ocrx_word' id='word_1_306' title='bbox 1288 3089 1486 3151; x_wconf 89' lang='lat' dir='ltr'><strong>monitorum</strong></span> <span class='ocrx_word' id='word_1_307' title='bbox 1496 3091 1644 3167; x_wconf 91' lang='lat' dir='ltr'><strong>ipsorum</strong></span> <span class='ocrx_word' id='word_1_308' title='bbox 1655 3094 1775 3158; x_wconf 84' lang='lat' dir='ltr'><strong>oblatae</strong></span> 
     </span>
     <span class='ocr_line' id='line_1_32' title="bbox 128 3183 1776 3259; baseline 0.002 -9"><span class='ocrx_word' id='word_1_309' title='bbox 128 3191 289 3251; x_wconf 80' lang='lat' dir='ltr'><strong>existent.</strong></span> <span class='ocrx_word' id='word_1_310' title='bbox 318 3191 445 3251; x_wconf 85' lang='lat' dir='ltr'><strong>Caetera</strong></span> <span class='ocrx_word' id='word_1_311' title='bbox 477 3204 568 3259; x_wconf 86' lang='lat' dir='ltr'><strong>veru,</strong></span> <span class='ocrx_word' id='word_1_312' title='bbox 591 3188 755 3249; x_wconf 90' lang='lat' dir='ltr'><strong>institutio</strong></span> <span class='ocrx_word' id='word_1_313' title='bbox 781 3186 923 3257; x_wconf 87' lang='lat' dir='ltr'><strong>scilicet,</strong></span> <span class='ocrx_word' id='word_1_314' title='bbox 980 3183 1076 3244; x_wconf 91' lang='lat' dir='ltr'><strong>uobis</strong></span> <span class='ocrx_word' id='word_1_315' title='bbox 1090 3185 1212 3246; x_wconf 87' lang='lat' dir='ltr'><strong>litterae</strong></span> <span class='ocrx_word' id='word_1_316' title='bbox 1221 3185 1444 3247; x_wconf 89' lang='lat' dir='ltr'><strong>continebant.</strong></span> <span class='ocrx_word' id='word_1_317' title='bbox 1456 3188 1549 3249; x_wconf 88' lang='lat' dir='ltr'><strong>Unde</strong></span> <span class='ocrx_word' id='word_1_318' title='bbox 1560 3189 1654 3251; x_wconf 91' lang='lat' dir='ltr'><strong>nobis</strong></span> <span class='ocrx_word' id='word_1_319' title='bbox 1664 3191 1776 3254; x_wconf 90' lang='lat' dir='ltr'><strong>humi·</strong></span> 
     </span>
     <span class='ocr_line' id='line_1_33' title="bbox 128 3281 1776 3364; baseline 0 -16"><span class='ocrx_word' id='word_1_320' title='bbox 128 3289 167 3348; x_wconf 90' lang='lat' dir='ltr'><strong>et</strong></span> <span class='ocrx_word' id='word_1_321' title='bbox 177 3285 357 3357; x_wconf 86' lang='lat' dir='ltr'><strong>destitutio,</strong></span> <span class='ocrx_word' id='word_1_322' title='bbox 369 3287 542 3357; x_wconf 88' lang='lat' dir='ltr'><strong>correctio,</strong></span> <span class='ocrx_word' id='word_1_323' title='bbox 556 3285 865 3355; x_wconf 85' lang='lat' dir='ltr'><strong>excommunicatio,</strong></span> <span class='ocrx_word' id='word_1_324' title='bbox 877 3284 926 3344; x_wconf 90' lang='lat' dir='ltr'><strong>in·</strong></span> <span class='ocrx_word' id='word_1_325' title='bbox 981 3281 1058 3343; x_wconf 91' lang='lat' dir='ltr'><strong>liter</strong></span> <span class='ocrx_word' id='word_1_326' title='bbox 1070 3283 1270 3359; x_wconf 89' lang='lat' dir='ltr'><strong>supplicavit</strong></span> <span class='ocrx_word' id='word_1_327' title='bbox 1284 3284 1320 3344; x_wconf 93' lang='lat' dir='ltr'><strong>ut</strong></span> <span class='ocrx_word' id='word_1_328' title='bbox 1332 3283 1417 3360; x_wconf 86' lang='lat' dir='ltr'><strong>quod</strong></span> <span class='ocrx_word' id='word_1_329' title='bbox 1433 3285 1473 3345; x_wconf 93' lang='lat' dir='ltr'><strong>de</strong></span> <span class='ocrx_word' id='word_1_330' title='bbox 1489 3285 1561 3363; x_wconf 92' lang='lat' dir='ltr'><strong>ipso</strong></span> <span class='ocrx_word' id='word_1_331' title='bbox 1575 3288 1638 3364; x_wconf 86' lang='lat' dir='ltr'><strong>piae</strong></span> <span class='ocrx_word' id='word_1_332' title='bbox 1654 3305 1776 3353; x_wconf 87' lang='lat' dir='ltr'><strong>conce·</strong></span> 
     </span>
     <span class='ocr_line' id='line_1_34' title="bbox 129 3380 1777 3460; baseline 0.002 -14"><span class='ocrx_word' id='word_1_333' title='bbox 129 3383 299 3453; x_wconf 90' lang='lat' dir='ltr'><strong>terdictio,</strong></span> <span class='ocrx_word' id='word_1_334' title='bbox 315 3383 349 3444; x_wconf 93' lang='lat' dir='ltr'><strong>et</strong></span> <span class='ocrx_word' id='word_1_335' title='bbox 367 3383 435 3445; x_wconf 88' lang='lat' dir='ltr'><strong>alia</strong></span> <span class='ocrx_word' id='word_1_336' title='bbox 456 3383 658 3460; x_wconf 91' lang='lat' dir='ltr'><strong>episcopalia</strong></span> <span class='ocrx_word' id='word_1_337' title='bbox 668 3385 747 3458; x_wconf 80' lang='lat' dir='ltr'><strong>jura</strong></span> <span class='ocrx_word' id='word_1_338' title='bbox 770 3382 813 3443; x_wconf 91' lang='lat' dir='ltr'><strong>ad</strong></span> <span class='ocrx_word' id='word_1_339' title='bbox 834 3383 927 3458; x_wconf 90' lang='lat' dir='ltr'><strong>epis·</strong></span> <span class='ocrx_word' id='word_1_340' title='bbox 982 3381 1089 3456; x_wconf 91' lang='lat' dir='ltr'><strong>pimus</strong></span> <span class='ocrx_word' id='word_1_341' title='bbox 1118 3380 1307 3442; x_wconf 82' lang='lat' dir='ltr'><strong>executioni</strong></span> <span class='ocrx_word' id='word_1_342' title='bbox 1334 3381 1485 3442; x_wconf 86' lang='lat' dir='ltr'><strong>mandari</strong></span> <span class='ocrx_word' id='word_1_343' title='bbox 1515 3385 1777 3449; x_wconf 88' lang='lat' dir='ltr'><strong>misericorditer</strong></span> 
     </span>
     <span class='ocr_line' id='line_1_35' title="bbox 130 3476 1777 3561; baseline 0.001 -18"><span class='ocrx_word' id='word_1_344' title='bbox 130 3496 254 3557; x_wconf 86' lang='lat' dir='ltr'><strong>copuru</strong></span> <span class='ocrx_word' id='word_1_345' title='bbox 268 3479 499 3541; x_wconf 80' lang='lat' dir='ltr'><strong>tantummodo</strong></span> <span class='ocrx_word' id='word_1_346' title='bbox 515 3479 735 3556; x_wconf 89' lang='lat' dir='ltr'><strong>pertinebunt,</strong></span> <span class='ocrx_word' id='word_1_347' title='bbox 755 3478 800 3540; x_wconf 90' lang='lat' dir='ltr'><strong>ita</strong></span> <span class='ocrx_word' id='word_1_348' title='bbox 817 3481 927 3539; x_wconf 89' lang='lat' dir='ltr'><strong>tamen</strong></span> <span class='ocrx_word' id='word_1_349' title='bbox 982 3476 1177 3539; x_wconf 85' lang='lat' dir='ltr'><strong>taceremus.</strong></span> <span class='ocrx_word' id='word_1_350' title='bbox 1201 3478 1358 3557; x_wconf 81' lang='lat' dir='ltr'><strong>Nolentes</strong></span> <span class='ocrx_word' id='word_1_351' title='bbox 1383 3479 1486 3554; x_wconf 82' lang='lat' dir='ltr'><strong>igitur</strong></span> <span class='ocrx_word' id='word_1_352' title='bbox 1504 3482 1590 3558; x_wconf 90' lang='lat' dir='ltr'><strong>quod</strong></span> <span class='ocrx_word' id='word_1_353' title='bbox 1612 3483 1653 3543; x_wconf 91' lang='lat' dir='ltr'><strong>de</strong></span> <span class='ocrx_word' id='word_1_354' title='bbox 1671 3483 1777 3561; x_wconf 84' lang='lat' dir='ltr'><strong>ipsius</strong></span> 
     </span>
     <span class='ocr_line' id='line_1_36' title="bbox 132 3574 1778 3654; baseline 0.004 -18"><span class='ocrx_word' id='word_1_355' title='bbox 132 3577 222 3654; x_wconf 89' lang='lat' dir='ltr'><strong>quod</strong></span> <span class='ocrx_word' id='word_1_356' title='bbox 251 3578 280 3638; x_wconf 92' lang='lat' dir='ltr'><strong>si</strong></span> <span class='ocrx_word' id='word_1_357' title='bbox 307 3576 422 3638; x_wconf 88' lang='lat' dir='ltr'><strong>clerici</strong></span> <span class='ocrx_word' id='word_1_358' title='bbox 444 3577 662 3638; x_wconf 88' lang='lat' dir='ltr'><strong>ecclesiarum</strong></span> <span class='ocrx_word' id='word_1_359' title='bbox 684 3575 831 3652; x_wconf 91' lang='lat' dir='ltr'><strong>ipsarum</strong></span> <span class='ocrx_word' id='word_1_360' title='bbox 856 3574 928 3635; x_wconf 91' lang='lat' dir='ltr'><strong>sub·</strong></span> <span class='ocrx_word' id='word_1_361' title='bbox 983 3577 1016 3636; x_wconf 80' lang='grc' dir='ltr'><strong>Ο.</strong></span> <span class='ocrx_word' id='word_1_362' title='bbox 1025 3575 1216 3652; x_wconf 79' lang='lat' dir='ltr'><strong>provisione</strong></span> <span class='ocrx_word' id='word_1_363' title='bbox 1225 3575 1419 3652; x_wconf 86' lang='lat' dir='ltr'><strong>incoepimus</strong></span> <span class='ocrx_word' id='word_1_364' title='bbox 1428 3580 1778 3654; x_wconf 88' lang='lat' dir='ltr'><strong>propterDeumrelin·</strong></span> 
     </span>
     <span class='ocr_line' id='line_1_37' title="bbox 130 3672 1778 3756; baseline 0.003 -20"><span class='ocrx_word' id='word_1_365' title='bbox 130 3676 306 3737; x_wconf 80' lang='lat' dir='ltr'><strong>traherent</strong></span> <span class='ocrx_word' id='word_1_366' title='bbox 333 3674 503 3737; x_wconf 89' lang='lat' dir='ltr'><strong>canonicis</strong></span> <span class='ocrx_word' id='word_1_367' title='bbox 523 3673 648 3750; x_wconf 88' lang='lat' dir='ltr'><strong>aliquid</strong></span> <span class='ocrx_word' id='word_1_368' title='bbox 675 3673 715 3735; x_wconf 91' lang='lat' dir='ltr'><strong>de</strong></span> <span class='ocrx_word' id='word_1_369' title='bbox 748 3672 927 3748; x_wconf 83' lang='lat' dir='ltr'><strong>praedictis,</strong></span> <span class='ocrx_word' id='word_1_370' title='bbox 983 3688 1084 3750; x_wconf 87' lang='lat' dir='ltr'><strong>quere</strong></span> <span class='ocrx_word' id='word_1_371' title='bbox 1112 3672 1326 3748; x_wconf 82' lang='lat' dir='ltr'><strong>inexpletum,</strong></span> <span class='ocrx_word' id='word_1_372' title='bbox 1357 3673 1548 3735; x_wconf 89' lang='lat' dir='ltr'><strong>discretioni</strong></span> <span class='ocrx_word' id='word_1_373' title='bbox 1572 3678 1691 3739; x_wconf 87' lang='lat' dir='ltr'><strong>vestrae</strong></span> <span class='ocrx_word' id='word_1_374' title='bbox 1718 3695 1778 3756; x_wconf 88' lang='lat' dir='ltr'><strong>per</strong></span> 
     </span>
     <span class='ocr_line' id='line_1_38' title="bbox 131 3769 1775 3850; baseline 0.002 -17"><span class='ocrx_word' id='word_1_375' title='bbox 131 3788 210 3850; x_wconf 84' lang='lat' dir='ltr'><strong>quae</strong></span> <span class='ocrx_word' id='word_1_376' title='bbox 223 3773 387 3849; x_wconf 88' lang='lat' dir='ltr'><strong>pertinent</strong></span> <span class='ocrx_word' id='word_1_377' title='bbox 396 3773 437 3833; x_wconf 92' lang='lat' dir='ltr'><strong>ad</strong></span> <span class='ocrx_word' id='word_1_378' title='bbox 447 3770 591 3839; x_wconf 88' lang='lat' dir='ltr'><strong>eosdem,</strong></span> <span class='ocrx_word' id='word_1_379' title='bbox 604 3770 705 3831; x_wconf 87' lang='lat' dir='ltr'><strong>liceat</strong></span> <span class='ocrx_word' id='word_1_380' title='bbox 715 3770 784 3831; x_wconf 88' lang='lat' dir='ltr'><strong>illis</strong></span> <span class='ocrx_word' id='word_1_381' title='bbox 797 3785 855 3830; x_wconf 89' lang='lat' dir='ltr'><strong>eos</strong></span> <span class='ocrx_word' id='word_1_382' title='bbox 870 3784 930 3845; x_wconf 88' lang='lat' dir='ltr'><strong>per</strong></span> <span class='ocrx_word' id='word_1_383' title='bbox 984 3770 1172 3847; x_wconf 77' lang='lat' dir='ltr'><strong>Apostolica</strong></span> <span class='ocrx_word' id='word_1_384' title='bbox 1188 3769 1309 3846; x_wconf 89' lang='lat' dir='ltr'><strong>scripta</strong></span> <span class='ocrx_word' id='word_1_385' title='bbox 1326 3771 1549 3847; x_wconf 85' lang='lat' dir='ltr'><strong>praecipiendo</strong></span> <span class='ocrx_word' id='word_1_386' title='bbox 1570 3774 1775 3848; x_wconf 90' lang='lat' dir='ltr'><strong>mandamus,</strong></span> 
     </span>
     <span class='ocr_line' id='line_1_39' title="bbox 134 3866 1779 3948; baseline 0.002 -17"><span class='ocrx_word' id='word_1_387' title='bbox 134 3869 514 3931; x_wconf 86' lang='lat' dir='ltr'><strong>excommunicationem</strong></span> <span class='ocrx_word' id='word_1_388' title='bbox 536 3869 570 3929; x_wconf 89' lang='lat' dir='ltr'><strong>et</strong></span> <span class='ocrx_word' id='word_1_389' title='bbox 586 3867 796 3928; x_wconf 87' lang='lat' dir='ltr'><strong>interdictum</strong></span> <span class='ocrx_word' id='word_1_390' title='bbox 812 3881 930 3943; x_wconf 76' lang='lat' dir='ltr'><strong>cogere</strong></span> <span class='ocrx_word' id='word_1_391' title='bbox 984 3868 1148 3945; x_wconf 84' lang='lat' dir='ltr'><strong>quatenus</strong></span> <span class='ocrx_word' id='word_1_392' title='bbox 1156 3866 1329 3943; x_wconf 85' lang='lat' dir='ltr'><strong>praetatum</strong></span> <span class='ocrx_word' id='word_1_393' title='bbox 1338 3867 1528 3944; x_wconf 89' lang='lat' dir='ltr'><strong>episcopum</strong></span> <span class='ocrx_word' id='word_1_394' title='bbox 1541 3870 1576 3930; x_wconf 92' lang='lat' dir='ltr'><strong>ut</strong></span> <span class='ocrx_word' id='word_1_395' title='bbox 1586 3870 1779 3948; x_wconf 85' lang='lat' dir='ltr'><strong>eidemjux-</strong></span> 
     </span>
     <span class='ocr_line' id='line_1_40' title="bbox 136 3963 1779 4050; baseline 0.002 -23"><span class='ocrx_word' id='word_1_396' title='bbox 136 3968 175 4027; x_wconf 93' lang='lat' dir='ltr'><strong>in</strong></span> <span class='ocrx_word' id='word_1_397' title='bbox 190 3966 254 4028; x_wconf 91' lang='lat' dir='ltr'><strong>hoc</strong></span> <span class='ocrx_word' id='word_1_398' title='bbox 268 3981 361 4037; x_wconf 89' lang='lat' dir='ltr'><strong>casu,</strong></span> <span class='ocrx_word' id='word_1_399' title='bbox 377 3966 412 4026; x_wconf 90' lang='lat' dir='ltr'><strong>in</strong></span> <span class='ocrx_word' id='word_1_400' title='bbox 432 3965 508 4026; x_wconf 89' lang='lat' dir='ltr'><strong>aliis</strong></span> <span class='ocrx_word' id='word_1_401' title='bbox 529 3979 609 4025; x_wconf 89' lang='lat' dir='ltr'><strong>vero</strong></span> <span class='ocrx_word' id='word_1_402' title='bbox 629 3963 772 4035; x_wconf 88' lang='lat' dir='ltr'><strong>casibus,</strong></span> <span class='ocrx_word' id='word_1_403' title='bbox 790 3979 857 4025; x_wconf 95' lang='lat' dir='ltr'><strong>non</strong></span> <span class='ocrx_word' id='word_1_404' title='bbox 875 3965 929 4024; x_wconf 89' lang='lat' dir='ltr'><strong>te·-</strong></span> <span class='ocrx_word' id='word_1_405' title='bbox 984 3966 1019 4025; x_wconf 88' lang='lat' dir='ltr'><strong>ta</strong></span> <span class='ocrx_word' id='word_1_406' title='bbox 1034 3963 1155 4042; x_wconf 88' lang='lat' dir='ltr'><strong>prioris</strong></span> <span class='ocrx_word' id='word_1_407' title='bbox 1166 3964 1312 4025; x_wconf 89' lang='lat' dir='ltr'><strong>mandati</strong></span> <span class='ocrx_word' id='word_1_408' title='bbox 1326 3965 1433 4025; x_wconf 90' lang='lat' dir='ltr'><strong>nostri</strong></span> <span class='ocrx_word' id='word_1_409' title='bbox 1447 3968 1607 4050; x_wconf 83' lang='lat' dir='ltr'><strong>tenorem,</strong></span> <span class='ocrx_word' id='word_1_410' title='bbox 1627 3984 1693 4029; x_wconf 90' lang='lat' dir='ltr'><strong>non</strong></span> <span class='ocrx_word' id='word_1_411' title='bbox 1706 3969 1779 4031; x_wconf 89' lang='lat' dir='ltr'><strong>obs·</strong></span> 
     </span>
     <span class='ocr_line' id='line_1_41' title="bbox 136 4061 1779 4140; baseline 0.002 -15"><span class='ocrx_word' id='word_1_412' title='bbox 136 4064 281 4125; x_wconf 85' lang='lat' dir='ltr'><strong>ncantur</strong></span> <span class='ocrx_word' id='word_1_413' title='bbox 294 4063 396 4124; x_wconf 89' lang='lat' dir='ltr'><strong>iidem</strong></span> <span class='ocrx_word' id='word_1_414' title='bbox 411 4061 526 4125; x_wconf 85' lang='lat' dir='ltr'><strong>clerici</strong></span> <span class='ocrx_word' id='word_1_415' title='bbox 541 4061 731 4122; x_wconf 90' lang='lat' dir='ltr'><strong>eorumdem</strong></span> <span class='ocrx_word' id='word_1_416' title='bbox 745 4076 932 4123; x_wconf 88' lang='lat' dir='ltr'><strong>excommu·</strong></span> <span class='ocrx_word' id='word_1_417' title='bbox 985 4064 1076 4125; x_wconf 91' lang='lat' dir='ltr'><strong>tante</strong></span> <span class='ocrx_word' id='word_1_418' title='bbox 1110 4061 1327 4136; x_wconf 80' lang='lat' dir='ltr'><strong>indulgentia,</strong></span> <span class='ocrx_word' id='word_1_419' title='bbox 1361 4079 1460 4140; x_wconf 86' lang='lat' dir='ltr'><strong>quam</strong></span> <span class='ocrx_word' id='word_1_420' title='bbox 1488 4064 1562 4139; x_wconf 88' lang='lat' dir='ltr'><strong>post</strong></span> <span class='ocrx_word' id='word_1_421' title='bbox 1587 4066 1779 4129; x_wconf 89' lang='lat' dir='ltr'><strong>mandatum</strong></span> 
     </span>
     <span class='ocr_line' id='line_1_42' title="bbox 136 4158 1780 4240; baseline 0.002 -18"><span class='ocrx_word' id='word_1_422' title='bbox 136 4161 413 4231; x_wconf 83' lang='lat' dir='ltr'><strong>manicationem,</strong></span> <span class='ocrx_word' id='word_1_423' title='bbox 441 4160 495 4219; x_wconf 90' lang='lat' dir='ltr'><strong>vel</strong></span> <span class='ocrx_word' id='word_1_424' title='bbox 527 4158 737 4221; x_wconf 88' lang='lat' dir='ltr'><strong>interdictum</strong></span> <span class='ocrx_word' id='word_1_425' title='bbox 775 4174 930 4231; x_wconf 85' lang='lat' dir='ltr'><strong>servare;</strong></span> <span class='ocrx_word' id='word_1_426' title='bbox 987 4163 1135 4223; x_wconf 90' lang='lat' dir='ltr'><strong>nostrum</strong></span> <span class='ocrx_word' id='word_1_427' title='bbox 1148 4159 1212 4236; x_wconf 88' lang='lat' dir='ltr'><strong>ipsi</strong></span> <span class='ocrx_word' id='word_1_428' title='bbox 1227 4160 1382 4237; x_wconf 90' lang='lat' dir='ltr'><strong>episcopo</strong></span> <span class='ocrx_word' id='word_1_429' title='bbox 1396 4178 1496 4238; x_wconf 89' lang='lat' dir='ltr'><strong>super</strong></span> <span class='ocrx_word' id='word_1_430' title='bbox 1508 4163 1655 4240; x_wconf 82' lang='lat' dir='ltr'><strong>ejusdem</strong></span> <span class='ocrx_word' id='word_1_431' title='bbox 1666 4164 1780 4226; x_wconf 90' lang='lat' dir='ltr'><strong>clerici</strong></span> 
     </span>
     <span class='ocr_line' id='line_1_43' title="bbox 137 4256 1781 4338; baseline 0.002 -18"><span class='ocrx_word' id='word_1_432' title='bbox 137 4258 339 4335; x_wconf 87' lang='lat' dir='ltr'><strong>ubicumque</strong></span> <span class='ocrx_word' id='word_1_433' title='bbox 366 4261 477 4319; x_wconf 88' lang='lat' dir='ltr'><strong>autem</strong></span> <span class='ocrx_word' id='word_1_434' title='bbox 508 4256 543 4316; x_wconf 94' lang='lat' dir='ltr'><strong>in</strong></span> <span class='ocrx_word' id='word_1_435' title='bbox 577 4256 815 4333; x_wconf 90' lang='lat' dir='ltr'><strong>compositione</strong></span> <span class='ocrx_word' id='word_1_436' title='bbox 841 4271 932 4332; x_wconf 73' lang='lat' dir='ltr'><strong>prae·</strong></span> <span class='ocrx_word' id='word_1_437' title='bbox 988 4259 1177 4337; x_wconf 86' lang='lat' dir='ltr'><strong>provisione</strong></span> <span class='ocrx_word' id='word_1_438' title='bbox 1211 4257 1383 4330; x_wconf 87' lang='lat' dir='ltr'><strong>directum,</strong></span> <span class='ocrx_word' id='word_1_439' title='bbox 1418 4260 1524 4321; x_wconf 90' lang='lat' dir='ltr'><strong>dictus</strong></span> <span class='ocrx_word' id='word_1_440' title='bbox 1558 4262 1732 4338; x_wconf 88' lang='lat' dir='ltr'><strong>episcopus</strong></span> <span class='ocrx_word' id='word_1_441' title='bbox 1760 4279 1781 4324; x_wconf 89' lang='lat' dir='ltr'><strong>a</strong></span> 
     </span>
     <span class='ocr_line' id='line_1_44' title="bbox 138 4353 1782 4435; baseline 0.003 -18"><span class='ocrx_word' id='word_1_442' title='bbox 138 4357 225 4419; x_wconf 89' lang='lat' dir='ltr'><strong>senti</strong></span> <span class='ocrx_word' id='word_1_443' title='bbox 245 4356 368 4417; x_wconf 87' lang='lat' dir='ltr'><strong>dicitur</strong></span> <span class='ocrx_word' id='word_1_444' title='bbox 388 4353 513 4431; x_wconf 85' lang='lat' dir='ltr'><strong>aliquid</strong></span> <span class='ocrx_word' id='word_1_445' title='bbox 537 4368 611 4414; x_wconf 89' lang='lat' dir='ltr'><strong>esse</strong></span> <span class='ocrx_word' id='word_1_446' title='bbox 638 4369 659 4414; x_wconf 88' lang='lat' dir='ltr'><strong>a</strong></span> <span class='ocrx_word' id='word_1_447' title='bbox 684 4355 854 4416; x_wconf 88' lang='lat' dir='ltr'><strong>canonicis</strong></span> <span class='ocrx_word' id='word_1_448' title='bbox 878 4354 932 4415; x_wconf 87' lang='lat' dir='ltr'><strong>ia·</strong></span> <span class='ocrx_word' id='word_1_449' title='bbox 989 4355 1084 4419; x_wconf 86' lang='lat' dir='ltr'><strong>nobis</strong></span> <span class='ocrx_word' id='word_1_450' title='bbox 1108 4371 1150 4416; x_wconf 90' lang='lat' dir='ltr'><strong>ne</strong></span> <span class='ocrx_word' id='word_1_451' title='bbox 1171 4355 1259 4415; x_wconf 81' lang='lat' dir='ltr'><strong>iutra</strong></span> <span class='ocrx_word' id='word_1_452' title='bbox 1287 4357 1454 4417; x_wconf 89' lang='lat' dir='ltr'><strong>triennum</strong></span> <span class='ocrx_word' id='word_1_453' title='bbox 1476 4358 1579 4419; x_wconf 89' lang='lat' dir='ltr'><strong>alicui</strong></span> <span class='ocrx_word' id='word_1_454' title='bbox 1606 4361 1782 4435; x_wconf 89' lang='lat' dir='ltr'><strong>providere</strong></span> 
     </span>
     <span class='ocr_line' id='line_1_45' title="bbox 136 4451 1780 4532; baseline 0.001 -17"><span class='ocrx_word' id='word_1_455' title='bbox 136 4454 313 4524; x_wconf 87' lang='lat' dir='ltr'><strong>ciendum,</strong></span> <span class='ocrx_word' id='word_1_456' title='bbox 340 4452 472 4514; x_wconf 86' lang='lat' dir='ltr'><strong>sivein</strong></span> <span class='ocrx_word' id='word_1_457' title='bbox 501 4451 833 4523; x_wconf 84' lang='lat' dir='ltr'><strong>excommunicando,</strong></span> <span class='ocrx_word' id='word_1_458' title='bbox 863 4453 934 4513; x_wconf 91' lang='lat' dir='ltr'><strong>sive</strong></span> <span class='ocrx_word' id='word_1_459' title='bbox 990 4469 1047 4532; x_wconf 90' lang='lat' dir='ltr'><strong>per</strong></span> <span class='ocrx_word' id='word_1_460' title='bbox 1059 4452 1569 4529; x_wconf 74' lang='lat' dir='ltr'><strong>litterasapostolicasteneatur,</strong></span> <span class='ocrx_word' id='word_1_461' title='bbox 1582 4454 1704 4517; x_wconf 89' lang='lat' dir='ltr'><strong>dicitur</strong></span> <span class='ocrx_word' id='word_1_462' title='bbox 1714 4457 1780 4516; x_wconf 91' lang='lat' dir='ltr'><strong>im·</strong></span> 
     </span>
     <span class='ocr_line' id='line_1_46' title="bbox 139 4547 1782 4629; baseline 0.002 -17"><span class='ocrx_word' id='word_1_463' title='bbox 139 4548 379 4619; x_wconf 88' lang='lat' dir='ltr'><strong>interdicendo,</strong></span> <span class='ocrx_word' id='word_1_464' title='bbox 400 4563 460 4609; x_wconf 89' lang='lat' dir='ltr'><strong>seu</strong></span> <span class='ocrx_word' id='word_1_465' title='bbox 473 4549 509 4608; x_wconf 92' lang='lat' dir='ltr'><strong>in</strong></span> <span class='ocrx_word' id='word_1_466' title='bbox 523 4547 732 4622; x_wconf 82' lang='lat' dir='ltr'><strong>corrigendo,</strong></span> <span class='ocrx_word' id='word_1_467' title='bbox 748 4549 794 4610; x_wconf 86' lang='lat' dir='ltr'><strong>ita</strong></span> <span class='ocrx_word' id='word_1_468' title='bbox 808 4549 935 4610; x_wconf 88' lang='lat' dir='ltr'><strong>intelli·</strong></span> <span class='ocrx_word' id='word_1_469' title='bbox 989 4549 1192 4629; x_wconf 85' lang='lat' dir='ltr'><strong>patrasse,in</strong></span> <span class='ocrx_word' id='word_1_470' title='bbox 1211 4549 1420 4626; x_wconf 81' lang='lat' dir='ltr'><strong>praefata,vel</strong></span> <span class='ocrx_word' id='word_1_471' title='bbox 1443 4552 1480 4610; x_wconf 94' lang='lat' dir='ltr'><strong>in</strong></span> <span class='ocrx_word' id='word_1_472' title='bbox 1490 4551 1601 4628; x_wconf 86' lang='lat' dir='ltr'><strong>aliqua</strong></span> <span class='ocrx_word' id='word_1_473' title='bbox 1616 4551 1782 4628; x_wconf 79' lang='lat' dir='ltr'><strong>praedictat</strong></span> 
     </span>
     <span class='ocr_line' id='line_1_47' title="bbox 138 4645 1783 4725; baseline 0.003 -17"><span class='ocrx_word' id='word_1_474' title='bbox 138 4650 251 4723; x_wconf 79' lang='lat' dir='ltr'><strong>gatar,</strong></span> <span class='ocrx_word' id='word_1_475' title='bbox 271 4648 308 4707; x_wconf 93' lang='lat' dir='ltr'><strong>ut</strong></span> <span class='ocrx_word' id='word_1_476' title='bbox 328 4645 484 4706; x_wconf 88' lang='lat' dir='ltr'><strong>videlicet</strong></span> <span class='ocrx_word' id='word_1_477' title='bbox 501 4645 533 4705; x_wconf 90' lang='lat' dir='ltr'><strong>id</strong></span> <span class='ocrx_word' id='word_1_478' title='bbox 559 4645 617 4706; x_wconf 78' lang='lat' dir='ltr'><strong>flat</strong></span> <span class='ocrx_word' id='word_1_479' title='bbox 636 4645 678 4705; x_wconf 91' lang='lat' dir='ltr'><strong>ab</strong></span> <span class='ocrx_word' id='word_1_480' title='bbox 698 4645 934 4724; x_wconf 81' lang='lat' dir='ltr'><strong>archipresby·</strong></span> <span class='ocrx_word' id='word_1_481' title='bbox 989 4650 1134 4711; x_wconf 90' lang='lat' dir='ltr'><strong>civitatis</strong></span> <span class='ocrx_word' id='word_1_482' title='bbox 1158 4648 1300 4709; x_wconf 88' lang='lat' dir='ltr'><strong>ecclesie</strong></span> <span class='ocrx_word' id='word_1_483' title='bbox 1328 4663 1427 4724; x_wconf 76' lang='lat' dir='ltr'><strong>quiam</strong></span> <span class='ocrx_word' id='word_1_484' title='bbox 1455 4649 1562 4725; x_wconf 91' lang='lat' dir='ltr'><strong>primo</strong></span> <span class='ocrx_word' id='word_1_485' title='bbox 1585 4665 1621 4710; x_wconf 90' lang='lat' dir='ltr'><strong>se</strong></span> <span class='ocrx_word' id='word_1_486' title='bbox 1643 4648 1783 4714; x_wconf 81' lang='lat' dir='ltr'><strong>facultas</strong></span> 
     </span>
     <span class='ocr_line' id='line_1_48' title="bbox 139 4741 1784 4823; baseline 0.002 -17"><span class='ocrx_word' id='word_1_487' title='bbox 139 4750 224 4815; x_wconf 87' lang='lat' dir='ltr'><strong>tero,</strong></span> <span class='ocrx_word' id='word_1_488' title='bbox 241 4748 277 4804; x_wconf 91' lang='lat' dir='ltr'><strong>et</strong></span> <span class='ocrx_word' id='word_1_489' title='bbox 289 4742 446 4820; x_wconf 86' lang='lat' dir='ltr'><strong>capitula,</strong></span> <span class='ocrx_word' id='word_1_490' title='bbox 461 4741 515 4803; x_wconf 87' lang='lat' dir='ltr'><strong>vel</strong></span> <span class='ocrx_word' id='word_1_491' title='bbox 531 4743 650 4818; x_wconf 88' lang='lat' dir='ltr'><strong>majori</strong></span> <span class='ocrx_word' id='word_1_492' title='bbox 665 4745 758 4818; x_wconf 87' lang='lat' dir='ltr'><strong>parte</strong></span> <span class='ocrx_word' id='word_1_493' title='bbox 770 4743 884 4819; x_wconf 89' lang='lat' dir='ltr'><strong>ipsius.</strong></span> <span class='ocrx_word' id='word_1_494' title='bbox 896 4746 937 4806; x_wconf 88' lang='lat' dir='ltr'><strong>ut</strong></span> <span class='ocrx_word' id='word_1_495' title='bbox 990 4745 1146 4809; x_wconf 90' lang='lat' dir='ltr'><strong>obtulerit</strong></span> <span class='ocrx_word' id='word_1_496' title='bbox 1160 4743 1332 4822; x_wconf 89' lang='lat' dir='ltr'><strong>provideat</strong></span> <span class='ocrx_word' id='word_1_497' title='bbox 1356 4743 1391 4804; x_wconf 93' lang='lat' dir='ltr'><strong>in</strong></span> <span class='ocrx_word' id='word_1_498' title='bbox 1405 4743 1568 4806; x_wconf 77' lang='lat' dir='ltr'><strong>beneficio</strong></span> <span class='ocrx_word' id='word_1_499' title='bbox 1580 4745 1784 4823; x_wconf 87' lang='lat' dir='ltr'><strong>praebendali</strong></span> 
     </span>
     <span class='ocr_line' id='line_1_49' title="bbox 139 4839 1785 4922; baseline 0.002 -19"><span class='ocrx_word' id='word_1_500' title='bbox 139 4844 253 4903; x_wconf 86' lang='lat' dir='ltr'><strong>autern</strong></span> <span class='ocrx_word' id='word_1_501' title='bbox 278 4840 351 4901; x_wconf 84' lang='lat' dir='ltr'><strong>baec</strong></span> <span class='ocrx_word' id='word_1_502' title='bbox 367 4839 562 4916; x_wconf 86' lang='lat' dir='ltr'><strong>compositio</strong></span> <span class='ocrx_word' id='word_1_503' title='bbox 585 4839 687 4900; x_wconf 86' lang='lat' dir='ltr'><strong>robur</strong></span> <span class='ocrx_word' id='word_1_504' title='bbox 699 4839 844 4903; x_wconf 86' lang='lat' dir='ltr'><strong>obtineat</strong></span> <span class='ocrx_word' id='word_1_505' title='bbox 859 4858 937 4918; x_wconf 87' lang='lat' dir='ltr'><strong>per·</strong></span> <span class='ocrx_word' id='word_1_506' title='bbox 990 4845 1031 4906; x_wconf 88' lang='lat' dir='ltr'><strong>ad</strong></span> <span class='ocrx_word' id='word_1_507' title='bbox 1059 4847 1131 4922; x_wconf 88' lang='lat' dir='ltr'><strong>ejus</strong></span> <span class='ocrx_word' id='word_1_508' title='bbox 1161 4841 1373 4904; x_wconf 89' lang='lat' dir='ltr'><strong>donationem</strong></span> <span class='ocrx_word' id='word_1_509' title='bbox 1404 4842 1591 4918; x_wconf 82' lang='lat' dir='ltr'><strong>spectante„</strong></span> <span class='ocrx_word' id='word_1_510' title='bbox 1621 4845 1785 4907; x_wconf 84' lang='lat' dir='ltr'><strong>moneatis</strong></span> 
     </span>
     <span class='ocr_line' id='line_1_50' title="bbox 139 4936 1796 5020; baseline 0.006 -25"><span class='ocrx_word' id='word_1_511' title='bbox 139 4941 249 5017; x_wconf 79' lang='lat' dir='ltr'><strong>potura</strong></span> <span class='ocrx_word' id='word_1_512' title='bbox 268 4936 449 5005; x_wconf 78' lang='lat' dir='ltr'><strong>firmitatis,</strong></span> <span class='ocrx_word' id='word_1_513' title='bbox 464 4937 557 4997; x_wconf 86' lang='lat' dir='ltr'><strong>illam</strong></span> <span class='ocrx_word' id='word_1_514' title='bbox 573 4937 769 4999; x_wconf 88' lang='lat' dir='ltr'><strong>auctoritate</strong></span> <span class='ocrx_word' id='word_1_515' title='bbox 790 4942 934 5015; x_wconf 79' lang='lat' dir='ltr'><strong>aposto-</strong></span> <span class='ocrx_word' id='word_1_516' title='bbox 991 4942 1179 5020; x_wconf 90' lang='lat' dir='ltr'><strong>prudenter,</strong></span> <span class='ocrx_word' id='word_1_517' title='bbox 1197 4942 1230 5002; x_wconf 88' lang='lat' dir='ltr'><strong>et</strong></span> <span class='ocrx_word' id='word_1_518' title='bbox 1248 4938 1428 5000; x_wconf 86' lang='lat' dir='ltr'><strong>elticaciter</strong></span> <span class='ocrx_word' id='word_1_519' title='bbox 1451 4940 1630 5002; x_wconf 88' lang='lat' dir='ltr'><strong>inducatis.</strong></span> <span class='ocrx_word' id='word_1_520' title='bbox 1648 4942 1738 5015; x_wconf 91' lang='lat' dir='ltr'><strong>Quod</strong></span> <span class='ocrx_word' id='word_1_521' title='bbox 1754 4942 1796 5005; x_wconf 88' lang='lat' dir='ltr'><strong>si.</strong></span> 
     </span>
     <span class='ocr_line' id='line_1_51' title="bbox 139 5034 1784 5117; baseline 0.001 -19"><span class='ocrx_word' id='word_1_522' title='bbox 139 5039 206 5099; x_wconf 90' lang='lat' dir='ltr'><strong>lica</strong></span> <span class='ocrx_word' id='word_1_523' title='bbox 220 5034 689 5111; x_wconf 72' lang='lat' dir='ltr'><strong>confirmamusetpraasentis</strong></span> <span class='ocrx_word' id='word_1_524' title='bbox 700 5036 814 5113; x_wconf 89' lang='lat' dir='ltr'><strong>scripti</strong></span> <span class='ocrx_word' id='word_1_525' title='bbox 824 5038 938 5112; x_wconf 89' lang='lat' dir='ltr'><strong>patro·</strong></span> <span class='ocrx_word' id='word_1_526' title='bbox 991 5039 1168 5117; x_wconf 87' lang='lat' dir='ltr'><strong>praedictus</strong></span> <span class='ocrx_word' id='word_1_527' title='bbox 1183 5037 1369 5115; x_wconf 87' lang='lat' dir='ltr'><strong>episcopus,</strong></span> <span class='ocrx_word' id='word_1_528' title='bbox 1382 5039 1563 5099; x_wconf 90' lang='lat' dir='ltr'><strong>monitione</strong></span> <span class='ocrx_word' id='word_1_529' title='bbox 1574 5041 1683 5100; x_wconf 88' lang='lat' dir='ltr'><strong>vestra</strong></span> <span class='ocrx_word' id='word_1_530' title='bbox 1699 5054 1784 5100; x_wconf 93' lang='lat' dir='ltr'><strong>con-</strong></span> 
     </span>
     <span class='ocr_line' id='line_1_52' title="bbox 139 5132 1785 5213; baseline 0.002 -18"><span class='ocrx_word' id='word_1_531' title='bbox 139 5134 231 5196; x_wconf 91' lang='lat' dir='ltr'><strong>ciuio</strong></span> <span class='ocrx_word' id='word_1_532' title='bbox 244 5132 495 5194; x_wconf 87' lang='lat' dir='ltr'><strong>communimus.</strong></span> <span class='ocrx_word' id='word_1_533' title='bbox 512 5132 605 5192; x_wconf 92' lang='lat' dir='ltr'><strong>Nulli</strong></span> <span class='ocrx_word' id='word_1_534' title='bbox 618 5147 708 5207; x_wconf 82' lang='lat' dir='ltr'><strong>ergo,</strong></span> <span class='ocrx_word' id='word_1_535' title='bbox 720 5135 796 5204; x_wconf 82' lang='lat' dir='ltr'><strong>etc,</strong></span> <span class='ocrx_word' id='word_1_536' title='bbox 813 5138 936 5197; x_wconf 85' lang='lat' dir='ltr'><strong>nostrae</strong></span> <span class='ocrx_word' id='word_1_537' title='bbox 991 5138 1124 5213; x_wconf 87' lang='lat' dir='ltr'><strong>tempta,</strong></span> <span class='ocrx_word' id='word_1_538' title='bbox 1142 5135 1174 5196; x_wconf 94' lang='lat' dir='ltr'><strong>id</strong></span> <span class='ocrx_word' id='word_1_539' title='bbox 1191 5150 1256 5195; x_wconf 91' lang='lat' dir='ltr'><strong>non</strong></span> <span class='ocrx_word' id='word_1_540' title='bbox 1274 5135 1442 5195; x_wconf 87' lang='lat' dir='ltr'><strong>curaverit</strong></span> <span class='ocrx_word' id='word_1_541' title='bbox 1463 5134 1655 5212; x_wconf 87' lang='lat' dir='ltr'><strong>adimplere,</strong></span> <span class='ocrx_word' id='word_1_542' title='bbox 1669 5151 1727 5196; x_wconf 90' lang='lat' dir='ltr'><strong>vos</strong></span> <span class='ocrx_word' id='word_1_543' title='bbox 1742 5153 1785 5198; x_wconf 86' lang='lat' dir='ltr'><strong>ex</strong></span> 
     </span>
    </p>
   </div>
   <div class='ocr_carea' id='block_1_3' title="bbox 139 5304 1787 5511">
    <p class='ocr_par' dir='ltr' id='par_1_11' title="bbox 139 5304 1787 5511">
     <span class='ocr_line' id='line_1_53' title="bbox 178 5304 1787 5435; baseline 0.004 -71"><span class='ocrx_word' id='word_1_544' title='bbox 178 5308 222 5381; x_wconf 82' lang='lat' dir='ltr'><strong>(i)</strong></span> <span class='ocrx_word' id='word_1_545' title='bbox 241 5306 384 5390; x_wconf 72' lang='lat' dir='ltr'><strong>b&#39;evtque</strong></span> <span class='ocrx_word' id='word_1_546' title='bbox 398 5304 433 5363; x_wconf 93' lang='lat' dir='ltr'><strong>de</strong></span> <span class='ocrx_word' id='word_1_547' title='bbox 448 5308 525 5364; x_wconf 88' lang='lat' dir='ltr'><strong>Laon</strong></span> <span class='ocrx_word' id='word_1_548' title='bbox 540 5305 609 5363; x_wconf 92' lang='lat' dir='ltr'><strong>dont</strong></span> <span class='ocrx_word' id='word_1_549' title='bbox 628 5308 646 5363; x_wconf 92' lang='lat' dir='ltr'><strong>il</strong></span> <span class='ocrx_word' id='word_1_550' title='bbox 661 5315 708 5391; x_wconf 34' lang='lat' dir='ltr'><strong>est.</strong></span> <span class='ocrx_word' id='word_1_551' title='bbox 719 5311 850 5435; x_wconf 43' lang='lat' dir='ltr'><strong>question</strong></span> <span class='ocrx_word' id='word_1_552' title='bbox 865 5312 937 5371; x_wconf 87' lang='lat' dir='ltr'><strong>daus</strong></span> <span class='ocrx_word' id='word_1_553' title='bbox 991 5311 1066 5369; x_wconf 79' lang='lat' dir='ltr'><strong>cuti.</strong></span> <span class='ocrx_word' id='word_1_554' title='bbox 1079 5311 1197 5398; x_wconf 63' lang='lat' dir='ltr'><strong>dirui,</strong></span> <span class='ocrx_word' id='word_1_555' title='bbox 1214 5318 1235 5367; x_wconf 91' lang='lat' dir='ltr'><strong>t.</strong></span> <span class='ocrx_word' id='word_1_556' title='bbox 1251 5311 1302 5379; x_wconf 81' lang='lat' dir='ltr'><strong>lx,</strong></span> <span class='ocrx_word' id='word_1_557' title='bbox 1317 5310 1372 5368; x_wconf 91' lang='lat' dir='ltr'><strong>col.</strong></span> <span class='ocrx_word' id='word_1_558' title='bbox 1387 5309 1451 5378; x_wconf 81' lang='lat'><strong>537,</strong></span> <span class='ocrx_word' id='word_1_559' title='bbox 1467 5317 1495 5367; x_wconf 86' lang='lat' dir='ltr'><strong>et</strong></span> <span class='ocrx_word' id='word_1_560' title='bbox 1510 5310 1557 5382; x_wconf 80' lang='lat' dir='ltr'><strong>qui</strong></span> <span class='ocrx_word' id='word_1_561' title='bbox 1571 5309 1670 5383; x_wconf 75' lang='lat' dir='ltr'><strong>sidgoa</strong></span> <span class='ocrx_word' id='word_1_562' title='bbox 1686 5310 1787 5384; x_wconf 79' lang='lat' dir='ltr'><strong>depuis</strong></span> 
     </span>
     <span class='ocr_line' id='line_1_54' title="bbox 139 5376 1302 5454; baseline -0.003 -16"><span class='ocrx_word' id='word_1_563' title='bbox 139 5388 217 5439; x_wconf 85' lang='lat' dir='ltr'><strong>cette</strong></span> <span class='ocrx_word' id='word_1_564' title='bbox 229 5379 311 5435; x_wconf 86' lang='lat' dir='ltr'><strong>lettre</strong></span> <span class='ocrx_word' id='word_1_565' title='bbox 323 5383 393 5435; x_wconf 83' lang='lat' dir='ltr'><strong>etart</strong></span> <span class='ocrx_word' id='word_1_566' title='bbox 402 5378 555 5434; x_wconf 81' lang='lat' dir='ltr'><strong>Artselntus</strong></span> <span class='ocrx_word' id='word_1_567' title='bbox 567 5376 603 5434; x_wconf 89' lang='lat' dir='ltr'><strong>de</strong></span> <span class='ocrx_word' id='word_1_568' title='bbox 615 5379 721 5447; x_wconf 81' lang='lat' dir='ltr'><strong>Manui,</strong></span> <span class='ocrx_word' id='word_1_569' title='bbox 742 5395 758 5435; x_wconf 93' lang='lat' dir='ltr'><strong>e</strong></span> <span class='ocrx_word' id='word_1_570' title='bbox 770 5393 936 5453; x_wconf 85' lang='lat' dir='ltr'><strong>cruquaute·</strong></span> <span class='ocrx_word' id='word_1_571' title='bbox 994 5383 1063 5439; x_wconf 74' lang='lat' dir='ltr'><strong>tato</strong></span> <span class='ocrx_word' id='word_1_572' title='bbox 1075 5398 1161 5454; x_wconf 74' lang='lat' dir='ltr'><strong>jusqu</strong></span> <span class='ocrx_word' id='word_1_573' title='bbox 1172 5396 1206 5438; x_wconf 84' lang='lat' dir='ltr'><strong>en</strong></span> <span class='ocrx_word' id='word_1_574' title='bbox 1225 5382 1302 5438; x_wconf 75' lang='lat'>1238.</span> 
     </span>
     <span class='ocr_line' id='line_1_55' title="bbox 140 5447 936 5511; baseline 0.004 -3"><span class='ocrx_word' id='word_1_575' title='bbox 140 5450 259 5508; x_wconf 75' lang='lat' dir='ltr'><strong>uniente</strong></span> <span class='ocrx_word' id='word_1_576' title='bbox 284 5448 352 5504; x_wconf 91' lang='lat' dir='ltr'><strong>dont</strong></span> <span class='ocrx_word' id='word_1_577' title='bbox 374 5447 481 5505; x_wconf 84' lang='lat' dir='ltr'><strong>lassent</strong></span> <span class='ocrx_word' id='word_1_578' title='bbox 503 5450 628 5505; x_wconf 86' lang='lat' dir='ltr'><strong>mention</strong></span> <span class='ocrx_word' id='word_1_579' title='bbox 653 5451 694 5505; x_wconf 81' lang='lat' dir='ltr'><strong>las</strong></span> <span class='ocrx_word' id='word_1_580' title='bbox 714 5460 829 5508; x_wconf 84' lang='lat' dir='ltr'><strong>auteurs</strong></span> <span class='ocrx_word' id='word_1_581' title='bbox 852 5453 888 5509; x_wconf 90' lang='lat' dir='ltr'><strong>de</strong></span> <span class='ocrx_word' id='word_1_582' title='bbox 911 5456 936 5511; x_wconf 89' lang='lat' dir='ltr'><strong>la</strong></span> 
     </span>
    </p>
   </div>
   <div class='ocr_carea' id='block_1_4' title="bbox 0 0 1920 6180">
    <p class='ocr_par' dir='ltr' id='par_1_12' title="bbox 0 0 1920 6180">
     <span class='ocr_line' id='line_1_56' title="bbox 0 0 1920 6180; baseline 0 0"><span class='ocrx_word' id='word_1_583' title='bbox 0 0 1920 6180; x_wconf 95' lang='lat' dir='ltr'><strong> </strong></span> 
     </span>
    </p>
   </div>
  </div>
 </body>
</html>
