3824 6180
186 323 244 383 aar
805 292 981 386 uouonu
1004 327 1048 385 111
1069 327 1217 387 ornan.
1594 314 1596 318 ‘
1772 326 1828 386 era

191 496 276 554 rum,
289 483 429 545 ecclesia
449 486 559 546 vestra
584 485 716 546 viduata
739 486 884 562 pastore,
896 500 981 546 con·
1036 483 1172 562 positos,
1183 483 1240 546 sed
1249 483 1282 546 et
1295 484 1336 546 ad
1349 485 1447 562 longe
1457 484 1582 562 posltos
1593 483 1827 548 extendamne²

189 571 334 641 tuleritis
355 582 430 643 vota
445 583 568 653 vestra,
585 582 618 644 et
640 582 821 645 electiones
841 582 980 644 tratrem
1036 597 1139 658 quare
1175 597 1312 650 necesse
1336 584 1408 655 est,
1435 583 1471 645 ut
1494 581 1708 644 imminentia
1735 582 1828 644 nobis

189 675 378 754 hujusmodi
401 677 503 740 Sedes
521 679 710 756 Apostolica
738 696 803 741 non
817 679 979 752 admittat,
1035 693 1137 739 onera
1152 678 1339 740 dividamus
1352 679 1386 740 in
1403 679 1499 751 alios,
1510 696 1584 741 cum
1600 680 1751 741 humana
1767 696 1830 741 non

188 788 227 835 ac
241 775 359 836 electio
379 774 465 838 lacta
480 776 520 837 de
539 778 653 838 eodem
669 778 770 838 tratre
785 777 899 838 contra
913 776 982 837 sor·
1036 777 1181 851 patiatur
1205 775 1391 842 infirmitas,
1414 777 1450 839 ut
1470 792 1509 838 aa
1529 779 1701 855 portemus
1717 777 1828 839 omnia

189 888 276 933 mam
285 872 386 934 inerit
396 874 535 935 Concilii
548 875 714 950 generalis
723 875 892 945 attentata,
903 874 979 952 quia
1036 887 1163 947 pernes
1179 871 1279 949 ipsos.
1292 874 1375 945 Quia
1386 873 1488 949 igitur
1499 875 1534 935 in
1545 874 1698 952 partibus
1710 875 1829 936 vestris

189 971 301 1032 tamen
323 984 383 1032 sex
406 972 571 1033 electisad
588 974 706 1050 ipsam,
721 972 832 1032 nullus
847 972 979 1032 illorum
1035 970 1137 1030 multa
1149 971 1305 1030 vitiorum
1316 971 1467 1045 germina
1485 971 1651 1048 pullulare
1673 972 1831 1033 dicuntur

163 1053 166 1060 ’
191 1069 326 1145 propter
347 1069 483 1131 nimiam
508 1071 732 1147 paupertatem
747 1070 894 1146 ejusdem
906 1085 982 1129 sus·
1035 1080 1108 1142 quae
1130 1065 1215 1128 falce
1230 1068 1405 1143 apostolici
1420 1068 1658 1130 moderaminis
1673 1071 1831 1130 convenit

189 1165 301 1243 cipere
319 1166 425 1227 voluit
444 1168 515 1244 ejus
530 1182 643 1228 curam
656 1190 663 1240 ;
676 1166 843 1228 devotioni
860 1166 979 1227 vestrae
1034 1164 1211 1239 amputari,
1221 1180 1281 1224 nos
1306 1163 1442 1240 dignum
1466 1162 1625 1227 ducentes
1653 1166 1737 1227 illuc
1764 1167 1830 1227 ali-

188 1263 343 1324 volumus
353 1279 426 1326 esse
441 1266 565 1336 notum,
583 1265 669 1342 quod
685 1265 771 1325 hanc
784 1265 980 1326 electionem
1034 1261 1184 1337 quamde
1199 1261 1303 1322 latere
1314 1264 1427 1323 nostro
1439 1263 1581 1335 mittere,
1594 1264 1783 1340 quiaspera
1796 1265 1829 1324 in

188 1360 362 1437 septimam
373 1342 528 1422 duximus
538 1361 754 1430 tolerandam,
777 1361 806 1422 si
816 1361 980 1422 industria
1034 1357 1106 1415 vias
1122 1357 1251 1432 planas,
1266 1358 1299 1418 et
1313 1358 1428 1433 pravis
1443 1358 1478 1418 ln
1495 1357 1622 1420 directa
1635 1360 1828 1422 convertat:

187 1447 286 1533 hujus
311 1457 406 1519 electi
430 1457 579 1520 eccleslae
595 1458 749 1519 videatur
763 1457 882 1529 eidem,
895 1458 981 1520 sicut
1035 1467 1112 1513 ecce
1131 1454 1284 1513 misimus
1304 1454 1423 1515 advos
1446 1455 1602 1516 dilectum
1625 1454 1732 1516 illium
1754 1472 1830 1516 ma-

186 1553 423 1626 intelleximus,
437 1556 605 1632 expedire.
624 1556 728 1628 Unde,
745 1557 823 1632 quia
842 1570 982 1617 venera·
1033 1549 1174 1624 gistrum
1195 1549 1366 1623 laconum,
1383 1552 1591 1629 capellanum
1615 1554 1649 1614 et
1663 1553 1831 1630 poenlten-

81 1666 84 1677 “
184 1650 284 1713 bilem
317 1651 452 1713 fratrem
478 1656 650 1721 nostrum,
680 1653 977 1729 vesprimiensem,
1033 1646 1168 1710 tiarium
1179 1648 1545 1725 nostrumhpostolicae
1559 1649 1655 1710 Sedis
1668 1650 1827 1726 legatum,

185 1748 294 1811 virum
310 1747 461 1809 novimus
479 1750 767 1826 circumspectum,
785 1750 905 1826 dequo
921 1749 978 1808 in·
1033 1744 1141 1805 virum
1164 1745 1305 1805 scientia
1333 1749 1366 1808 et
1391 1746 1554 1822 religione
1577 1747 1768 1824 probatum,
1799 1750 1831 1809 et

186 1844 368 1908 dubitatam
395 1846 549 1907 fiduciam
576 1847 773 1917 obtinemus,
788 1848 822 1908 et
846 1847 916 1923 ipse
938 1846 979 1906 de
1034 1841 1129 1902 nobis
1152 1857 1191 1902 ac
1211 1842 1369 1904 iratribus
1394 1845 1648 1907 nostrismerlto
1663 1861 1736 1907 suae
1751 1861 1830 1923 pro-

185 1943 368 2006 idoneitate
380 1960 529 2021 personae
538 1943 651 2004 fratris
666 1944 814 2021 ejusdem
829 1943 980 2005 notitiam
1033 1937 1146 2000 bitatis
1156 1941 1340 2017 acceptum,
1348 1957 1505 2002 concessa
1521 1941 1586 2002 sibi
1600 1941 1754 2026 plenaria
1770 1959 1829 2020 po-

187 2039 310 2102 hahere
331 2040 453 2119 poterit
475 2041 672 2118 pleniorem;
693 2040 800 2102 eidem
825 2042 980 2117 episcopo
1034 2038 1163 2108 testate,
1179 2038 1215 2098 ut
1235 2038 1356 2100 evellat
1377 2041 1410 2099 et
1430 2039 1589 2107 destruat,
1608 2040 1753 2102 aedihcet
1773 2042 1827 2102 at-

188 2137 338 2198 dedimus
364 2139 398 2199 in
427 2138 602 2204 mandatis.
623 2140 658 2199 ut
681 2138 858 2215 injungens
873 2137 978 2209 vebia,
1035 2148 1097 2209 que
1113 2134 1248 2210 plantet,
1262 2137 1359 2211 prout
1369 2140 1508 2213 quaeque
1525 2137 1706 2198 secundum
1718 2138 1827 2200 datam

187 2235 273 2313 quod
294 2236 423 2314 aliquos
436 2239 581 2297 vestrum
597 2234 637 2296 ad
658 2248 752 2296 suam
769 2235 980 2312 praesentiam
1035 2229 1132 2291 sibia
1154 2232 1221 2292 Deo
1239 2233 1447 2309 prudentiam
1464 2233 1636 2295 evellenda
1650 2235 1775 2296 viderit
1797 2237 1829 2297 et

188 2332 351 2408 dirigatis,
363 2333 419 2410 qui
434 2333 581 2394 omnium
596 2334 685 2394 vices
699 2334 833 2408 gerant3
851 2332 877 2393 si
891 2331 981 2392 vide·
1033 2326 1225 2403 plantanda.
1243 2329 1384 2407 Ideoque
1408 2329 1616 2392 universitati
1631 2333 1754 2393 vestrm
1769 2346 1827 2409 per

190 2430 247 2502 rit,
262 2431 369 2491 solum
383 2433 487 2491 Deum
507 2429 658 2491 habendo
674 2445 742 2506 prae
759 2430 876 2501 oculis,
893 2427 978 2506 quod
1034 2425 1222 2500 Apostolica
1237 2426 1361 2503 scripta
1377 2427 1599 2505 praecipiendo
1614 2429 1825 2501 mandamus,

187 2542 247 2605 per
255 2529 324 2604 jam
339 2527 463 2589 dictum
477 2527 612 2588 fratrem
626 2527 732 2587 eidem
747 2526 897 2587 ecclesiae
913 2527 981 2587 uti·
1034 2524 1196 2597 quatenus
1208 2523 1316 2599 ipsum
1332 2527 1501 2602 tamquam
1514 2526 1714 2602 Apostolicae
1729 2526 1826 2588 Sedis

191 2623 269 2684 liter
282 2623 486 2694 consulatur,
499 2623 694 2684 electionem
716 2621 838 2683 iactam
850 2622 891 2683 de
906 2623 979 2699 ipso
1033 2618 1178 2694 legatum
1211 2621 1411 2697 recipientes
1446 2622 1600 2685 hilariter
1620 2623 1653 2685 et
1688 2623 1830 2686 honeste

187 2721 378 2794 confirmet3
396 2722 428 2782 et
449 2719 480 2782 ei
503 2719 721 2797 postmodnm,
739 2734 813 2780 cum
828 2719 978 2780 ecclesiae
1033 2717 1223 2788 tractantes,
1236 2733 1276 2779 ac
1289 2719 1827 2784 reverenterintendentesetobe-

187 2819 307 2880 vestrm
322 2817 462 2878 velimus
477 2832 613 2893 parcere
629 2815 797 2877 laboribus
812 2817 846 2876 et
860 2831 980 2892 expen·
1033 2812 1161 2874 dientes
1177 2814 1295 2881 eidem,
1310 2819 1381 2892 ejus
1403 2815 1550 2878 salubria
1565 2819 1692 2880 monita
1712 2821 1746 2881 et
1758 2821 1828 2880 sta-

180 2914 245 2986 sis,
266 2929 385 2974 munus
409 2912 668 2974 consecrationis
692 2912 871 2989 impendat.
886 2913 978 2984 Quod
1032 2910 1102 2971 tuta
1127 2911 1297 2988 recipiatis
1313 2913 1483 2975 humiliter
1502 2916 1534 2976 et
1550 2914 1828 2992 irrehagnbiliter

74 3000 76 3005 ’
188 3011 217 3072 si
245 3024 420 3089 personam
456 3010 562 3088 ipsius
590 3010 699 3071 minus
725 3010 877 3071 idoneam
903 3025 978 3071 esse
1033 3005 1395 3088 observetishlioquin
1419 3012 1629 3084 sententiam,
1647 3029 1747 3090 quam
1770 3030 1865 3075 ra·-

186 3109 382 3180 constiterit,
401 3107 489 3169 idem
511 3110 696 3185 episcopus,
721 3111 793 3184 ejus
817 3107 979 3169 electione
1031 3105 1237 3168 tionabiliter
1261 3109 1375 3169 tulerit
1389 3108 1424 3169 in
1439 3109 1591 3179 rebelles,
1612 3112 1826 3188 praecipimus

187 3209 331 3278 cassata,
348 3223 421 3267 cum
434 3206 592 3283 ipsorum,
607 3206 664 3282 qui
679 3205 720 3265 ad
736 3219 811 3265 eum
825 3203 979 3266 venerint
1033 3218 1137 3279 usque
1162 3203 1203 3263 ad
1226 3205 1485 3268 satisfactionem
1499 3208 1699 3283 condignam
1722 3209 1827 3271 invio-

187 3304 338 3376 consilio,
355 3304 457 3365 alium
478 3303 628 3364 ecclesiae
644 3301 790 3379 praefatae
805 3301 976 3378 praehciat,
1032 3300 1179 3362 labiliter
1193 3300 1375 3364 observari.
1392 3305 1509 3365 Datum
1525 3305 1610 3381 apud
1625 3305 1749 3367 Urbem
1760 3309 1826 3368 Ve-

185 3403 242 3479 qui
263 3403 354 3462 tanto
379 3403 538 3475 congruat
564 3400 657 3460 oneri
673 3399 840 3461 ethonori
861 3399 976 3475 pasto·
1032 3399 1147 3470 terem,
1184 3401 1213 3459 Π
1247 3399 1408 3461 kalendas
1440 3401 1585 3479 augusti,
1611 3403 1827 3479 pontificatus

128 3486 132 3494 ¹
185 3516 267 3561 rem.
284 3501 402 3567 Datum
424 3497 509 3575 apud
529 3496 648 3558 Urbem
673 3498 836 3567 Veterem,
852 3498 895 3558 IV
908 3496 975 3557 hal.
1033 3497 1377 3574 nostriannoquinto.

187 3613 276 3674 aug„
285 3596 495 3674 pontificatus
509 3595 613 3656 nostri
627 3609 714 3655 anno
729 3593 855 3670 quinto.

1071 3668 1114 3725 In
1139 3668 1296 3726 etcmdcm
1318 3669 1457 3727 modum
1482 3666 1642 3743 scriptum
1671 3671 1726 3730 est
1751 3671 1823 3746 regi

542 3781 619 3868 VH
1032 3761 1152 3822 scotiae
1167 3777 1274 3836 usque
1288 3763 1410 3825 viderit
1432 3768 1466 3825 et
1477 3764 1668 3840 plantanda.
1691 3770 1824 3828 Deinde

213 3920 265 3979 Aa
286 3917 568 3990 archiepiscopos,
591 3917 777 3988 episcopos,
798 3914 947 3984 abbates,
1030 3861 1285 3933 prosequitur:
1304 3861 1446 3938 Ideoque
1483 3863 1697 3924 serenitatem
1732 3865 1823 3924 tuam

238 4018 391 4089 priores,
403 4015 435 4076 et
449 4017 534 4076 ulios
552 4013 717 4088 proeutos
726 4015 914 4073 Hiberniae.

474 4126 508 4184 31
521 4126 583 4199 iulii
600 4125 677 4182 1220.

1030 3957 1155 4017 attente
1180 3958 1362 4032 rogandam
1386 3958 1542 4018 duximus
1553 3960 1588 4020 et
1609 3959 1823 4033 hortandam,

1030 4055 1192 4130 quatenus
1209 4055 1314 4131 ipsum
1336 4056 1494 4133 tanquam
1508 4056 1709 4133 Apostolicae
1726 4058 1823 4119 Sedis

1030 4151 1174 4226 legatum
1185 4168 1244 4228 pro
1256 4153 1444 4213 reverentia
1456 4153 1545 4215 beati
1560 4155 1651 4215 Petri
1665 4156 1700 4216 et
1709 4159 1823 4217 nostra

337 4234 467 4298 [recinet.
479 4235 547 4283 ⁸⁰¹¹·
558 4232 671 4290 hibern..
684 4232 721 4289 ¹⁶⁹
730 4245 755 4281 ¹¹·
768 4229 820 4295 ³¹2]
1028 4249 1194 4324 recipiens
1206 4250 1359 4311 hilariter
1369 4252 1401 4311 et
1409 4250 1590 4312 honorilice
1599 4253 1822 4329 pertractans,

183 4333 301 4392 Mittitur
317 4332 429 4405 legatus
444 4332 524 4389 501¹ss
536 4331 708 4403 Al>0⁸¹⁰¹i⁰oe
721 4330 751 4386 1¹²
770 4329 935 4388 Hiberniam
947 4336 975 4386 ⁰¹
1029 4360 1098 4408 sca
1112 4345 1252 4407 subditis
1265 4348 1330 4408 tuis
1346 4346 1824 4412 eiobedientiametreveren·

219 4422 353 4521 scotiam,
366 4428 395 4477 et
409 4420 631 4520 'commendatur
655 4418 787 4476 llibernis
810 4426 839 4476 et
858 4419 976 4491 regibus
1028 4444 1108 4504 tiam
1123 4442 1517 4516 exhiberisaciens,siout
1528 4446 1632 4518 decet,
1649 4448 1683 4508 et
1697 4447 1824 4524 impon,

219 4512 321 4568 5⁰⁰flae
333 4516 362 4566 θ’
381 4507 533 4566 fimum·
950 4616 957 4628 ι
1028 4541 1109 4603 dens
1129 4541 1160 4601 ei
1174 4541 1350 4602 consilinm
1362 4544 1396 4604 et
1408 4543 1572 4604 auxilium
1587 4546 1820 4620 opportunum,

223 4619 389 4681 Honorius
400 4618 586 4694 episcopus,
595 4631 711 4679 serlus
722 4618 972 4685 ⁸³lV01‘11mDffl2
1027 4639 1158 4700 siceum
1167 4638 1280 4700 favore
1290 4641 1382 4715 regio
1396 4642 1619 4718 prosequaris,
1633 4643 1722 4719 quod
1735 4660 1823 4706 com·

182 4715 429 4779 venerabilibus
461 4714 618 4777 fratribus
648 4714 908 4791 archiepiscopis
941 4715 974 4775 θῖ
1027 4737 1164 4797 missum
1178 4735 1242 4797 sibi
1253 4738 1430 4812 legationis
1440 4738 1586 4800 otiicium
1601 4740 1642 4800 ad
1659 4740 1821 4803 honorem

182 4815 357 4892 episcopie,
372 4816 405 4876 et
416 4813 546 4875 dilectis
561 4813 641 4874 filiis
653 4811 839 4884 abhatibus,
856 4811 974 4889 priori·
1026 4835 1061 4895 et
1087 4833 1269 4910 profectum
1295 4837 1399 4905 tuum,
1426 4837 1460 4897 et
1487 4837 1583 4912 regni
1605 4837 1667 4909 tuq,
1683 4843 1821 4902 auctore

181 4912 242 4974 bus
257 4928 297 4974 ac
319 4912 397 4973 aliis
411 4912 630 4973 ecclesiarum
646 4910 806 4987 praelatis,
820 4910 852 4970 et
864 4910 973 4971 omni·
1027 4931 1291 5003 pomanvapeat
1301 4931 1513 4995 laudabiliter
1523 4949 1692 4996 exem-0,
1701 4938 1822 4998 Datum

180 5010 243 5071 bus
258 5010 379 5070 Christi
395 5008 547 5070 fidelibus
559 5023 619 5086 per
632 5007 827 5069 Hiberniam
848 5008 974 5069 consti-
1027 5031 1063 5091 up
1077 5045 1189 5107 suppa,

183 5108 442 5282 tuffiffiaffl
451 5108 610 5274 (efficium,
625 5202 712 5280 quod
730 5217 791 5264 nos
806 5201 971 5264 debitores
1066 5203 1109 5261 ln
1120 5203 1279 5262 eumdem
1292 5203 1431 5263 modum
1444 5202 1603 5280 scriptum
1616 5205 1668 5267 est
1684 5205 1821 5282 regibus

181 5303 351 5366 constituit
388 5301 566 5372 universis,
594 5300 755 5377 exposcit,
785 5302 820 5362 ut
848 5303 971 5362 nostrae
1027 5297 1179 5369 Ultoniae,
1191 5298 1349 5369 corcaiae,
1364 5299 1517 5374 Limrith,
1531 5303 1714 5375 connatiac,
1732 5304 1821 5376 ineu·

182 5396 416 5459 sollicitudinis
448 5395 554 5457 aciem
576 5410 643 5456 non
672 5394 779 5456 solum
803 5395 845 5455 ad
869 5410 971 5473 prope
1025 5395 1133 5455 larum
1148 5394 1285 5457 cuilibet
1297 5410 1417 5472 perse.
