3774 6186
61 288 119 348 721

61 446 855 526 detentasabipsis,sinedifilcultateacmolestia

61 545 210 622 qualibet
224 547 446 619 restituerent,
464 550 497 609 et
511 549 722 610 absolverent
741 563 855 610 omnes

61 646 102 705 de
116 646 273 707 comitatu
288 647 320 707 et
336 646 433 706 terris
449 647 617 723 praedictis
638 647 679 707 ab
697 648 787 708 omni
798 650 857 724 ju-

61 744 224 813 ramento,
239 742 391 805 districtu
403 746 436 806 et
453 744 722 820 obligationibus,
736 744 856 822 quibus

61 841 193 900 ratione
208 840 351 916 aliquus
365 842 621 919 jurisdictionis,
639 856 737 920 quam
753 843 786 902 in
807 842 856 902 eis

62 937 223 999 hactenus
244 941 474 1010 exercuerant,
500 942 695 1001 tenerentur
718 941 853 1000 eisdem.

61 1038 101 1096 Et
113 1040 323 1097 removerent
331 1037 484 1099 consules
496 1039 529 1099 11
540 1040 698 1107 rectores,
712 1037 854 1113 bajulos,

61 1135 94 1193 et
118 1133 146 1192 si
171 1149 253 1209 quos
277 1133 437 1194 officiales
463 1134 544 1211 ipsis
565 1134 807 1212 praefecerant:
824 1137 857 1196 et

61 1231 277 1291 extraherent
299 1246 522 1309 quoscumque
542 1234 722 1309 posuerant
736 1233 857 1293 deter-

62 1329 110 1387 ris
135 1327 228 1403 ipsis,
255 1330 288 1388 et
315 1328 355 1389 de
380 1332 499 1390 caetero
521 1331 712 1391 memoratis
739 1329 855 1406 capel-

61 1425 148 1485 lanis
167 1426 219 1486 vel
241 1441 355 1487 eorum
376 1427 485 1498 alteri,
512 1444 570 1488 son
596 1427 732 1488 cuilibet
758 1427 856 1487 aliia

62 1524 147 1583 Sede
173 1524 361 1600 apostolica
387 1509 553 1587 destinato
577 1526 618 1586 ad
648 1525 855 1586 retinendam

64 1622 317 1697 possessionem,
332 1637 430 1698 quam
453 1621 586 1693 liabent,
601 1624 634 1683 et
649 1637 855 1698 recuperan-

63 1718 138 1778 dam
163 1733 260 1795 quam
284 1735 349 1778 non
370 1718 501 1790 liabent,
524 1722 721 1796 praestarent
740 1720 855 1782 consi-

60 1816 154 1887 linm,
175 1816 339 1876 auxilium
364 1819 396 1877 et
418 1816 574 1878 favorem.
602 1820 641 1878 Et
660 1818 708 1877 sic
734 1817 856 1877 farctum

60 1915 121 1983 est,
139 1912 224 1989 quod
242 1913 332 1974 multi
350 1913 502 1984 barones,
516 1914 648 1985 milites,
666 1913 772 1975 etalii
788 1916 857 1974 ter·

61 2027 174 2071 rarum
197 2011 344 2087 ipsarum
369 2011 493 2071 eisdem
513 2012 696 2088 capellanis
723 2011 856 2075 nomine

60 2111 176 2169 nostro
195 2108 363 2169 fidelitatis
375 2111 564 2184 jnramenta
578 2111 784 2185 praestantes,
802 2124 857 2168 re·

60 2207 300 2281 cognoverunt,
323 2221 359 2266 se
388 2207 511 2276 omnia,
533 2222 607 2282 quae
633 2206 673 2268 de
697 2207 856 2267 comitatu

60 2302 219 2378 1111111111
250 2302 417 2375 tenebant,
443 2318 502 2379 pro
527 2306 676 2364 Romana
708 2303 854 2365 Ecclesia

58 2401 241 2477 possidere.

100 2500 221 2559 Verum
237 2498 315 2576 quia
329 2499 456 2561 nobiles
470 2499 535 2560 viri
550 2499 610 2560 tilii
625 2501 781 2562 comitum
797 2499 856 2561 11-

59 2594 145 2655 berti
159 2600 191 2656 et
207 2597 349 2666 Nerusii,
366 2598 422 2673 qni
443 2599 587 2658 castrum
604 2601 765 2673 Gonzagao
780 2614 855 2659 cum

59 2693 271 2769 pertiuentiis
289 2695 358 2754 suis
378 2693 569 2756 detinebant
586 2696 749 2766 invasum,
764 2710 854 2771 111-

52 2786 169 2850 'dictus
185 2791 407 2851 cancellarius
417 2791 465 2852 eis
481 2791 543 2851 sub
554 2807 650 2867 poena
664 2791 854 2852 1111111111-

61 2903 177 2948 carum
199 2887 354 2963 injunxit,
371 2890 406 2950 ut
420 2890 565 2949 castrum
579 2889 686 2964 ipsum
704 2888 777 2949 sine
791 2888 856 2948 dif-

60 2983 208 3046 flcultate
222 2984 369 3061 qualibet
381 2986 592 3060 resignarent
609 3007 616 3044 :
632 2985 709 3061 quia
724 2985 757 3044 id
779 2983 855 3046 efli-

59 3096 137 3142 cere
173 3085 365 3149 renuerunt,
395 3096 457 3144 nec
490 3082 668 3144 voluerunt
695 3082 730 3142 iu
764 3082 855 3158 regis

59 3179 236 3256 praesentia
252 3194 454 3256 comparere,
472 3180 558 3241 idem
578 3195 638 3240 rex
657 3179 698 3240 de
714 3179 854 3243 consilio

59 3292 194 3338 suorum
220 3277 404 3353 principum
427 3277 573 3338 bannum
592 3277 697 3354 ipsius
722 3277 855 3338 cancel-

59 3373 137 3434 larii
163 3373 382 3446 confirmavit,
407 3375 440 3436 et
463 3390 623 3452 personas
651 3391 767 3436 eorum
793 3374 854 3435 sub

57 3472 216 3548 perpetuo
231 3471 363 3548 imperii
378 3471 489 3533 banno
503 3488 639 3548 ponens,
655 3471 741 3533 bona
761 3473 855 3549 ipso·

57 3582 144 3638 rum,
160 3568 358 3646 ubicumque
381 3569 515 3630 inventa
537 3569 655 3641 forent,
677 3569 853 3631 confiscari

58 3667 227 3743 praecepit,
249 3667 316 3728 nisi
341 3683 445 3743 usque
467 3667 508 3728 ad
530 3667 618 3727 diem
645 3668 852 3729 Dominicum

58 3765 209 3840 proxime
225 3766 304 3825 tunc
319 3767 496 3825 venturum
511 3764 721 3839 resignarent
737 3765 771 3824 in
787 3781 855 3825 ma·

57 3861 157 3922 nibus
190 3861 438 3937 capellanorum
473 3861 633 3938 ipsorum,
660 3861 713 3922 vel
740 3877 853 3922 eorum

56 3957 196 4020 alterius
220 3963 366 4019 castrum
388 3959 507 4034 ipsum.
536 3959 698 4034 Praecepit
723 3975 854 4035 quoque

56 4055 346 4127 Cremonensibus,
359 4054 604 4126 parmensibus
619 4056 854 4131 1111111111-

55 4152 259 4224 tinensibus,
291 4153 570 4219 Bononiensibus.
596 4155 628 4214 et
652 4155 854 4228 generaliter

56 4250 225 4311 universis
248 4249 400 4310 fidelibus
420 4250 502 4320 suis,
520 4252 556 4310 ut
575 4250 854 4326 1111111111-

56 4347 155 4417 libus,
180 4347 397 4423 adjutoribus‚
419 4350 451 4409 et
476 4346 671 4418 fautoribus,
698 4349 749 4408 111
774 4349 850 4409 aliis

55 4444 283 4505 detentoribus
301 4445 402 4505 castri
416 4445 566 4522 praedicti
580 4445 727 4507 facerent
742 4447 850 4506 vivam

55 4557 221 4617 guerram.
244 4540 391 4603 1111111111
407 4544 507 4604 etiam
526 4544 728 4609 Mantuanis,
744 4546 851 4603 Vero-

55 4638 225 4709 nensibus,
249 4639 530 4708 ferrariensibus,
556 4640 797 4710 Brixiensibns,
820 4641 852 4701 et

54 4736 132 4797 aliis
148 4736 300 4797 fidelibus
317 4738 385 4796 suis
401 4736 461 4797 sub
479 4737 613 4798 obtentu
633 4737 804 4799 fidelitatis
819 4741 852 4798 et

55 4837 144 4894 certe
160 4851 267 4910 piena,
279 4850 320 4895 ne
332 4834 412 4909 ipsis
424 4834 652 4910 impenderent
663 4835 849 4905 consilinm,

53 4932 218 4993 auxilium
232 4932 283 4993 111
297 4931 456 5001 favorem,
472 4932 558 4993 sicut
572 4931 606 4992 in
623 4932 741 4993 litteris
757 4933 851 5008 regio

54 5030 167 5105 sigillo
188 5029 323 5090 munitis
344 5029 577 5106 prospeximus
598 5029 727 5105 plenius
743 5031 852 5091 conti-

53 5126 138 5188 neri.
159 5128 198 5187 111
214 5127 291 5204 quia
314 5129 459 5188 castrum
475 5126 624 5187 Bondeni
641 5127 773 5188 Veteris
795 5127 850 5189 di-

53 5225 164 5285 rutum
189 5226 273 5295 erat,
294 5239 401 5300 nuper
420 5224 656 5285 reaedificatum
681 5226 741 5295 111,
762 5228 797 5287 11
810 5224 851 5286 ab

53 5320 212 5383 Ecclesiae
234 5324 393 5382 Romanae
417 5321 571 5381 fidelibus
596 5321 733 5397 pacifice
755 5322 853 5384 babi-

51 5420 153 5480 tatur.
172 5417 317 5478 Dilectus
331 5432 459 5493 quoque
472 5416 561 5476 illius
571 5416 724 5477 Albertus
739 5434 850 5479 comes

53 5515 241 5583 Pratensis,
268 5514 436 5574 fidelitatis
463 5513 557 5574 nobis
582 5514 730 5590 praestito
752 5518 851 5591 jura-

52 5615 176 5682 mento,
202 5614 325 5674 terram
350 5612 487 5681 l'allesi,
515 5627 645 5672 roccam
670 5613 847 5685 Gondeuti,

689 290 916 351 EPISTOLAE.
940 290 1018 350 LlB.
1042 292 1080 351 V.
1645 292 1707 355 m

910 448 1148 520 Monticellum‚
1170 450 1373 525 Arigazzam,
1396 454 1548 529 Bargam,
1573 452 1706 515 Pidier-

910 546 987 616 lam,
1004 547 1133 618 casale,
1158 562 1289 609 roccam
1312 547 1353 609 de
1374 549 1466 621 Vico,
1487 550 1703 622 Castreolum,

910 645 1117 718 Limognum,
1130 647 1291 716 Graecum,
1307 647 1499 721 Magorum,
1512 647 1704 720 Pillianum,

911 741 1148 812 Monticellum‚
1166 743 1352 813 Fossatum,
1368 746 1517 811 Terram,
1528 747 1658 813 Baium,
1672 746 1706 806 et

912 839 1138 913 savignanum
1165 855 1239 899 cum
1271 841 1481 915 pertinentiis
1505 842 1576 903 suis
1606 857 1704 904 rece·

911 936 958 1011 pit
981 951 1001 995 a
1027 934 1122 996 uobis
1150 935 1183 995 in
1208 935 1352 1008 feudum,
1373 953 1475 998 unum
1501 941 1647 1001 asturem
1672 940 1706 1002 et

911 1032 994 1092 duos
1014 1031 1151 1094 bracoos
1178 1050 1237 1110 pro
1260 1034 1384 1094 eisdem
1403 1036 1521 1096 castris
1547 1036 1705 1098 Ecclesiae

911 1132 1068 1190 Romanae
1097 1130 1196 1191 annis
1225 1131 1366 1205 siugulis
1392 1132 1594 1202 redditurus,
1621 1148 1705 1209 quos

912 1227 1011 1286 etiam
1032 1226 1127 1287 nobis
1145 1243 1203 1302 pro
1220 1244 1285 1289 uno
1307 1243 1396 1288 anno
1418 1229 1588 1304 persolvit.
1608 1232 1704 1291 Prae-

912 1327 1001 1384 terea
1017 1324 1094 1386 licet
1110 1325 1295 1385 Marchiam
1310 1326 1550 1386 Anconitanam
1572 1326 1614 1386 ad
1630 1342 1706 1387 ma-

911 1437 972 1480 nus
1006 1437 1084 1481 11111
1122 1421 1270 1482 Ecclesia
1309 1425 1457 1482 Romana
1494 1438 1552 1499 pro
1584 1423 1705 1499 majori

911 1520 1004 1592 parte
1030 1521 1166 1588 teneret,
1190 1519 1406 1579 nibilominus
1427 1522 1538 1581 tamen
1558 1519 1705 1597 1111111-

910 1619 964 1676 tus
981 1617 1162 1692 imperator
1190 1632 1262 1677 eam
1284 1616 1378 1677 nobis
1396 1618 1530 1678 omnino
1553 1618 1706 1694 quietans

910 1715 943 1772 et
957 1712 1188 1774 refutationem
1204 1713 1340 1784 faciens,
1358 1717 1455 1790 prout
1470 1716 1504 1775 in
1521 1715 1625 1791 ipsius
1648 1716 1707 1776 lit·

913 1811 992 1871 teris
1016 1811 1145 1887 plenius
1163 1812 1362 1881 continetur,
1380 1813 1537 1888 praecepit
1551 1812 1705 1873 omnibus

911 1907 1125 1978 1111111111,
1144 1911 1178 1969 ut
1190 1907 1285 1968 nobis
1307 1910 1465 1985 tanquam
1487 1911 1627 1971 Domino
1643 1925 1705 1970 suo

911 2005 1094 2066 decaetero
1116 2006 1265 2081 plenarie
1286 2006 1535 2083 responderent.
1559 2009 1705 2084 Cumque

911 2103 1395 2179 nospostmodumdilectotilio
1407 2104 1590 2167 nobiliviro
1601 2104 1704 2166 Azoni

911 2201 1097 2262 llarolrioni
1111 2201 1251 2273 Estensi,
1268 2216 1340 2263 eam
1358 2202 1391 2261 in
1413 2201 1547 2263 feudum
1562 2202 1703 2263 duxeri-

912 2316 983 2358 mus
1019 2297 1274 2370 concedendam,
1302 2302 1464 2375 praesente
1501 2300 1702 2376 imperatore

911 2396 1125 2457 investientes
1147 2396 1298 2457 eumdem
1320 2394 1360 2456 de
1378 2397 1452 2473 ipsa
1472 2396 1622 2458 Marchia
1642 2411 1701 2473 per

910 2493 1081 2565 vexillum,
1099 2510 1160 2554 nos
1178 2494 1454 2571 praenominatum
1471 2494 1702 2570 Pandulphum

911 2590 1148 2651 subdiaconum
1162 2594 1195 2652 et
1206 2591 1372 2652 notarium
1387 2593 1589 2663 nostramet
1604 2593 1706 2669 impe·

911 2690 1044 2759 ratoris,
1057 2688 1280 2750 venerabilem
1294 2688 1430 2750 fratrem
1442 2690 1629 2752 nostrum...
1646 2705 1707 2767 pa-

909 2787 1089 2847 triarcham
1118 2786 1366 2863 aquileiensem
1401 2787 1482 2848 illuc
1513 2787 1705 2849 curavimus

910 2883 1088 2954 destinare,
1102 2887 1137 2945 ut
1158 2900 1232 2943 eum
1254 2885 1289 2944 in
1311 2885 1521 2960 possessione
1546 2885 1705 2946 1111111111

910 2981 1115 3051 inducentes,
1139 2982 1171 3042 ei
1190 2981 1340 3043 facerent
1360 2982 1401 3042 de
1422 2981 1575 3043 omnibus
1596 2983 1704 3043 ratio-

909 3077 1006 3138 nibus
1021 3079 1091 3139 suis
1107 3079 1237 3154 integre
1258 3078 1454 3155 responderi
1474 3101 1480 3139 :
1498 3081 1637 3141 Ciuitate
1650 3082 1704 3140 ta-

910 3192 983 3235 men
1009 3176 1227 3245 anconitana,
1245 3174 1402 3253 quamdiu
1421 3175 1517 3237 nobis
1542 3176 1704 3252 placuerit

910 3272 943 3332 in
966 3274 1087 3334 nostris
1110 3272 1262 3333 manibus
1285 3273 1466 3343 reservata,
1491 3274 1524 3334 et
1547 3273 1704 3333 universo

910 3370 1108 3445 patrimonio
1134 3369 1222 3432 beati
1249 3371 1340 3430 Petri
1363 3386 1382 3430 a
1410 3371 1514 3430 Ponte
1542 3370 1704 3446 ceperani

910 3484 1013 3545 usque
1047 3467 1286 3530 Radicofanum
1312 3483 1465 3544 possesso
1489 3469 1522 3529 et
1543 3467 1704 3544 disposito

909 3566 1047 3643 pacifice
1068 3582 1107 3627 ac
1128 3567 1239 3643 quiete
1262 3581 1322 3640 pro
1348 3566 1469 3626 nostrae
1495 3563 1702 3643 beneplacito

909 3662 1100 3723 voluntatis.
1126 3664 1243 3724 Datum
1264 3664 1436 3734 Laterani,
1457 3666 1518 3725 Xll
1543 3664 1704 3725 kalendas

909 3759 1032 3829 martii,
1049 3759 1260 3836 pontificatus
1277 3761 1383 3823 nostri
1395 3777 1483 3823 anno
1496 3761 1622 3838 quinto.

1214 3966 1398 4052 CCLXXI

908 4107 958 4164 Ad
979 4106 1143 4167 Eislclen.
1160 4109 1356 4180 episcopam
1377 4110 1411 4168 et
1430 4112 1471 4170 de
1491 4111 1702 4172 Wottsadson

1050 4203 1084 4263 et
1099 4205 1140 4264 11
1156 4206 1390 4266 Hultsbmnmc
1404 4207 1551 4268 anantes.

1197 4323 1316 4383 1811111.
1335 4327 1414 4384 llll.

943 4439 1025 4502 [iliad.
1038 4439 1478 4506 (11111111111111111111111111..
1492 4448 1511 4492 t.
1525 4444 1545 4502 1,
1560 4458 1585 4508 p.
1596 4443 1664 4510 33111

906 4546 1140 4602 commissarium
1154 4561 1188 4604 ao
1201 4546 1366 4606 mandatum
1383 4549 1499 4622 papale,
1515 4549 1590 4623 quod
1606 4551 1700 4609 archi·

941 4636 1094 4708 episcopus
1107 4635 1264 4708 salisburg.
1278 4643 1307 4693 et
1322 4637 1503 4711 fidejussores
1516 4639 1561 4696 sui
1581 4647 1699 4697 teneam

942 4731 986 4780 tur
1007 4725 1146 4795 promissa
1172 4732 1308 4796 praestare
1324 4726 1399 4782 circa
1416 4725 1490 4784 bona
1512 4727 1702 4802 abepiscopo

942 4812 1140 4885 ltatisponensi
1156 4812 1373 4886 archiepiscopo
1388 4813 1513 4872 vendita.

946 4931 1113 4991 Honorius
1123 4931 1307 5007 episcopus,
1319 4946 1435 4992 servus
1448 4947 1620 4994 servorum
1629 4934 1699 5006 Dei,

906 5027 1090 5087 venerabili
1106 5027 1239 5088 fratri...
1260 5028 1416 5089 Eisteten.
1433 5029 1588 5107 episcopo
1603 5032 1703 5093 11111-

905 5124 1002 5185 lectis
1018 5124 1132 5185 111111...
1150 5125 1189 5193 de
1206 5125 1419 5187 ll⁷altsahsen
1441 5129 1510 5189 et...
1528 5129 1568 5189 de
1583 5129 1699 5190 Hails-

905 5222 1034 5283 brunne
1055 5221 1241 5294 abbatibus,
1258 5224 1450 5285 cistercien.
1471 5225 1610 5293 ordinis,
1627 5229 1699 5288 Ra-

906 5319 1107 5396 tisponensis
1123 5324 1155 5383 et
1172 5322 1328 5382 Eisteten.
1349 5322 1541 5394 dioecesum,
1558 5324 1700 5386 salutem

906 5419 939 5477 et
953 5418 1169 5493 apostolicam
1185 5417 1458 5481 benedictionem.
1747 5406 1754 5419 ⁸

946 5514 1154 5575 Venerabilis
1181 5515 1283 5576 frater
1309 5519 1423 5577 noster
1447 5518 1699 5594 Ratisponensis

906 5613 1079 5690 episcopus
1106 5628 1166 5672 sua
1189 5612 1283 5674 nobis
1306 5614 1465 5690 petitione
1490 5617 1697 5689 monstravit,
