3774 6186
65 299 125 361 703
690 292 920 358 EPISTOLAE.
944 295 1021 356 LIB.
1046 292 1084 355 V.
1650 298 1710 358 703

66 472 165 518 omne
175 454 322 519 verbum.
340 458 423 531 Quia
441 472 519 534 ergo
534 457 598 536 piis
613 458 645 518 et
661 459 728 518 Deo
743 456 862 517 dicatis
917 456 1000 535 qrrod
1032 455 1205 528 inferetur,
1232 473 1294 520 nec
1329 472 1386 520 ees
1416 455 1457 519 ab
1487 472 1602 520 eorum
1632 473 1709 519 mo-

68 556 151 616 locis
168 571 210 616 ex
226 555 513 618 administratione
531 554 674 632 suscepti
689 552 861 629 regiminis
916 554 1022 615 lestiis
1048 553 1243 625 defensetis,
1270 555 1479 617 universitati
1507 556 1625 617 vestrae
1650 571 1709 633 per

66 652 245 729 benignum
283 653 440 715 debemus
471 652 622 715 conferre
656 652 859 718 consultum,
916 651 1104 727 Apostolica
1119 652 1242 729 scripta
1266 653 1462 714 mandamus
1478 653 1711 730 atquepraeci-

67 751 142 828 paci
162 754 195 812 et
222 751 401 812 humilitati
416 752 535 812 vestrae
555 751 773 826 inposterum
791 749 861 809 cle·
916 749 1035 824 pimus,
1053 750 1215 826 quatenus
1240 764 1341 826 opera
1370 751 1513 826 pietatis,
1532 767 1606 826 quae
1627 750 1710 812 fiunt

67 851 196 910 menter
206 847 380 924 providere
395 848 543 910 volentes
559 847 714 924 praesenti
729 847 861 908 decreto
915 846 950 906 in
980 846 1038 906 illo
1067 846 1205 908 fratrum
1240 848 1472 923 praedictorum
1502 847 1710 909 xenodochio

67 947 254 1016 statuimus,
284 947 319 1007 ut
345 961 395 1017 ea,
426 962 499 1023 quae
527 947 562 1006 iu
581 944 790 1007 testamentis
808 943 861 1004 vel
916 944 1115 1015 venerando,
1145 944 1337 1020 diligentius
1374 945 1580 1007 attendentes
1610 960 1710 1022 super

66 1043 215 1122 quolibet
229 1043 337 1105 relicti
353 1059 476 1119 genere
491 1060 511 1104 a
526 1043 700 1104 devotione
716 1041 861 1102 fidelium
916 1041 1107 1103 confratriis
1129 1058 1243 1103 eorum
1269 1043 1396 1103 nullum
1415 1042 1569 1103 damnum
1584 1042 1710 1104 eisdem

67 1144 179 1203 vestro
205 1140 413 1203 xenodochio
440 1140 631 1202 rationabili
654 1138 861 1218 providentia
917 1139 1073 1200 fratribus
1088 1155 1147 1216 per
1159 1141 1324 1216 utraslibet
1335 1141 1420 1202 alias
1435 1141 1634 1201 confratrias
1649 1155 1710 1201 seu

66 1239 280 1300 dimittuntur
315 1239 369 1300 vel
400 1238 588 1315 largiuntur
621 1239 656 1299 in
685 1238 860 1314 praesentia
917 1236 1709 1314 praejudiciuminferatisnecabaliispermitta·

67 1338 207 1399 duorum
247 1337 300 1399 vel
325 1337 426 1397 trium
458 1337 592 1398 testium
625 1335 859 1411 legitimorum,
880 1355 884 1363 ¹
916 1334 958 1394 tis
973 1333 1101 1406 inferri,
1119 1351 1180 1396 nec
1194 1351 1308 1396 eorum
1323 1335 1483 1397 ecclesias
1499 1335 1552 1396 vel
1568 1334 1708 1396 clericos

67 1435 265 1496 auctoritate
280 1436 393 1494 nestra
401 1433 604 1510 suscipiendi
619 1433 769 1495 habeatis
784 1430 862 1492 lihe-
916 1432 1030 1492 contra
1039 1432 1306 1509 privilegiaquae
1315 1433 1396 1509 ipsis
1407 1433 1596 1509 Apostolica
1606 1432 1708 1494 Sedes
1827 1428 1830 1433 “

67 1529 860 1608 ramiacultatem.Nulliergoomninohominum
917 1527 1706 1606 indulsit,aliquatenusaggravetislllosautem,

66 1629 167 1691 liceat
191 1629 277 1690 hanc
303 1629 459 1705 paginam
485 1630 608 1690 nostrae
634 1625 860 1689 concessionis
916 1643 997 1703 qrros
1024 1626 1119 1687 vohis
1143 1628 1329 1689 constiterit
1352 1626 1521 1703 praedictis
1549 1626 1708 1688 fratribus
1777 1648 1780 1655 ’

67 1727 262 1803 infringere,
279 1727 330 1789 vel
342 1728 373 1787 ei
383 1743 468 1787 ausu
486 1727 664 1788 temerario
681 1726 857 1787 contraire.

68 1825 104 1887 Si
119 1826 193 1903 quis
206 1828 317 1886 autem
337 1825 400 1886 hoc
415 1825 579 1887 attentare
599 1823 858 1901 praesumpserit,

66 1922 328 1998 indignationem
353 1922 587 1998 omnipotentis
608 1922 668 1983 Dei
694 1924 727 1982 et
741 1920 859 1983 beato-

67 2035 140 2080 rum
155 2019 244 2080 Petri
258 2021 290 2080 et
315 2019 410 2079 Pauli
426 2019 650 2096 apostolorum
666 2021 737 2094 eJus
748 2033 784 2079 se
799 2034 861 2078 no·

65 2116 151 2177 verit
173 2117 397 2178 incursurum.
424 2119 541 2178 Datum
562 2117 730 2187 Laterani,
754 2131 859 2176 nonas

63 2213 237 2287 februarii,
252 2215 464 2291 pontificatus
476 2214 681 2277 nostrianno
692 2213 817 2291 quinto.

389 2402 537 2490 cclvi

142 2538 194 2595 Ad
208 2537 491 2609 archiepiscopos,
505 2539 689 2610 episcopos,
707 2533 783 2605 cic,

299 2633 333 2694 et
345 2636 431 2694 alios
447 2635 620 2708 praelatos.

363 2753 463 2812 dfebr.
481 2755 559 2813 itti.

247 2866 381 2934 [Strelblre
393 2869 411 2919 l.
422 2882 455 2927 c.,
466 2883 492 2933 p.
505 2867 560 2926 313,
572 2885 596 2918 n.
610 2868 678 2934 ess]

64 2974 857 3050 Commendatpraeletisordinis'l'hcutoniciconfratrias,

250 3066 397 3135 ecclosias,
409 3066 529 3123 clericos
540 3065 671 3123 tuendos.

105 3176 271 3237 Honorius
311 3175 500 3253 episcopus,
543 3190 659 3237 servus
686 3190 858 3236 servorum

64 3275 136 3344 Dei,
161 3273 407 3335 venerabilibus
427 3272 584 3334 fratribus
597 3272 857 3350 archiepiscopis

57 3363 97 3433 ‘et
112 3371 277 3449 episcopis
290 3373 322 3432 et
335 3369 465 3433 dilectis
479 3371 558 3432 liliis
573 3370 756 3442 abbatibus,
773 3371 859 3448 prio·

65 3469 169 3540 ribus,
191 3469 447 3540 archidiaconis,
465 3469 600 3531 decanis
611 3472 643 3530 et
656 3469 732 3530 aliis
745 3468 857 3530 eccie-

64 3568 190 3629 siarum
230 3567 388 3644 praelatis,
423 3565 465 3627 ad
503 3582 585 3645 qnos
627 3566 745 3628 litterae
786 3567 857 3629 istae

63 3664 287 3742 pervenerint,
318 3665 458 3727 salutem
480 3668 513 3726 et
531 3665 745 3742 apostolicam
761 3665 858 3727 bene

62 3765 255 3826 dictionem.

102 3862 150 3923 Ad
178 3862 320 3938 inJurias
347 3863 380 3923 et
403 3862 573 3923 molestias
599 3860 855 3938 propulsandas,

62 3977 136 4039 quae
147 3960 314 4036 religiosis
329 3959 517 4021 hominibus
533 3959 731 4031 inferuntur,
749 3959 857 4020 nullos

62 4058 169 4132 magis
185 4073 283 4134 quam
307 4057 462 4133 praelatos
473 4056 690 4117 ecclesiarum
704 4056 858 4118 convenit

62 4170 243 4229 congruam
278 4154 538 4215 sollicitudinem
573 4154 741 4239 adhibere.
767 4155 858 4217 Sicut

63 4254 173 4313 autem
189 4252 301 4312 dilecti
324 4252 385 4312 filii
407 4252 527 4313 fratres
547 4251 662 4312 domus
676 4253 857 4329 Hospitalis

63 4351 193 4411 Sanctae
222 4350 336 4411 Mariae
365 4351 644 4411 Theutonicorum
664 4351 858 4428 Hierosoly-

61 4447 178 4507 mitani
190 4463 251 4508 sua
270 4447 365 4508 nobis
378 4447 604 4510 insinuatione
617 4451 854 4520 monstrarunt,

60 4543 146 4621 quod
174 4560 233 4604 vos
257 4544 297 4605 de
324 4560 409 4605 nove
433 4546 592 4622 quasdam
608 4545 806 4608 confratrias
821 4547 855 4607 in

60 4642 181 4702 vestris
197 4642 347 4703 ecclesiis
365 4644 558 4715 statuentes,
573 4645 762 4714 eorumdem
776 4661 857 4705 con-

61 4738 197 4799 fratrias
223 4738 295 4800 fieri
317 4739 500 4815 prohibetis
520 4745 552 4800 et
575 4742 690 4802 contra
714 4758 764 4812 en,
782 4759 855 4819 quae

60 4835 144 4912 ipsis
160 4836 370 4907 indulsimus
399 4839 466 4898 tam
495 4838 654 4898 ecclesias
667 4855 764 4916 quam
782 4840 854 4901 cle-

59 4933 149 4993 ricos
173 4934 364 4994 eorumdem
387 4932 562 4995 occasione
578 4935 725 5012 qnalibet
743 4952 854 4998 emer-

59 5032 157 5107 gente
184 5031 371 5109 supponitis
396 5032 590 5107 interdicto;
616 5033 692 5094 illos
711 5050 852 5112 quoque,

59 5127 165 5206 quiin
187 5128 292 5189 dictos
320 5127 441 5190 fratres
466 5146 584 5191 manus
604 5130 758 5207 injiciunt
779 5133 854 5194 vio-

58 5225 179 5297 lentas,
200 5226 314 5287 domos
333 5242 447 5288 eorum
463 5228 600 5289 diruunt
614 5229 665 5289 vel
681 5229 852 5300 invadunt,

60 5324 110 5381 eis
123 5339 178 5384 res
193 5324 279 5385 alias
294 5323 557 5396 auferentes,vel
573 5325 662 5401 ipsos
673 5327 855 5403 quomodo·

915 1724 1146 1785 detrimentum
1166 1725 1218 1785 vel
1243 1725 1399 1802 injuriam
1413 1725 1590 1801 irrogasse,
1608 1724 1710 1786 satis·

915 1821 1024 1883 facere
1048 1823 1100 1883 vel
1128 1821 1286 1883 exhibere
1311 1823 1441 1899 plenam
1454 1823 1619 1900 Justitiam
1636 1837 1710 1882 mo-

915 1921 1033 1992 neatis,
1064 1923 1106 1992 et,
1127 1921 1155 1981 si
1175 1936 1311 1982 necesse
1339 1920 1451 1992 fuerit,
1485 1920 1708 1998 appellatione

915 2019 1051 2090 remota,
1068 2034 1208 2079 censura
1237 2017 1464 2101 ecclesiastica
1488 2017 1705 2094 compellatis.

914 2116 1032 2176 Datum
1041 2117 1260 2187 Laterani‚Vl
1271 2116 1344 2176 idus
1354 2116 1524 2188 februarii,
1538 2114 1709 2194 pontifica-

913 2214 967 2274 tus
983 2215 1087 2277 nostri
1098 2230 1186 2274 anno
1202 2214 1327 2290 quinto.

1226 2402 1397 2490 ccivss

1205 2548 1257 2607 Ad
1270 2548 1416 2607 cosdem.

1212 2669 1230 2725 8
1244 2665 1313 2725 febr.
1332 2668 1411 2726 fait.

1096 2783 1228 2847 [Strehlka
1240 2784 1257 2833 l.
1267 2798 1301 2843 c.,
1313 2798 1338 2848 p.
1351 2783 1406 2842 eft,
1418 2797 1444 2834 n.
1457 2783 1525 2848 did]

913 2892 998 2948 Vetat
1016 2889 1051 2947 de
1070 2890 1178 2948 ordinis
1197 2890 1364 2948 Theutonici
1384 2899 1450 2949 ante
1467 2892 1622 2950 Concilium
1638 2905 1704 2964 pos-

948 2980 1037 3036 sessis
1055 2979 1148 3048 honis‚
1168 2981 1230 3036 sive
1244 2981 1280 3037 de
1300 2979 1429 3053 ejusdem
1445 2979 1545 3049 hortis,
1564 2981 1705 3067 virgultis,

948 3066 1161 3141 piscationibus,
1182 3069 1347 3125 animalium
1370 3068 1549 3127 nutrimentis
1568 3068 1708 3142 primitias

948 3156 993 3214 vel
1005 3155 1131 3214 decimas
1145 3158 1313 3230 extorqueri.

952 3275 1119 3336 Honorius
1156 3275 1351 3352 episcopus,
1387 3290 1503 3337 servus
1528 3291 1702 3337 servorum

913 3374 984 3444 Dei,
1000 3372 1246 3434 venerabilibus
1265 3371 1424 3434 fratribus
1444 3373 1704 3451 archiepiscopis

913 3472 945 3532 et
959 3471 1123 3548 episcopis
1138 3473 1171 3533 et
1182 3470 1312 3534 dilectis
1327 3470 1405 3532 filiis
1417 3471 1602 3545 abbatibus,
1618 3471 1706 3549 prio·

913 3569 1016 3639 ribus,
1033 3569 1287 3640 archidiaconis,
1310 3570 1445 3631 decanis
1459 3571 1492 3632 et
1506 3570 1582 3631 aliis
1597 3570 1706 3632 eccle-

913 3668 1038 3728 siarum
1084 3668 1242 3744 praelatis,
1281 3667 1322 3729 ad
1355 3683 1437 3745 quos
1471 3667 1590 3731 litterae
1632 3668 1706 3730 istae

913 3766 1135 3841 pervenerint,
1152 3766 1293 3828 salutern
1315 3771 1347 3827 et
1375 3767 1591 3843 apostolicam
1604 3761 1702 3828 bene·

912 3862 1101 3924 dictionem.

952 3962 1031 4021 Cum
1044 3962 1157 4024 dilecti
1172 3962 1231 4023 dlii
1246 3961 1364 4024 fratres
1377 3963 1558 4040 Hospitalis
1572 3961 1703 4024 Sanctae

912 4059 1027 4120 Mariae
1046 4059 1324 4121 Tlreutonicorum
1337 4061 1630 4138 Hierosolymitani
1644 4075 1703 4138 pro

912 4173 981 4218 suae
1006 4157 1178 4233 religionis
1213 4157 1424 4220 observantia
1452 4160 1485 4220 et
1512 4159 1583 4219 zelo
1611 4158 1699 4230 fidei,

912 4271 1009 4332 quam
1040 4255 1230 4327 defendunt,
1256 4271 1315 4332 per
1341 4256 1458 4318 sedem
1477 4257 1701 4333 Apostolioam

912 4369 1032 4430 magna
1053 4353 1120 4415 sint
1152 4352 1314 4416 libertatis
1335 4355 1556 4432 praerogativa
1575 4354 1701 4427 donati,

912 4453 1055 4530 quidam,
1064 4452 1120 4529 qui
1130 4467 1249 4529 aquam
1263 4452 1342 4514 vino
1356 4453 1497 4514 miscent
1506 4454 1539 4515 et
1548 4453 1589 4514 de
1601 4453 1702 4530 scrip

910 4550 995 4610 turis
1012 4549 1129 4610 falsum
1145 4550 1272 4626 eligunt
1297 4550 1512 4623 intellectum,
1527 4550 1703 4626 privilegia

910 4647 1058 4722 ipserum
1076 4647 1273 4724 ultraquam
1292 4647 1406 4709 deceat
1421 4664 1481 4725 pro
1496 4663 1555 4708 sua
1579 4649 1702 4709 volun-

909 4744 976 4805 tate
987 4745 1200 4820 restringunt,
1211 4745 1243 4805 et
1258 4746 1432 4821 querentes
1447 4745 1642 4806 extraneum
1653 4746 1702 4805 in·

909 4842 1075 4903 tellectum
1097 4841 1138 4902 ab
1161 4842 1241 4918 ipsis
1261 4842 1427 4918 primitias
1443 4845 1477 4904 et
1496 4841 1642 4904 decimas
1662 4843 1702 4905 de

910 4939 1173 5016 possessionibus
1202 4939 1235 5001 et
1265 4939 1439 5001 novalibus
1472 4939 1594 5003 habitis
1622 4943 1700 5003 ente

909 5038 1092 5098 Concilium
1102 5038 1268 5113 generale,
1283 5037 1354 5098 sive
1368 5037 1409 5098 de
1422 5038 1539 5111 hortis,
1547 5039 1702 5114 virgultis

909 5138 942 5197 et
954 5135 1191 5213 piscationibus
1206 5151 1332 5207 eorum,
1347 5136 1399 5196 vel
1415 5136 1455 5198 de
1470 5152 1606 5198 suorum
1621 5137 1699 5198 ani-

909 5233 1044 5294 malium
1055 5233 1267 5294 nutrimentis
1276 5236 1472 5311 extorquere
1481 5236 1697 5311 praesumunt.

908 5332 1064 5392 volentes
1081 5331 1183 5406 igitur
1202 5330 1364 5393 dictorum
1385 5331 1522 5393 fratrum
1537 5332 1703 5393 indemni·

58 5417 140 5480 libet
170 5424 391 5497 aggravantes
425 5423 593 5499 corrigere
622 5439 688 5485 non
717 5425 852 5488 curatis.
908 5429 1031 5490 tatibus
1068 5428 1253 5506 providere,
1286 5444 1345 5506 per
1386 5429 1575 5506 apostolica
1605 5429 1699 5492 vobis

58 5517 221 5589 Quoniam
245 5519 348 5595 igitur
367 5518 477 5581 officio
500 5523 613 5582 nostro
635 5522 773 5584 multum
796 5523 856 5584 de-
908 5527 1030 5603 scripta
1053 5525 1259 5597 mandamns,
1277 5530 1440 5604 qnatenus
1454 5527 1701 5590 abextersione

58 5615 214 5686 trahitur,
237 5616 265 5676 si
289 5615 371 5677 viris
393 5617 561 5694 religiosis
583 5634 763 5696 gravamen
789 5621 855 5683 ali·
908 5624 1110 5685 decimarum
1124 5627 1158 5685 et
1169 5624 1392 5700 primitiarum
1406 5640 1506 5702 snper
1516 5627 1699 5701 praemissis

203 5770 316 5815 ramos.
337 5771 411 5815 rous
430 5759 481 5816 ill.
1527 5768 1561 5827 28
