3774 6186
210 259 270 319 387

211 418 298 490 culo,
322 420 415 484 adid
449 438 508 500 per
541 438 717 485 censuram
743 421 1003 485 ecelesiasticam
1130 432 1134 443 ’

211 521 409 596 compellere
437 537 502 583 non
524 522 665 583 omittat.
693 522 855 594 Quocirca
876 522 1005 583 discre-

211 617 292 677 tioni
316 619 435 680 vestrae
461 635 521 696 per
552 619 742 696 Apostolica
767 618 891 696 scripta
916 636 1003 696 prae-

211 716 362 791 cipiendo
395 718 608 799 mandamus,
639 720 813 794 quatenus,
837 717 866 776 si
894 718 1002 779 dictus

210 814 383 889 episcopus
408 817 608 891 praeceptum
635 817 785 875 nostrum
817 815 1003 890 neglexerit

209 910 401 987 adimplere,
413 929 472 973 vos
481 913 510 973 si
519 913 574 990 qui
589 912 785 974 clericorum
799 912 945 988 ipsorum
955 913 1002 973 ul·

208 1009 260 1068 tra
277 1008 471 1084 praedictum
489 1013 619 1087 tempus
646 1010 776 1072 solvere
799 1011 998 1083 distulerint,

208 1104 249 1165 de
263 1108 444 1168 memorata
459 1108 599 1184 pecunia
614 1109 740 1184 partem
762 1122 855 1168 suam
879 1109 1000 1186 praeter

208 1205 561 1267 excommunicationis
573 1205 769 1266 sententiam
783 1221 880 1282 quam
891 1205 1001 1266 incur-

207 1303 291 1371 rent,
307 1317 349 1362 ex
365 1303 443 1364 tunc
466 1318 523 1363 eos
542 1303 584 1364 ad
610 1303 772 1378 integram
800 1304 998 1364 solutionem

207 1398 384 1470 vicesimae,
417 1415 476 1475 por
516 1415 689 1462 censuram
725 1400 996 1474 ecclesiasticam,

206 1496 424 1570 compellatis.
442 1497 532 1568 Quod
548 1497 588 1568 si,
603 1500 666 1558 etc.

245 1593 997 1672 Dataniterbii,idusfebruarii,pontificatus

205 1689 309 1750 nostri
323 1705 410 1750 anno
425 1700 553 1767 quarto.

521 1879 677 1965 LXXXI

204 2011 256 2070 Ad
267 2011 448 2072 ararioersos
462 2014 746 2088 archiepiscopos,
766 2014 800 2074 et
820 2016 996 2089 episcopos

344 2122 411 2180 per
426 2110 847 2171 Teutontamcoostttutos.

500 2231 532 2288 lt
545 2227 601 2288 feb.
618 2231 697 2288 122⁰.

382 2343 493 2408 [Scheid‚
504 2345 586 2409 Oripg.
596 2345 677 2396 Guelf.
690 2346 732 2406 III,
746 2346 814 2413 cta]

202 2448 372 2518 Conradum,
398 2459 496 2523 postea
521 2451 796 2510 hildesheimensem
816 2456 992 2527 episcopum,

322 2540 481 2598 Germaniae
501 2541 669 2613 presulibus
683 2542 876 2600 commendat.

239 2656 418 2728 Honorius,
456 2658 531 2730 etc„
565 2659 810 2722 venerabilibus
835 2658 993 2722 fratribus

202 2752 366 2815 universis
401 2756 660 2833 archiepiscopis
684 2759 718 2820 et
748 2758 925 2835 episcopis,
961 2759 994 2820 et

199 2849 328 2912 dilectis
359 2852 436 2912 liliis
462 2853 654 2926 abbatibuS,
679 2855 990 2932 archipresbyteris,

198 2947 454 3022 archidiaconis
470 2951 658 3027 praepositis
678 2953 711 3015 et
729 2951 806 3013 aliis
831 2953 992 3014 ecclesia·

197 3060 271 3106 rum
288 3047 432 3122 praelatis
443 3049 706 3124 perTeutoniam
722 3051 923 3121 constitutis,
935 3065 992 3111 sa·

196 3143 299 3205 tutem
315 3147 347 3208 et
361 3145 576 3222 apostolicam
595 3147 869 3209 benedictionem.

237 3242 305 3303 litai
320 3245 392 3320 ejus
407 3245 570 3320 exemplo,
587 3245 641 3306 cui
656 3261 770 3305 sumus
786 3246 864 3308 licet
878 3245 991 3305 imme·

195 3339 252 3401 riti
266 3341 385 3402 vicarii
406 3342 588 3413 constituti,
612 3342 697 3418 quod
714 3342 830 3403 unies
844 3343 991 3404 minimis

196 3437 319 3498 nostris
345 3437 392 3509 lit,
413 3438 509 3499 nobis
533 3438 607 3498 fieri
633 3439 835 3516 reputantes,
860 3443 990 3502 nostros

195 3534 359 3612 quoslibet
374 3535 516 3597 velimus
537 3536 698 3597 honorari
718 3536 898 3609 ministros,
922 3537 990 3600 illis

194 3635 306 3699 tamen
326 3632 486 3692 honorem
504 3632 689 3695 exhibitum
704 3634 846 3711 amplius
868 3649 989 3711 accep-

195 3730 316 3801 tamus,
337 3728 456 3806 quibus
478 3732 606 3805 majora
626 3731 807 3791 secundum
821 3733 990 3808 propriam

195 3827 338 3902 gratiam
355 3828 605 3899 committentes
623 3828 766 3889 honores
782 3829 990 3891 decernimus

194 3924 374 4001 digniores,
399 3925 485 4002 quod
507 3924 605 3986 facile
620 3926 832 4001 cognoscitur
854 3942 898 3988 ex
917 3927 989 4004 ipsa

103 4104 104 4108 Ἰ
194 4023 371 4084 ministerii
386 4023 555 4099 qualitate.
573 4024 659 4084 Hinc
673 4024 820 4101 estquod
832 4024 989 4086 dilectum

193 4120 298 4181 filium
313 4122 507 4196 magistrum
516 4121 715 4192 conradum,
732 4121 943 4198 capellanum
956 4125 989 4184 et

192 4218 474 4295 poenitentiarium
487 4219 648 4290 nostrum,
665 4219 901 4280 scholasticum
911 4221 988 4280 Ma-

194 4316 380 4391 guntinum,
396 4316 507 4376 virum
520 4316 632 4393 ntique
648 4318 815 4392 potentem
837 4317 873 4377 in
889 4332 989 4395 opere

195 4414 228 4474 et
238 4412 378 4485 fervore,
391 4428 488 4490 quem
498 4412 539 4472 ad
548 4413 842 4488 evangelizandum
853 4413 989 4475 verbnm

195 4510 304 4572 crucis
336 4510 371 4571 in
406 4509 556 4587 partibus
577 4510 747 4571 Teutoniae
784 4510 989 4588 providimus

196 4608 438 4680 destinandum,
454 4606 548 4668 vobis
563 4607 758 4684 propensius
774 4608 989 4669 commenda-

195 4723 280 4778 mus,
288 4705 498 4768 universitati
506 4705 624 4766 vestrae
630 4706 990 4782 parapostolicascrip·

195 4806 227 4865 ta
239 4785 444 4874 mandantes,
461 4803 738 4881 qnatenuseidem
746 4803 781 4862 in
790 4803 989 4864 necessariis

196 4903 229 4963 et
243 4918 359 4962 securo
371 4901 493 4962 ducatu
507 4900 689 4961 liberaliter
704 4900 877 4977 providere
891 4916 991 4961 cure-

194 4998 249 5070 tis,
271 4998 316 5058 ita
332 4998 368 5058 ut
384 5014 470 5067 cum,
498 4998 553 5074 qui
577 4996 696 5074 recipit
719 4997 925 5074 prophetam,
953 4997 988 5058 in

194 5095 329 5157 nomine
337 5095 516 5170 prophete,
529 5095 714 5155 mercedem
727 5094 897 5172 prophetae
907 5095 989 5155 reci·

196 5208 274 5270 pere
313 5191 491 5261 mereatur,
526 5193 628 5252 Deum
659 5192 839 5268 propitium
869 5191 903 5252 et
926 5207 988 5253 nos

193 5291 289 5352 vobis
302 5289 423 5351 exinde
441 5287 588 5349 reddatis
603 5288 803 5350 favorabiles
818 5289 851 5350 et
865 5288 987 5365 benig-

109 5461 115 5467 ,
194 5405 265 5449 nos.

234 5487 352 5547 Datum
365 5483 517 5554 Viterbii,
531 5484 606 5545 xlv
627 5481 694 5544 kal.
712 5484 834 5555 martii,
849 5482 986 5560 pontifl-

194 5587 287 5643 catus
303 5583 409 5643 nostri
423 5596 510 5642 anno
525 5581 653 5657 quarto.

832 260 1007 322 HONORII
1031 263 1074 323 ΙΙΙ
1096 265 1241 326 OPERA.

1364 448 1544 539 LXXXII

1180 586 1232 645 Ad
1252 586 1436 647 atntversos
1457 544 1735 659 christifideles.

1323 697 1355 755 ll
1370 695 1494 755 februar.
1512 699 1592 757 litt).

1261 803 1374 866 fflymer,
1387 804 1458 855 Foed.
1476 805 1497 863 1,
1508 818 1528 864 t,
1541 804 1655 869 tilieto]

1056 901 1141 974 lingo
1163 901 1339 960 lincolnien.
1364 903 1518 975 episcopus
1540 912 1709 962 sanctornm
1722 905 1841 981 catdopo

1090 989 1259 1047 adscribitur
1266 1005 1275 1060 ;
1304 1004 1370 1048 cum
1392 990 1518 1062 decreto,
1536 998 1568 1050 ut
1592 991 1640 1050 die
1669 991 1840 1066 depositionis

1089 1077 1189 1224 XXX
1207 1077 1337 1151 ejusdem
1361 1075 1501 1137 festivitas
1526 1082 1611 1139 annis
1630 1081 1758 1154 singulis
1778 1083 1837 1142 ee-

1094 1265 1261 1328 Honorius
1277 1266 1451 1344 episcopus
1464 1283 1581 1331 servus
1592 1284 1769 1332 servorum
1778 1271 1839 1344 Ilei,

1054 1362 1184 1425 dilectis
1225 1363 1305 1424 filiis
1338 1364 1507 1426 universis
1540 1366 1665 1428 Christi
1699 1366 1841 1430 fidelibus

1053 1462 1251 1536 praesentem
1263 1462 1419 1538 paginam
1434 1463 1646 1540 inspecturis,
1660 1463 1840 1528 salutemet

1049 1552 1268 1633 apostolicam
1282 1557 1557 1621 benedictionem.

1092 1655 1221 1716 Divinae
1239 1654 1388 1731 dignatio
1403 1655 1547 1732 pietatis,
1565 1658 1702 1720 sanctos
1717 1660 1751 1721 et
1764 1659 1839 1722 elec·

1051 1751 1102 1814 tos
1126 1768 1204 1813 snos
1220 1753 1255 1813 in
1275 1754 1419 1815 coelestis
1429 1754 1525 1830 regni
1540 1753 1703 1817 felicitate
1717 1757 1836 1819 locatos

1051 1850 1159 1910 adhuc
1175 1851 1210 1910 in
1243 1852 1334 1912 terra
1355 1851 1593 1912 miraculorum
1613 1855 1839 1916 coruscatione

1049 1947 1224 2018 clarificat,
1239 1949 1275 2009 ut
1297 1948 1446 2011 fidelium
1465 1965 1526 2026 per
1544 1949 1608 2011 hoc
1622 1951 1770 2013 excitata
1784 1952 1838 2014 de-

1050 2046 1139 2106 votio
1167 2061 1281 2106 eorum
1308 2045 1471 2121 suffragia
1498 2047 1599 2123 digna
1625 2049 1837 2111 veneratione

1050 2142 1239 2218 deposcant.
1277 2144 1383 2214 Quum
1421 2142 1526 2218 igitur
1568 2147 1694 2207 sanctae
1728 2162 1836 2209 recor·

1050 2239 1193 2302 dationis
1215 2243 1388 2316 Hugonem
1408 2241 1677 2304 lincolniensem
1709 2245 1836 2320 episco-

1049 2354 1137 2413 pum,
1168 2354 1265 2415 quem
1291 2338 1379 2399 sicut
1405 2337 1502 2399 nobis
1523 2339 1676 2414 plenarie
1703 2342 1835 2413 conset

1049 2434 1155 2496 divini
1179 2436 1326 2495 muneris
1348 2435 1487 2511 largitas
1510 2436 1578 2497 tam
1594 2435 1630 2501 in
1644 2437 1726 2510 vita,
1744 2454 1834 2515 quam

1046 2531 1148 2592 etiam
1175 2533 1249 2609 post
1278 2533 1405 2593 vestem
1442 2532 1653 2594 mortalitatis
1692 2536 1834 2608 exutam,

1050 2628 1232 2704 insignium
1254 2629 1492 2690 miraculorum
1510 2630 1726 2693 multitudine
1740 2632 1833 2694 illus·

1048 2727 1156 2797 trarit‚
1185 2726 1375 2787 sanctorum
1402 2727 1554 2803 catalogo
1580 2726 1831 2806 adscripsimus

1048 2823 1297 2884 universitatem
1312 2825 1456 2885 vestram
1471 2839 1656 2897 monemus,
1679 2827 1831 2889 exhorta-

1046 2920 1168 2982 murin
1191 2921 1515 2999 Domino‚quatenus
1542 2925 1615 2999 ejus
1631 2923 1723 2999 apud
1738 2926 1829 2986 Dennr

1047 3017 1232 3093 patrocinia
1259 3017 1376 3078 devote
1400 3017 1595 3093 imploretis.
1611 3019 1662 3080 Ad
1685 3019 1829 3082 baccata·

1044 3114 1186 3185 tuentes,
1200 3115 1235 3175 nt
1261 3113 1315 3175 die
1329 3113 1546 3190 depositionis
1566 3115 1675 3191 ipsius
1690 3114 1827 3193 ejusden

1047 3210 1209 3274 festivitas
1234 3211 1332 3272 annis
1356 3210 1499 3286 singulis
1512 3212 1631 3275 devote
1657 3211 1700 3274 de
1716 3213 1825 3276 caetero

1045 3307 1747 3380 celebretur.DataViterbii,Xillkalendas
1755 3326 1826 3373 mar·

1045 3405 1085 3468 tii
1099 3405 1310 3484 pontificatus
1321 3405 1426 3469 nostri
1438 3421 1526 3468 anno
1542 3407 1676 3485 quarto.

1341 3581 1541 3672 LXXXIII

1175 3717 1226 3777 Ad
1233 3717 1462 3791 praepositum
1482 3719 1524 3778 de
1544 3719 1706 3794 Hamae.

1337 3828 1373 3886 20
1387 3826 1443 3886 feb.
1469 3828 1548 3887 lito.

1196 3933 1367 3999 [Sudandort
1379 3933 1472 3998 itemst.
1485 3934 1528 3993 Ili,
1538 3933 1579 3993 ta,
1591 3945 1621 3986 n·
1636 3934 1692 4001 ab]

1044 4032 1160 4090 Mandat
1168 4032 1403 4106 utsuspensionis
1412 4035 1757 4093 etexcommunioationis
1766 4049 1825 4093 sen·

1080 4122 1182 4178 tentiae
1199 4135 1215 4178 a
1234 4121 1374 4194 magistro
1385 4120 1515 4180 conrado
1533 4122 1620 4192 latas,
1639 4121 1834 4184 inviolabiliter

1079 4209 1227 4267 observari
1243 4208 1339 4267 faciat.

1083 4314 1835 4397 Honorius‚etc.,dileetisfiliis..praepositode

1043 4416 1219 4490 Hongue...
1231 4413 1359 4476 custodi
1374 4415 1407 4476 et
1418 4414 1576 4490 magistro
1590 4415 1766 4478 Salomoni
1780 4432 1834 4479 ca-

1043 4511 1836 4591 nonicoHerbipolensi,salutemetapostohcam

1043 4608 1318 4672 benedictionem.
1783 4665 1790 4671 ,
1823 4674 1826 4685 ¹

1084 4707 1168 4778 Quia
1193 4706 1343 4781 perversi
1365 4705 1503 4768 difficile
1532 4705 1770 4783 corriguntur,
1793 4707 1835 4769 li·

1043 4803 1161 4865 benter
1175 4820 1212 4865 se
1226 4804 1343 4865 contra
1357 4818 1437 4864 suos
1461 4803 1597 4879 erigunt
1621 4807 1835 4875 correctores,

1043 4901 1205 4977 eligentes
1224 4901 1333 4978 potius
1354 4901 1389 4961 in
1404 4916 1465 4962 sua
1477 4901 1749 4976 computrescere
1765 4919 1837 4964 cor·

1043 4998 1173 5074 ruptela
1194 5012 1293 5074 quam
1315 4997 1485 5073 apropria
1505 4997 1708 5075 resipiscere
1726 4999 1837 5076 pravi·

1042 5094 1121 5165 tate,
1151 5093 1248 5171 quasi
1270 5092 1377 5154 foedus
1403 5108 1479 5154 oum
1503 5093 1610 5155 morte
1640 5093 1785 5158 fecerint
1807 5090 1838 5156 et

1044 5205 1118 5252 cum
1151 5189 1282 5251 inferno
1319 5189 1458 5252 inierint
1494 5189 1695 5266 pactionem.
1734 5195 1838 5266 Quum

1043 5286 1131 5348 enim
1145 5286 1265 5348 dilecto
1280 5285 1349 5347 tilio
1361 5286 1520 5362 magistro
1531 5287 1696 5359 conrado,
1709 5289 1837 5351 scolas·

1043 5385 1109 5446 tico
1124 5383 1329 5460 Magantino,
1346 5383 1520 5459 capellano
1532 5384 1568 5447 et
1587 5385 1839 5461 poenitentiario

1042 5483 1168 5552 nostro,
1185 5480 1309 5543 nostris
1328 5480 1411 5542 olim
1431 5479 1639 5543 dedissemus
1660 5481 1784 5544 litteris
1804 5483 1838 5543 in

994 5645 998 5652 ,
1042 5578 1221 5649 mandatis,
1239 5579 1274 5640 ut
1289 5577 1500 5654 presbyteros
1512 5580 1545 5640 et
1556 5578 1839 5641 aliosctericosin
