3774 6186
665 297 884 359 EPISTOLAE
907 298 1003 361 SINE
1025 298 1104 360 bin.

1104 627 1156 688 Ad
1170 628 1305 687 eosdem
1322 626 1497 701 protutor.

1127 754 1263 820 [Strehlke,
1280 754 1353 814 ibid,
1370 770 1394 804 n.
1407 754 1474 821 tta]

905 869 1047 931 Honorius
1061 871 1100 929 lll
1113 869 1193 944 jubet
1207 871 1339 944 prelatos
1355 870 1451 928 lavere
1465 871 1557 930 ordini
1573 871 1697 931 l'heuto·

940 956 1005 1015 nico
1018 972 1071 1015 nec
1083 957 1119 1014 de
1134 957 1247 1016 donatis
1259 960 1284 1016 ei
1303 959 1355 1016 sibi
1366 961 1521 1036 quicquam
1541 960 1697 1032 vindicare,

939 1052 1039 1116 quarta
1064 1054 1143 1117 parte
1167 1048 1328 1107 testamenti
1356 1047 1594 1119 parochianorum
1623 1046 1698 1122 apud

939 1131 1018 1191 illum
1029 1134 1142 1206 sepeliri
1155 1135 1329 1207 cupientium
1347 1149 1411 1192 asse
1423 1143 1582 1202 contentos,
1596 1151 1697 1210 excep·

940 1222 975 1278 tis
990 1222 1077 1278 armis
1091 1229 1119 1279 et
1133 1224 1224 1294 equis.
1242 1222 1386 1280 Fratribus
1400 1223 1594 1291 sacerdotibus
1612 1224 1698 1281 licere

939 1308 1148 1371 consessionem
1173 1311 1301 1384 recipere
1329 1309 1403 1383 apud
1431 1311 1560 1368 ordinem
1584 1311 1697 1383 sepeliri

939 1397 1118 1470 eligentium.

412 463 489 551 ΧΠ

89 623 144 683 Ad
157 623 428 696 archiepiscopos
442 623 477 685 et
496 625 671 699 episcopos
684 625 718 687 et
732 626 818 686 allos

246 721 469 782 ecclesiarum
482 722 656 794 praelatos.

232 865 366 931 [Strelhke
379 865 452 930 ibid,
463 882 489 930 p.
501 866 557 925 338,
569 882 593 917 n.
606 866 674 932 ils]

56 999 202 1057 Honorius
219 1000 259 1057 lll
274 1006 467 1072 apostatarum
485 1001 594 1057 ordinis
608 999 774 1058 theutonici
787 999 847 1057 tau·

121 1095 199 1147 tores
212 1102 333 1146 censure
346 1088 539 1147 ecclesiastice
553 1088 680 1146 cohiberi
692 1088 782 1162 iubet.

94 1233 262 1294 Honorius
272 1232 457 1309 episcopus,
470 1248 586 1293 servus
595 1248 767 1294 seruorum
776 1233 847 1305 nei,

54 1328 304 1391 venerabilibus
337 1328 495 1390 tratribus
530 1329 790 1407 archiepiscopis
818 1332 851 1392 et

55 1426 232 1506 episcopis,
249 1427 324 1499 etc„
341 1427 482 1494 salutem
501 1427 534 1492 et
554 1427 769 1504 apostolicam
788 1428 849 1489 be·

55 1524 289 1588 nedictionem.
943 1523 1614 1600 Honoriusepiscopus‚servnsservorum
1624 1524 1694 1596 bei,

98 1624 164 1684 Rea
177 1621 309 1698 quidem
323 1621 364 1682 ad
380 1637 441 1683 nos
454 1621 588 1684 omnino
603 1621 807 1684 detestabilis
818 1621 851 1683 et
904 1619 1151 1682 uenerabilibus
1183 1621 1341 1682 iratribus
1376 1621 1636 1700 archiepiscopis
1664 1622 1697 1684 et

54 1719 207 1795 regulari
221 1717 406 1795 discipline
423 1718 559 1779 inimica
575 1719 737 1796 pervenit,
751 1719 847 1796 quod,
904 1717 1082 1794 episcopis,
1097 1719 1171 1789 eto,
1193 1719 1334 1780 salutem
1351 1720 1383 1780 et
1402 1720 1618 1795 apostolicam
1634 1718 1697 1780 be·

55 1832 132 1878 cum
146 1815 280 1893 quidam
294 1815 338 1878 de
350 1815 507 1878 tratribus
522 1816 575 1878 uel
594 1816 753 1894 protessis
771 1817 851 1877 hos-
904 1814 1137 1876 nedictionem.

55 1912 170 1990 pitelis
187 1914 316 1973 Sanctae
339 1913 455 1974 Marias
474 1914 755 1987 Theutonioorum
770 1914 851 1975 Hie-
945 1911 981 1972 Si
1007 1911 1184 1988 diligenter
1209 1912 1395 1984 attenditis,
1418 1915 1540 1990 quanta
1567 1913 1697 1975 dilectis

55 2009 692 2087 rosolymitani,diaboloinstigante,a
718 2014 794 2073 uoto
818 2013 850 2073 ot
905 2007 983 2068 tiliis
1015 2008 1173 2071 iratribus
1208 2010 1384 2086 hospitalis
1420 2013 1549 2072 Sanctae
1578 2011 1697 2072 Mariae

56 2108 226 2184 proposito
239 2107 366 2169 ordinis
381 2108 434 2168 sui
449 2108 647 2180 resilientes,
664 2108 780 2170 relicto
796 2124 851 2169 re-
904 2105 1184 2168 Theutonicornm
1198 2107 1492 2185 Hierosolymitani
1509 2108 1697 2169 reverentia

55 2203 375 2280 ligionishabitu,de
386 2205 685 2267 militiaChristiad
697 2206 850 2266 militiam
905 2201 1073 2275 debeatur,
1090 2220 1269 2280 numquam
1285 2205 1337 2265 his
1350 2206 1565 2267 inveniemini
1578 2220 1697 2282 graves

55 2300 172 2361 mundi
196 2300 306 2362 redire
329 2301 520 2363 nullatenus
543 2301 753 2373 erubescant,
776 2301 851 2382 qui·
905 2300 1049 2361 existere
1061 2302 1119 2362 aut
1131 2301 1272 2372 molesti,
1287 2303 1343 2378 qui
1359 2304 1589 2364 sustentationi
1601 2306 1635 2365 et
1647 2318 1701 2367 re·

56 2396 256 2469 demetiam,
268 2398 372 2458 animi
384 2398 738 2474 levitatepotiusducti
750 2414 849 2476 quam
905 2395 1041 2472 trigario
1065 2413 1248 2475 pauperum
1263 2399 1318 2476 pia
1333 2402 1515 2463 noscuntur
1535 2400 1699 2460 sollicitu-

56 2493 128 2556 zelo
144 2495 317 2570 religionis
332 2496 476 2566 accensi,
491 2495 563 2555 sine
577 2496 711 2556 licentia
726 2496 851 2571 magis·
905 2491 981 2552 dine
996 2492 1186 2570 mancipati.
1209 2494 1371 2564 Quoniam
1391 2495 1494 2569 igitur
1507 2495 1608 2555 iidem
1624 2494 1696 2555 ira·

56 2591 100 2654 tn
120 2590 234 2652 suiad
254 2592 354 2653 alium
378 2593 527 2654 ordinem
552 2594 696 2653 transire
722 2608 851 2669 praesu·
904 2589 972 2649 tres
1000 2589 1041 2649 ad
1069 2589 1132 2650 hoc
1161 2591 1391 2667 principaliter
1409 2591 1592 2667 elaborant,
1611 2593 1698 2667 utse

56 2690 171 2765 mant3
197 2688 500 2765 quidamvestrum
529 2690 569 2750 de
595 2690 851 2768 praesumptione
905 2686 1030 2762 pariter
1055 2688 1089 2748 et
1110 2688 1233 2759 omnia,
1261 2704 1335 2763 quae
1361 2689 1547 2766 acquirunt,
1571 2688 1698 2751 deuotis

56 2785 248 2863 hujusmodi
274 2786 393 2861 uigiles
422 2788 454 2848 ot
480 2786 622 2847 studiosi
651 2787 794 2849 existere
818 2786 851 2851 et

56 2899 216 2944 excessus
244 2884 412 2959 corrigere
440 2883 613 2960 negligunt
639 2883 850 2959 eorumdem,

57 2980 115 3042 sed
130 2980 288 3058 quosdam
309 2981 456 3058 ipsorum
479 2980 520 3040 ad
543 2980 703 3041 militiam
721 2980 854 3040 secula·

906 2783 1072 2861 obsequiis
1092 2798 1274 2863 pauperum
1298 2785 1443 2865 undique
1462 2786 1699 2849 confluentium

906 2880 1082 2956 diligenter
1100 2882 1307 2959 impendant3
1339 2884 1590 2947 universitatem
1617 2900 1697 2946 ves-

906 2978 989 3040 tram
1011 2994 1186 3040 monemns
1207 2980 1365 3041 attentius
1380 2985 1412 3042 et
1427 2997 1486 3058 per
1507 2981 1698 3058 apostolica
1796 3013 1801 3021 ¹

56 3093 129 3138 rem
143 3079 177 3138 et
191 3077 324 3152 nuptias
338 3078 481 3139 transire
496 3079 634 3154 etjuxta
648 3094 716 3138 snm
731 3077 852 3138 volun·
905 3073 998 3135 vobis
1014 3077 1136 3151 scripta
1152 3077 1376 3153 praecipiendo
1393 3078 1598 3151 mandamus,
1615 3095 1700 3155 qua·

55 3174 136 3236 tatis
151 3173 325 3236 arbitrium
338 3175 372 3235 in
387 3175 530 3236 seculari
546 3175 613 3236 vita
629 3189 764 3237 manere
780 3190 851 3250 par·
905 3173 994 3233 tinus
1006 3172 1046 3232 ab
1058 3172 1205 3248 ipsorum
1218 3175 1467 3249 gravaminibus
1480 3175 1697 3248 abstinentes,

55 3270 203 3338 mittunt,
220 3272 354 3347 propter
372 3271 457 3347 quod
474 3270 611 3347 praelato
626 3271 735 3332 ordini
749 3271 850 3332 multa
906 3269 945 3330 ad
963 3269 1093 3338 solatia,
1110 3286 1183 3347 quaa
1200 3286 1259 3348 pro
1273 3287 1455 3349 pauperum
1471 3273 1698 3334 consolatione

56 3367 215 3429 scandala
242 3368 275 3429 et
298 3368 496 3430 detrimenta
524 3369 646 3444 saepius
675 3369 850 3444 provenire
905 3368 1088 3447 requirunt,
1103 3370 1246 3430 vestram
1263 3369 1372 3447 potius
1388 3385 1502 3431 curam
1518 3372 1551 3432 et
1567 3369 1696 3432 solliei-

56 3468 251 3534 nosountur,
272 3465 305 3525 in
330 3481 394 3541 quo
418 3466 532 3542 utique
554 3467 587 3526 et
607 3482 666 3526 uos
686 3465 750 3543 ipsi
770 3465 849 3526 ani·
905 3464 1052 3528 tudinem
1078 3466 1291 3537 convertatis,
1315 3469 1348 3528 et
1362 3466 1396 3527 in
1419 3467 1471 3528 his
1487 3484 1560 3545 qnae
1585 3467 1697 3531 domui

55 3578 186 3623 marum
207 3563 393 3623 vestrarum
416 3563 554 3638 potestis
578 3563 762 3639 periculum
784 3578 850 3623 non

55 3659 222 3723 modicum
232 3658 422 3727 formidare.
434 3660 502 3719 Nos
512 3659 616 3734 igitur
629 3660 750 3720 statum
764 3674 852 3735 prae-

56 3755 136 3817 dicti
159 3756 285 3817 ordinis
304 3756 471 3831 integrum
493 3758 527 3817 et
546 3755 688 3816 illaesum
710 3770 849 3816 conser„

55 3852 850 3917 sarevolentesettantisoandalimatariamnon

55 3950 207 4012 valentes
222 3949 431 4027 aliquatenus
447 3950 623 4020 sustinere,
640 3949 850 4011 universitati

54 4050 177 4110 vestrae
201 4062 261 4124 per
287 4048 476 4123 apostolica
503 4048 627 4123 scripta
655 4047 850 4107 mandamus

55 4146 156 4222 atque
171 4145 393 4221 praecipimus,
413 4147 586 4223 quatenns
608 4144 736 4220 siquos
751 4145 851 4220 hujus

54 4242 252 4304 inveneritis
265 4243 329 4302 viae
342 4243 444 4312 uiros,
462 4242 495 4301 in
509 4242 643 4318 synodis
661 4243 694 4303 et
705 4256 852 4302 conven-

906 3578 1020 3625 eorum
1035 3561 1076 3624 ab
1086 3563 1253 3641 aliquibus
1264 3563 1417 3626 fidelibus
1426 3566 1518 3626 sanis
1526 3565 1578 3627 uel
1589 3580 1699 3642 aegros

906 3659 1050 3720 tentibus
1059 3660 1285 3733 conteruntur,
1294 3661 1364 3724 siue
1375 3663 1699 3736 convalescantsiue

905 3757 991 3835 apud
1005 3757 1089 3818 alios
1103 3757 1266 3837 recipiant
1276 3760 1491 3836 sepulturam,
1504 3760 1589 3821 nihil
1604 3758 1699 3828 uobis

906 3855 940 3915 in
968 3869 1082 3919 eorum
1104 3854 1222 3916 domus
1241 3857 1471 3933 praejudicium
1491 3856 1699 3933 a'endicetis3

906 3967 965 4028 pro
978 3951 1191 4027 parochianis
1206 3955 1316 4015 autem
1332 3955 1463 4028 uostris,
1473 3955 1530 4031 qui
1544 3954 1701 4016 videlicet

905 4048 946 4109 ad
960 4051 1109 4110 extrema
1124 4048 1255 4110 deducti
1265 4050 1300 4111 in
1316 4052 1514 4113 coemeteriis
1525 4051 1700 4128 hospitalis

905 4146 1186 4208 Theutonioorum
1219 4148 1381 4222 elegerint
1404 4149 1550 4225 sepeliri,
1580 4150 1700 4225 quarta

907 4244 1033 4304 tantum
1053 4244 1126 4305 sitis
1152 4245 1342 4306 testamenti
1368 4247 1519 4322 portione
1538 4246 1697 4319 contenti,

54 4339 147 4401 tibus
158 4339 278 4400 vestris
298 4340 601 4402 excommunicatos
620 4338 754 4415 publico
766 4355 852 4398 nnn-
885 4347 967 4402 *nec
993 4341 1083 4401 aliud
1109 4357 1168 4418 pro
1197 4342 1278 4418 ipsis
1300 4358 1319 4403 a
1337 4345 1407 4419 jam
1428 4343 1525 4405 dictis
1540 4343 1699 4405 iratribus

55 4437 159 4509 tietis,
179 4437 240 4509 eis,
265 4437 354 4498 inter
380 4453 461 4513 qnos
485 4436 618 4497 illorum
642 4436 851 4497 conversatio
906 4439 1048 4515 exigatis
1059 4455 1124 4500 non
1137 4440 1355 4516 impedientes
1369 4441 1543 4502 occasione
1554 4441 1701 4518 qualibet

55 4549 132 4596 esse
153 4534 369 4610 dignoscitur,
392 4533 453 4594 sub
476 4533 746 4594 interminatione
769 4548 853 4593 ana·
906 4536 1123 4614 sepulturam,
1140 4553 1239 4613 quam
1254 4538 1303 4598 eis
1329 4538 1702 4600 misericorditerduxi·

55 4631 213 4694 thematis
228 4630 452 4707 prohibentes,
470 4633 505 4692 ut
520 4631 595 4691 illos
611 4631 696 4707 apud
720 4646 756 4690 se
771 4630 854 4690 reti·

55 4745 139 4791 nere
158 4731 191 4791 et
209 4729 333 4789 eisdem
350 4718 596 4789 communicare
609 4727 700 4788 nulla
722 4728 852 4788 ratione

55 4828 274 4906 praesumant,
288 4828 321 4886 et
336 4825 399 4886 hoc
413 4826 540 4886 tamdiu
558 4824 688 4887 faciatis
710 4824 854 4885 inuiola-

55 4924 171 4986 biliter
189 4923 372 4994 observari,
389 4923 492 4984 donec
519 4922 649 4999 praesati
671 4921 734 4982 uiri
753 4921 794 4981 ad
817 4936 852 4981 se

56 5022 378 5094 redeuntes,reverti
391 5020 432 5081 ad
444 5036 540 5080 sunm
551 5020 700 5080 ordinem
714 5018 854 5095 compel-

56 5119 172 5181 lantur
193 5121 227 5181 et
243 5123 368 5221 votutm,
392 5117 478 5195 qnod
502 5117 723 5191 violaverunt,
740 5116 853 5177 omni-

56 5218 165 5280 modis
181 5216 369 5279 observare.
387 5216 517 5287 Datum,
531 5216 595 5277 otc.

907 4651 979 4694 mus
995 4633 1241 4709 indulgendam,
1259 4651 1301 4696 ex
1316 4651 1379 4712 quo
1396 4636 1611 4712 praetaxatam
1627 4652 1701 4712 par·

906 4731 971 4792 tem
987 4746 1046 4807 pro
1060 4731 1127 4790 illis
1142 4732 1305 4802 ecclesiis,
1321 4747 1339 4791 a
1358 4731 1476 4808 quibus
1494 4733 1699 4793 mortuorum

907 4843 1047 4904 corpora
1067 4833 1291 4899 assumuntur,
1318 4827 1460 4889 fideliter
1484 4829 1699 4904 resignarint.

908 4927 945 4985 ln
961 4925 1139 4986 bisantem
1160 4925 1391 5002 eleemosynis,
1408 4942 1481 5001 qnae
1496 4926 1629 5002 pietatis
1644 4926 1700 4986 in-

908 5023 993 5084 tuitu
1008 5022 1243 5100 praedictorum
1272 5022 1411 5084 fratrum
1440 5023 1586 5085 domnia
1610 5023 1703 5087 sanis

909 5121 941 5181 et
954 5120 1041 5181 bene
1061 5120 1249 5182 valentibus
1270 5120 1496 5193 conteruntur,
1511 5137 1607 5182 nemo
1622 5137 1702 5182 ses-

909 5219 996 5278 trnm
1008 5221 1187 5294 prasumat
1208 5217 1354 5294 aliquam
1379 5217 1443 5278 sibi
1469 5219 1603 5293 exigere
1619 5234 1701 5295 por-

910 5316 1044 5376 tionem.
1061 5319 1109 5376 Ex
1120 5316 1177 5376 illa
1190 5332 1270 5376 uero
1283 5318 1412 5393 quarta,
1430 5332 1503 5392 qnae
1518 5314 1612 5376 vobis
1623 5331 1704 5376 con-

911 5413 1041 5474 ceditur
1074 5412 1250 5488 exigenda,
1272 5429 1365 5474 arma
1392 5415 1426 5473 et
1457 5428 1560 5488 equos
1595 5413 1705 5491 excipi

911 5507 1103 5569 uolumuset
1113 5506 1319 5578 mandamns,
1331 5522 1403 5583 qnae
1414 5505 1582 5584 praedictas
1592 5506 1704 5569 domui

911 5604 950 5665 ad
978 5605 1203 5667 defensionem
1230 5604 1328 5666 terrae
1353 5602 1704 5680 llierosolpmitanaea
1733 5605 1735 5608 ⁴
