3774 6186
53 353 115 414 61³
681 347 909 409 EPISTOLAE.
933 346 1010 407 LlB.
1034 349 1073 407 V.
1638 347 1698 406 014

55 510 196 587 legatus,
211 511 245 572 et
256 508 397 571 dilectus
412 508 501 570 iilius
515 511 548 571 S.
560 508 713 572 Basillcoe
726 508 853 571 duode-
905 506 1102 569 beneficium
1117 480 1338 568 absolutionis
1357 507 1543 584 impendam
1563 522 1638 568 curn
1656 505 1698 568 110

56 609 121 670 cim
129 607 361 685 Apostolorum
371 606 543 685 presbyter
551 607 746 685 card.,quos
755 605 851 668 bonae
906 605 1123 666 nihilominus
1143 605 1198 681 qui
1221 605 1283 664 hac
1305 605 1344 665 de
1367 620 1468 666 causa
1482 605 1615 666 vinculo
1637 620 1699 666 ex-

55 707 266 767 memoriani
269 749 342 766 ......
371 720 457 782 papa
488 705 716 782 praedecessor
739 707 852 766 noster
906 703 1215 764 communicationis
1229 702 1503 764 adstrictidivina
1515 718 1699 780 praesump-

54 803 117 864 tibi
141 804 174 865 et
196 802 381 865 venerabili
405 803 500 864 tratri
522 803 636 864 nostro
639 846 701 863 .....
718 803 854 878 strigo*

56 901 168 961 niensi
183 901 435 978 archiepiscopo
446 901 658 962 concesserat
669 899 849 971 auditores,

57 1014 159 1075 super
169 1001 246 1076 jure
265 998 491 1060 coronationis
513 1000 546 1059 et
565 997 782 1074 injunctionis
798 1012 853 1058 re-

56 1096 213 1172 ginarum
230 1097 423 1171 Hungariae,
444 1094 586 1157 abbatiis
606 1095 639 1156 et
654 1094 853 1172 praepositu-

58 1194 106 1254 ris
122 1193 291 1270 regalibus
308 1193 566 1270 vesprimiensis
581 1193 734 1254 dioecesis
748 1193 781 1253 et
795 1207 852 1253 re-

58 1290 121 1352 bus
140 1292 217 1352 aliis
237 1306 297 1369 pro
316 1293 349 1353 te
367 1293 482 1353 contra
497 1290 649 1353 eumdem
661 1289 851 1366 archiepis-

59 1404 179 1466 copum
203 1387 450 1451 rationabiliter
469 1388 731 1466 promulgarunt,
753 1391 853 1464 Apos-

57 1487 161 1548 tolico
174 1485 390 1561 dignaremur
404 1486 586 1547 munimine
601 1485 769 1547 roborare.
784 1486 852 1545 Nos

58 1583 164 1661 igitur
190 1585 257 1645 tuis
277 1585 377 1661 justis
407 1583 559 1660 precibus
583 1583 746 1655 inclinati,
773 1598 853 1643 sen-

56 1682 196 1743 tentiam
216 1682 322 1758 ipsam
343 1682 475 1758 justitia
499 1681 653 1757 exigente
676 1681 850 1758 prolatam,

55 1781 256 1841 auctoritate
268 1779 458 1856 Apostolica
469 1779 714 1851 confirmamus,
727 1780 759 1841 et
771 1793 854 1856 prae·

56 1878 163 1939 sentis
173 1878 288 1953 scripti
300 1878 485 1954 patrocinio
496 1877 749 1937 communimus.
759 1875 851 1937 Nulli

54 1991 137 2050 ergo
150 1976 286 2036 omnino
299 1976 470 2036 hominum
486 1975 585 2036 liceat
597 1973 684 2035 hanc
696 1975 852 2051 paginam

55 2075 180 2134 nostrae
214 2073 478 2135 confirmationis
516 2071 708 2148 intringere,
738 2073 792 2133 vel
820 2072 852 2133 ei

56 2186 142 2232 ausu
169 2171 349 2231 temerario
373 2168 551 2232 contraire.
576 2170 612 2231 Si
638 2170 713 2247 qttis
741 2170 852 2231 autem

56 2269 222 2329 attentare
233 2269 493 2345 praesumpserit,
505 2267 767 2344 indignationem
780 2283 853 2328 om-

58 2365 239 2442 nipotentis
257 2366 327 2437 Dei,
344 2381 384 2426 ac
404 2364 577 2426 beatorum
598 2365 688 2426 Petri
707 2365 741 2425 et
755 2364 852 2426 Pauli

57 2462 284 2539 apostolorum
309 2465 381 2540 eJ‘us
410 2478 446 2523 se
471 2462 602 2524 noverit
626 2463 849 2523 incursurum.

24 2613 29 2624 .
56 2561 177 2621 Datum
212 2561 379 2631 Laterani,
404 2562 465 2622 XV
497 2559 658 2621 kalendas
688 2559 850 2637 januarii,

59 2657 271 2733 pontificatus
287 2657 393 2718 nostri
407 2673 495 2718 anno
510 2658 636 2735 quinto.

58 2951 110 3011 Ad
132 2954 332 3012 Errordum
360 2955 555 3026 apocopum
575 2954 850 3013 ambulassem.

313 3065 348 3122 20
367 3063 496 3123 decemb.
519 3066 598 3123 1220.

58 3170 196 3234 [bouquet
209 3171 267 3222 llec.
282 3172 327 3222 des
342 3172 417 3229 lltst,
428 3177 447 3221 t.
459 3172 563 3236 111100.
575 3171 630 3231 tta
642 3172 750 3236 liegest,
761 3170 808 3222 lib.
819 3172 851 3230 V,

382 3252 456 3316 epist.
473 3251 542 3316 211]

58 3347 102 3406 1111
122 3348 254 3405 concedit
274 3349 429 3419 licentiam,
444 3357 476 3407 ut
498 3351 629 3422 personis
649 3349 852 3407 ecciesiasticis

90 3436 224 3494 dioecesis
244 3451 303 3494 suta
322 3439 390 3494 olim
409 3439 664 3496 excommunicatis
684 3437 758 3510 ortod
772 3439 850 3495 vice·

91 3525 195 3582 simam
214 3539 271 3581 non
287 3526 485 3597 persolverint,
505 3542 585 3584 nunc
603 3528 714 3584 solvere
735 3528 851 3600 paratis,

92 3609 266 3670 beneilcium
282 3613 469 3671 absolutionis
487 3613 644 3687 impendat.

97 3729 266 3790 Honorius
290 3730 465 3807 episcopus
468 3774 528 3790 .....
552 3730 734 3792 venerabili
756 3730 851 3792 tratri

57 3825 216 3902 episcopo
230 3826 458 3898 ambianensi,
473 3826 625 3900 salutem,
638 3829 699 3889 etc.

98 3925 149 3984 lix
164 3926 259 3999 parte
278 3925 335 3985 tua
351 3924 415 3985 luit
428 3923 523 3985 nobis
538 3924 709 3987 humiliter
723 3925 853 4002 suppli-

56 4022 179 4092 catum,
197 4024 233 4082 ut
249 4037 323 4082 cum
339 4020 525 4094 abbatibus,
543 4022 710 4099 prioribus
729 4024 762 4086 01
776 4024 852 4084 01110

57 4117 294 4179 00010010011010
308 4119 460 4195 personis
474 4123 540 4181 tuae
555 4119 719 4192 dioecesis,
736 4121 765 4180 si
778 4137 851 4197 quae

56 4213 198 4275 forsitan
227 4216 590 4277 excommunicationis
608 4217 687 4278 sunt
719 4217 852 4279 vinculo

56 4310 237 4382 innodatae,
251 4327 310 4388 pro
325 4328 365 4374 00
378 4312 476 4389 quod,
487 4316 584 4390 juxta
600 4315 768 4389 generalis
783 4317 853 4376 sta-

57 4410 127 4469 tuta
152 4408 303 4482 concilii,
326 4409 519 4470 vicesimam
546 4411 678 4472 statutis
700 4411 852 4473 terminis

56 4505 110 4565 vel
132 4521 206 4566 cum
225 4506 417 4582 integritate
436 4506 545 4569 debita
566 4509 702 4569 minime
721 4509 852 4585 persol-

56 4603 187 4675 verunt,
204 4617 243 4664 ac
261 4603 328 4663 illis
348 4603 446 4664 etiam
463 4605 529 4680 qui,
545 4605 603 4667 tali
623 4607 853 4668 excommuni-

57 4700 188 4762 catione
211 4701 317 4777 ligati,
332 4699 446 4761 divina
468 4706 751 4780 praesumpserunt
777 4705 852 4765 010-

56 4798 109 4858 010
138 4796 324 4869 celebrare,
348 4799 531 4874 praesertim
558 4816 632 4861 cum
657 4801 851 4863 vicesimam

57 4895 163 4972 ipsam
182 4894 309 4972 integre
332 4896 462 4957 solvere
482 4897 549 4959 sint
570 4899 689 4974 parati,
711 4899 850 4977 dispen-

56 4992 152 5053 sandi
181 4992 242 5054 tibi
279 4993 448 5055 licentiam
482 4996 665 5057 concedere
692 4996 852 5073 dignare-

56 5105 142 5151 mur.
165 5092 234 5152 Nos
256 5092 369 5167 igitur,
393 5093 460 5154 tuis
479 5091 606 5154 aeveus
628 5093 780 5171 precibus
795 5095 851 5156 in-

56 5188 191 5257 clinati,
230 5188 431 5250 fraternitati
460 5190 525 5251 tuae
567 5207 627 5267 per
661 5193 850 5269 Apostolica

55 5285 180 5363 scripta
213 5286 419 5358 mandamus,
459 5289 621 5365 quatenus
661 5288 848 5364 abbatibus,

55 5383 224 5463 prioribus
239 5385 272 5445 et
286 5384 363 5444 aliis
378 5384 590 5461 supradictis,
608 5387 778 5463 praefatam
793 5390 849 5450 vi-

54 5482 213 5544 cesimam
244 5497 318 5542 cum
351 5482 542 5558 integritate
570 5483 784 5558 solventibus,
814 5486 850 5548 in

53 5583 168 5640 Terrae
190 5581 321 5641 Sanctae
345 5578 848 5663 subsidium·transmittendam,

91 5680 134 5756 (1)
155 5684 260 5739 Forte:
276 5698 437 5756 00000000
452 5699 518 5742 non.

906 804 1022 863 serunt
1045 800 1155 862 0111010
1183 799 1365 868 celebrare,
1386 800 1426 861 de
1455 801 1699 868 misericordia,

904 914 980 976 quae
995 898 1221 974 superexaltat
1229 898 1367 975 jndicio,
1380 898 1577 959 auctoritate
1590 903 1698 975 Apos-

905 996 1007 1057 tolica
1029 996 1261 1073 dispensando.
1285 996 1403 1057 Datum
1430 996 1597 1069 Laterani,
1622 998 1700 1058 XIII

907 1094 975 1154 kal.
987 1095 1146 1170 januarii,
1163 1108 1251 1155 anno
1266 1094 1393 1170 quinto.

1274 1254 1334 1340 GL

955 1391 1007 1449 ,40
1021 1391 1314 1462 archiepiscopum
1330 1388 1647 1464 Rotlromaoenscm.

1174 1502 1210 1558 20
1223 1499 1352 1558 decemb.
1370 1501 1449 1558 1220.

935 1610 1054 1673 [flesset.
1065 1608 1110 1659 lib.
1123 1609 1153 1666 V,
1164 1608 1239 1672 epist.
1252 1608 1307 1656 202.
1322 1608 1379 1656 idas.
1392 1609 1429 1658 La
1442 1609 1517 1658 Porta
1526 1608 1560 1658 du
1571 1609 1666 1674 111011]

907 1707 1038 1776 Mandat,
1065 1715 1095 1763 ut
1120 1705 1259 1778 quosdam
1287 1706 1445 1763 monachos
1469 1708 1498 1763 in
1526 1709 1701 1766 monasterio

942 1800 1063 1855 Beccen.
1089 1795 1232 1853 mediante
1251 1797 1320 1853 vitio
1343 1797 1473 1853 simoniae
1494 1797 1650 1869 ingressos,
1671 1797 1701 1854 in

942 1885 1119 1943 obedientias
1133 1886 1215 1942 istius
1230 1886 1395 1942 monasterii
1409 1894 1568 1943 removeat.

946 2004 1124 2075 Honorius,
1147 2003 1223 2074 etc,
1243 2002 1427 2064 venerabili
1446 2003 1541 2065 iratri
1563 2003 1698 2066 archie-

907 2102 1042 2179 piscopo
1057 2102 1297 2174 Rolhomagen.

947 2199 1065 2260 Dilecti
1085 2198 1146 2261 0111
1175 2194 1277 2258 abbas
1299 2197 1332 2258 et
1356 2197 1537 2260 conventus
1562 2201 1699 2261 Beccen.

907 2296 1002 2358 nobis
1028 2296 1200 2356 humiliter
1236 2296 1477 2373 supplicarunt,
1512 2295 1596 2372 quod
1626 2312 1714 2373 cum,

907 2394 1040 2472 quidam
1061 2408 1176 2453 eorum
1196 2391 1315 2454 fratres
1334 2394 1370 2453 10
1391 2408 1506 2455 eorum
1531 2396 1703 2456 monaste-

907 2493 992 2552 rium
1017 2492 1204 2567 ingressum
1234 2490 1411 2552 habuerint
1435 2490 1600 2553 mediante
1619 2491 1702 2553 viiio

908 2588 1070 2661 simoniae,
1092 2604 1192 2666 super
1211 2588 1274 2649 hoc
1289 2589 1426 2665 paterna
1442 2588 1616 2665 providere
1631 2590 1702 2650 sol-

907 2686 1079 2747 licitudine
1098 2686 1323 2761 dignaremur.
1343 2687 1486 2763 ideoque
1502 2685 1703 2749 fraternitati

906 2784 972 2845 tuae
987 2783 1243 2861 perApostolica
1258 2784 1381 2860 scripta
1397 2784 1603 2854 mandamus,
1618 2800 1703 2862 qua-

907 2883 1002 2944 tenus
1017 2881 1094 2942 illos
1108 2882 1165 2958 qui
1181 2881 1292 2943 taliter
1307 2881 1514 2943 intraverunt
1529 2885 1700 2944 monaste·

906 2980 993 3039 rium
1036 2981 1253 3040 memoratum
1286 2980 1321 3039 in
1357 2979 1462 3055 ipsius
1504 2980 1700 3041 obedientiis

907 3077 1061 3144 colloces,
1078 3092 1246 3152 nunquam
1258 3073 1305 3154 (1)
1322 3091 1422 3136 causa
1433 3076 1589 3137 continue
1604 3092 1698 3137 com-

907 3173 1057 3235 morandi
1077 3173 1118 3234 ad
1138 3174 1247 3250 ipsum
1267 3174 1505 3235 monasterium
1522 3174 1698 3235 redituros.

906 3270 1701 3349 DatumLaterani,Xllkal.januarii,pont.n0s·

906 3370 950 3432 tri
967 3385 1055 3431 anno
1069 3369 1195 3447 quinto.

1261 3478 1343 3566 ubl

1041 3605 1093 3664 Ad
1107 3606 1302 3678 episcopum
1317 3604 1568 3666 Pictavensem.

1165 3709 1198 3766 21
1214 3706 1344 3766 decemb.
1362 3708 1443 3766 1220.

943 3804 1064 3868 [1100001.,
1074 3804 1119 3854 lib.
1130 3804 1160 3861 V,
1173 3805 1248 3868 epist.
1258 3805 1314 3855 021.
1325 3807 1384 3856 1100.
1393 3807 1428 3856 La
1440 3806 1514 3855 Porta
1523 3805 1556 3855 du
1569 3805 1662 3870 thail]

917 3903 1010 3974 Ipsius
1024 3902 1153 3960 ecclesia
1164 3901 1370 3959 ordinationem
1388 3902 1441 3974 ipsi
1455 3903 1509 3959 soli
1524 3903 1685 3960 committit.

947 4019 1125 4091 Honorius,
1143 4018 1219 4087 etc,
1233 4018 1419 4080 venerabili
1434 4018 1529 4080 tratri
1544 4020 1698 4097 episcopo

907 4116 1089 4177 Pictavien.

947 4214 1030 4286 Quia
1041 4213 1127 4275 sicut
1136 4214 1192 4275 tua
1203 4213 1299 4275 nobis
1312 4213 1461 4276 exhibita
1476 4214 1590 4292 petitio
1603 4215 1699 4291 pate·

907 4310 1092 4382 10011,οηῐο
1124 4311 1184 4373 tibi
1212 4312 1338 4374 nostris
1364 4312 1553 4374 dederimus
1578 4311 1699 4374 litteris

906 4411 941 4470 in
957 4409 1133 4482 mandatis,
1148 4410 1185 4471 ut
1199 4411 1367 4472 Pictaren.
1379 4409 1554 4472 ecclesiam
1564 4409 1605 4471 00
1620 4426 1700 4487 per-

906 4508 997 4569 sonis
1011 4507 1141 4568 idoneis
1154 4507 1196 4568 de
1209 4523 1375 4569 consensu
1387 4509 1524 4586 majoris
1536 4511 1570 4570 01
1581 4510 1698 4570 sanio-

905 4606 953 4666 ris
976 4605 1081 4682 partis
1096 4606 1233 4682 capituli
1248 4606 1432 4677 ordinares,
1449 4606 1584 4682 singuli,
1602 4607 1697 4682 quasi

906 4703 946 4764 00
965 4701 1111 4780 capitulo
1135 4703 1305 4780 proprium
1331 4707 1506 4779 sequentes
1528 4703 1695 4769 affectum,

906 4800 1172 4875 consanguineos
1183 4815 1261 4861 suos
1274 4801 1308 4859 in
1320 4799 1434 4860 eadem
1446 4799 1586 4860 ecclesia
1599 4800 1698 4861 insti-

905 4899 998 4958 tuere
1011 4898 1205 4968 moliuntur,
1222 4912 1322 4958 carne
1336 4896 1399 4956 sibi
1415 4900 1448 4958 et
1463 4897 1624 4973 sanguine
1640 4912 1696 4959 re·

904 4995 1047 5066 velante,
1075 5010 1146 5065 nos,
1173 4994 1213 5056 de
1236 4995 1293 5056 tua
1312 4994 1512 5057 discretione
1541 4995 1696 5071 gerentes

905 5093 1059 5153 fiduciam
1094 5093 1287 5168 pleniorem,
1311 5093 1553 5154 ordinationem
1590 5093 1696 5170 ipsius

904 5190 1054 5251 ecclesiae
1069 5190 1129 5252 tibi
1144 5190 1300 5252 duximus
1322 5190 1599 5262 committendam,
1620 5189 1696 5251 ira-

903 5288 1092 5350 ternitatem
1114 5291 1204 5349 tuam
1226 5289 1398 5349 monentes
1415 5289 1549 5357 attente,
1576 5302 1615 5348 ac
1636 5303 1695 5364 per

904 5385 1093 5463 Apostolica
1113 5385 1173 5446 tibi
1202 5385 1325 5463 scripta
1347 5385 1552 5455 mandantes,
1578 5386 1697 5461 quate·

906 5501 967 5545 nus
982 5483 1155 5545 ecclesiam
1172 5484 1277 5561 ipsam
1297 5484 1496 5546 anctoritate
1516 5485 1630 5544 nostra
1648 5483 1695 5544 ita

905 5582 1038 5644 studeas
1065 5583 1105 5642 de
1134 5582 1285 5659 personis
1314 5580 1442 5642 idoneis
1470 5579 1694 5653 ordinare,ne
