3774 6186
145 106 201 165 313

147 261 266 343 ubique
284 264 327 327 ab
339 268 423 337 osis,
442 268 476 329 et
490 280 589 328 caseo
604 267 745 330 debeant
759 269 936 333 abstinere.

146 360 233 423 Sane
247 378 309 441 per
320 364 426 426 totum
441 378 564 425 annum
579 364 645 426 duo
663 368 755 428 cocta
770 369 937 444 pulmenta

145 456 173 518 in
199 459 257 519 die
279 460 448 522 sufficiant
466 462 536 522 sive
558 478 624 522 una
646 463 689 524 sit
702 464 851 535 relecti0,
868 465 938 526 sive

141 553 228 616 duae.
255 558 384 633 Siquid
401 558 485 619 torte
501 559 665 619 interdum
682 560 866 621 addendum
881 564 936 621 vi-

134 650 285 724 debitur,
306 655 475 716 moderate
501 655 566 716 liat.
590 656 721 717 servata
737 658 771 717 in
785 657 937 719 omuibus

128 751 319 824 parvitate.

174 848 305 909 Verum
320 849 432 910 tamen
442 851 578 912 omnino
593 851 743 914 infirmos
758 853 837 914 huic
850 869 938 913 men·

760 112 987 174 EPISTOLAE.
1012 115 1088 175 LIB.
1113 116 1166 176 IV.

1728 128 1787 188 ott

993 275 1180 336 cessitatem
1195 275 1295 337 eham
1312 276 1511 341 evidentem.
1527 284 1563 342 ln
1583 282 1646 344 hac
1660 284 1782 358 tamen,

993 384 1052 430 seu
1066 372 1212 447 qualibet
1226 372 1293 434 alia
1315 374 1562 452 dispensatione
1584 394 1651 440 non
1676 383 1786 444 atten-

993 467 1048 528 dat
1070 458 1161 543 pribr
1175 486 1311 546 pravam
1326 472 1529 535 voluntatem
1552 475 1781 552 inridentium,

993 565 1048 623 sed
1066 565 1203 641 paterno
1217 567 1338 629 attactu
1360 572 1611 634 necessitatibus
1626 575 1784 651 indigen-

993 662 1073 721 tium
1091 663 1342 736 condescendat,
1366 667 1443 741 quia
1466 670 1646 730 secundum
1666 687 1784 733 exem-

992 758 1082 832 plum
1106 761 1323 835 apostolicum
1339 762 1550 825 dividendum
1569 768 1619 828 est
1633 769 1785 830 omnibus

992 870 1066 914 oum
1099 857 1217 917 timore
1254 859 1401 931 Domini,
1432 863 1529 936 prout
1555 865 1674 941 cuique
1702 882 1784 943 opus

992 953 1066 1013 erit.

1031 1051 1206 1111 canonicis
1234 1068 1314 1113 vero
1338 1055 1390 1114 usi
1410 1055 1506 1115 cottis
1521 1058 1586 1117 nisi
1608 1060 1735 1122 tautum
1750 1062 1786 1123 in

992 1146 1147 1222 capitulo,
1169 1149 1201 1209 et
1227 1148 1260 1208 in
1283 1150 1396 1222 chero,
1416 1153 1450 1212 in
1471 1152 1592 1215 divinis
1607 1155 1738 1230 ciliciis,
1754 1160 1787 1222 et

991 1245 1024 1304 et
1038 1243 1073 1303 in
1088 1243 1256 1321 obsequiis
1269 1247 1358 1308 circa
1371 1249 1489 1312 alteria
1505 1250 1715 1322 exhibendis,
1731 1256 1785 1318 sel

992 1355 1065 1400 cum
1089 1341 1128 1401 ad
1146 1358 1228 1417 opus
1251 1344 1310 1404 Dei
1326 1345 1359 1404 in
1380 1346 1554 1408 ecclesiam
1569 1350 1711 1423 vadunt,
1726 1366 1785 1413 seu

992 1437 1068 1496 inde
1096 1439 1245 1510 redeunt,
1272 1443 1304 1502 et
1331 1442 1366 1501 iu
1394 1443 1564 1505 atterendo
1584 1445 1717 1519 ignem,
1752 1449 1786 1509 et

992 1550 1122 1610 aquam,
1138 1538 1170 1596 et
1185 1537 1251 1597 alia
1275 1555 1347 1614 qum
1362 1543 1439 1600 sunt
1453 1544 1641 1603 necessaria
1661 1542 1784 1606 divinis

118 959 229 1007 surm
265 961 333 1006 non
368 947 611 1023 restringimus
648 966 709 1011 nec
743 950 843 1011 etiam
875 951 938 1012 iter

111 1044 317 1115 agentes...
334 1059 354 1104 a
378 1044 506 1106 Pascha
524 1047 682 1122 usquead
699 1047 937 1109 exaltationem

115 1140 274 1201 Sanctae
290 1143 404 1202 crucis
419 1144 492 1218 post
506 1144 691 1218 prandium,
709 1144 759 1204 vel
775 1146 848 1221 post
866 1160 938 1205 sex·

109 1238 209 1297 tarn
236 1238 369 1314 quando
393 1241 548 1315 jejunant
574 1241 704 1311 clerici,
735 1243 875 1317 pausent
903 1242 935 1303 in

112 1334 239 1396 lectis
255 1336 325 1395 suis
340 1352 445 1413 usque
464 1338 504 1397 ad
528 1352 660 1408 nonam,
682 1338 768 1414 quod
784 1340 938 1400 similiter

115 1431 171 1490 in
185 1431 337 1493 claustro
349 1449 410 1495 suo
420 1433 555 1505 faciant,
569 1436 602 1496 et
612 1451 755 1507 sorores,
771 1436 836 1495 nisi
852 1436 936 1497 torte

117 1528 322 1605 aliquando
337 1545 380 1604 er
401 1531 535 1592 licentia
550 1531 774 1593 absolvantur.
788 1532 938 1594 Sutflciat

122 1624 280 1686 cuilibet
306 1625 502 1687 clericorum
527 1644 593 1689 una
620 1644 718 1704 capa,
741 1630 815 1690 duae
842 1631 937 1691 cottae

126 1719 252 1792 lineae,
277 1720 341 1782 duo
365 1724 553 1799 scapularia
576 1725 684 1790 lanea.
706 1725 780 1785 duae
802 1726 934 1797 tunicae,

131 1834 244 1878 unum
259 1819 432 1895 scapulare
451 1821 637 1896 pelliceum,
659 1823 730 1883 sive
746 1838 810 1882 una
826 1822 935 1899 pellis,

137 1917 175 1976 et
199 1932 302 1976 unum
331 1917 516 1993 pellicium,
545 1919 617 1980 sive
643 1935 758 1996 ruppa.
785 1921 823 1980 Et
847 1920 937 1980 nulla

139 2013 245 2073 vestis
273 2012 412 2091 pellicea
435 2014 636 2087 habeantur,
661 2017 863 2087 malenina,
884 2017 936 2077 vel

141 2110 266 2183 agnina
293 2110 504 2173 mediocriter
526 2129 652 2187 grossa.
681 2116 760 2174 ltem
787 2113 936 2174 duaeca-

141 2207 248 2267 misiae
268 2207 308 2268 de
322 2208 468 2279 boreclo,
491 2210 630 2271 ulterius
652 2211 726 2271 duae
752 2212 934 2281 stamineae,

142 2306 176 2364 et
196 2303 263 2365 duo
283 2304 484 2376 sermonalis,
504 2307 578 2368 duae
597 2308 713 2384 caligae
729 2308 846 2379 laneae,
864 2309 937 2369 sine

141 2400 327 2478 pedulibus,
339 2404 372 2464 et
382 2405 524 2479 quatuor
536 2406 644 2475 lineae,
657 2406 800 2481 quatuor
812 2405 936 2466 scutio-

141 2514 213 2570 nes,
231 2499 296 2559 duo
311 2499 520 2573 subtellares,
539 2503 572 2562 et
588 2502 662 2563 duae
679 2502 778 2564 hottae
791 2502 934 2573 filtratae,

142 2598 176 2658 et
199 2595 319 2673 pilleus
335 2597 462 2670 laneus,
480 2599 532 2659 vel
548 2599 697 2675 pellicus.
712 2600 863 2661 Sufficiat
876 2616 938 2660 au-

141 2696 208 2754 tem
232 2693 368 2755 cuilibet
381 2711 468 2755 unus
481 2710 607 2767 saccus,
632 2698 665 2757 et
680 2712 780 2756 unum
796 2697 937 2772 capitale

141 2790 182 2849 de
193 2790 327 2866 plumis,
344 2794 438 2867 cujus
452 2793 621 2867 longitudo
635 2809 700 2853 non
721 2794 938 2870 protendatur

142 2886 233 2946 ultra
264 2887 346 2947 duos
373 2888 484 2964 pedes,
515 2890 579 2949 duo
607 2890 801 2950 linteamina
827 2889 935 2961 lanea,

139 2985 386 3059 coopertorium
411 2985 557 3057 ovinum,
574 2987 626 3046 vel
651 2987 739 3057 lena,
756 3002 815 3047 seu
830 2988 937 3048 cultra

140 3095 210 3140 non
233 3081 376 3154 curiosa,
394 3082 449 3142 sed
466 3084 662 3159 simpliciter
683 3087 830 3161 operata.
851 3086 938 3145 Gon-

139 3179 231 3237 sersi
256 3179 422 3255 praedictis
445 3180 579 3241 utantur
604 3181 770 3253 vestibus,
798 3183 831 3242 et
846 3182 936 3242 stra-

141 3275 263 3335 mentis
291 3276 450 3337 lectorum
478 3280 599 3354 praeter
630 3279 749 3340 cottam
764 3280 797 3339 et
816 3278 935 3350 bottas,

140 3371 209 3431 nisi
224 3387 284 3448 pro
296 3373 408 3449 aliqua
423 3375 614 3436 rationabili
632 3391 733 3436 causa
745 3375 844 3436 bottas
857 3392 938 3437 con-

139 3468 303 3530 cedantur
313 3470 573 3548 alicuiapriore,
587 3472 725 3548 capellis
741 3472 841 3532 etiam
857 3488 938 3533 con·

139 3567 248 3627 cessis
260 3567 397 3627 eisdem.

181 3663 325 3724 Cuilibet
352 3665 452 3726 etiam
487 3681 638 3728 sororum
673 3665 842 3727 sutflciant
872 3680 937 3726 una

138 3760 270 3831 clamis,
286 3761 360 3822 duae
384 3761 504 3834 bindae,
527 3767 596 3825 tres
611 3763 758 3825 camisiae
783 3764 823 3824 de
839 3763 939 3824 bora·

139 3858 207 3929 cio,
230 3858 284 3919 vel
299 3858 341 3919 de
360 3860 534 3932 staminea,
560 3877 627 3922 una
649 3861 762 3923 tunica
785 3859 939 3937 superior

138 3972 217 4016 cum
233 3957 382 4032 capucio,
395 3958 428 4018 et
442 3957 515 4019 duae
530 3958 717 4026 interiores,
738 3975 840 4019 unum
861 3973 938 4018 sca·

138 4052 260 4129 putare
295 4054 437 4123 lineum,
471 4070 537 4116 una
568 4057 751 4132 guarnacia
786 4055 936 4132 pellicea.

75 4154 80 4163 '
139 4152 361 4212 caeteravero
379 4152 582 4224 indumenta,
610 4155 644 4214 et
667 4153 881 4223 lectisternia,
906 4154 940 4214 et

139 4246 370 4311 calceamenta
394 4250 479 4311 sicut
505 4250 619 4311 clerici
645 4250 791 4311 habeant
819 4250 939 4325 praeter

140 4360 261 4419 capam
283 4348 317 4407 et
341 4347 474 4407 cottam.
496 4347 614 4409 Omnia
640 4363 720 4408 vero
746 4346 938 4407 indumenta

139 4441 241 4502 lanea
262 4443 329 4502 sint
350 4444 513 4504 naturalis
532 4445 666 4515 coloris,
688 4446 722 4506 et
741 4460 806 4504 non
822 4444 935 4505 tincta.

139 4541 189 4600 De
215 4539 327 4600 colore
348 4556 427 4601 vero
457 4541 508 4601 vel
535 4541 761 4615 grossitudine
793 4540 938 4602 vestium

141 4635 256 4695 nullus
269 4639 450 4698 murmuret
468 4638 519 4697 vel
540 4640 707 4705 causetur,
722 4654 782 4698 nec
799 4636 940 4698 interdi-

140 4733 250 4793 cimus
264 4734 460 4795 vestimenta
487 4734 528 4795 de
549 4750 659 4811 panno
688 4735 776 4806 lana,
805 4735 939 4810 linoque

141 4832 309 4892 contexto.
328 4830 469 4892 lntlrmis
489 4848 569 4892 vero
594 4832 634 4892 de
658 4831 870 4891 infirmitorio
881 4833 940 4907 ja-

141 4927 306 4997 centibus,
326 4929 359 4988 et
372 4929 471 4989 etiam
492 4928 554 4989 iter
575 4927 749 5004 agentibus
768 4928 868 4989 liceat
892 4928 940 4989 uti

142 5023 394 5085 linteaminibus
423 5025 537 5095 lineis,
564 5028 597 5089 et
620 5027 654 5085 in
682 5025 777 5086 lectis
798 5025 940 5102 plumeis

143 5120 317 5182 recubare.
335 5122 448 5183 Liceat
467 5123 566 5183 etiam
588 5122 692 5198 priori
718 5122 940 5199 superaddere

143 5217 271 5294 aliquid
297 5218 339 5278 de
365 5218 527 5290 vestibus,
555 5220 608 5280 vel
641 5218 853 5290 lectisternio,
880 5233 941 5279 seu

144 5314 395 5387 calceamentis,
410 5331 474 5376 non
484 5317 581 5393 Juxta
597 5315 803 5376 curiosorum
820 5314 942 5376 volun-

143 5413 257 5481 tatem,
283 5411 339 5471 sed
364 5413 544 5472 secundum
567 5413 784 5482 honestatem,
808 5410 859 5471 vel
877 5427 939 5472 ne·

992 1629 1121 1690 officiis.
1140 1634 1208 1692 Etsi
1221 1634 1411 1708 egrediatur
1426 1638 1598 1713 quisquam
1610 1654 1684 1700 curn
1697 1643 1785 1703 cotta

993 1743 1058 1788 non
1070 1729 1208 1803 cogatur
1222 1730 1327 1806 ipsam
1341 1732 1505 1808 deponere
1516 1736 1663 1811 quandiu
1675 1738 1787 1813 agitur

992 1840 1074 1901 opus
1100 1826 1170 1886 Det.
1201 1828 1311 1889 Cottas
1341 1828 1489 1899 subtiles,
1520 1834 1553 1892 et
1576 1834 1784 1909 sumptuosas

992 1919 1103 1979 nullus
1132 1919 1243 1992 faciat,
1272 1938 1332 1982 neo
1358 1923 1399 1982 ab
1423 1923 1499 1984 aliis
1518 1925 1668 2000 recipiat,
1685 1926 1785 1989 etiam

991 2017 1094 2089 gratis
1110 2017 1214 2079 datas.
1240 2020 1349 2079 Priori
1365 2021 1475 2091 etiam,
1493 2023 1526 2082 et
1540 2022 1615 2081 aliis
1630 2023 1785 2085 omnibus

992 2114 1126 2174 omnino
1152 2115 1371 2188 interdicitur,
1405 2119 1440 2177 ut
1472 2134 1633 2194 nusquam
1649 2119 1786 2181 sedeant

991 2210 1079 2270 cotta
1103 2210 1209 2271 induti
1236 2213 1309 2272 sine
1335 2224 1417 2288 capa
1442 2227 1515 2273 cum
1532 2213 1728 2275 mulieribus
1743 2214 1784 2276 ad

992 2305 1203 2383 loquendum.

1031 2404 1193 2464 Gaeterum
1216 2405 1366 2466 otiositas
1386 2406 1520 2467 inimica
1537 2410 1588 2468 est
1607 2409 1739 2481 animae,
1753 2410 1786 2471 et

992 2500 1188 2561 exercitium
1216 2502 1419 2563 moderatum
1448 2504 1570 2575 carnis,
1593 2504 1626 2566 et
1648 2506 1785 2581 spiritus

992 2595 1072 2657 utile
1100 2598 1161 2666 est,
1189 2600 1222 2658 et
1247 2598 1424 2674 plurimum
1453 2598 1677 2675 fructuosum3
1708 2616 1785 2662 nam

992 2692 1122 2753 avidius
1147 2709 1206 2770 per
1221 2695 1429 2770 interpellata
1450 2699 1599 2772 tempora
1622 2698 1786 2760 insistitur

993 2791 1138 2861 lectioni,
1151 2794 1184 2852 et
1198 2793 1352 2862 orationi,
1371 2808 1410 2852 eo
1425 2792 1511 2868 quod
1525 2793 1623 2854 taedio
1635 2793 1788 2856 attician-

991 2889 1047 2947 tur
1061 2887 1195 2962 plurimi
1220 2904 1288 2964 prae
1316 2889 1417 2948 nimia
1439 2889 1598 2950 instantia
1620 2890 1785 2958 lectionis,

992 2984 1025 3044 et
1038 2983 1195 3044 continua
1211 2984 1372 3044 cessione.
1395 2984 1594 3045 ordinamus
1610 2986 1733 3062 itaque,
1750 2990 1788 3049 ut

992 3080 1145 3141 canonici
1173 3080 1272 3141 certis
1293 3080 1496 3157 temporibus
1519 3082 1554 3141 in
1577 3081 1691 3143 labore
1709 3098 1785 3144 ma·-

992 3193 1093 3238 nuum
1123 3179 1335 3254 occupentur,
1366 3178 1466 3239 certis
1491 3178 1610 3239 iterum
1634 3179 1725 3240 horis
1751 3179 1787 3241 in

992 3275 1134 3335 lectione
1149 3274 1277 3348 divina3
1291 3276 1472 3335 statuentes
1484 3275 1633 3352 insuper,
1650 3278 1688 3338 ut
1702 3278 1788 3353 post·

992 3387 1090 3448 quam
1105 3372 1145 3432 de
1160 3371 1304 3448 capitulo
1327 3373 1452 3448 egressi
1472 3372 1596 3435 fuerim
1618 3389 1721 3450 usque
1745 3374 1787 3436 ad

992 3470 1123 3545 signum
1139 3469 1229 3529 horae
1244 3469 1362 3540 tertiae,
1384 3470 1442 3529 aut
1457 3472 1531 3545 post
1545 3485 1667 3530 nonam
1682 3486 1786 3548 usque

992 3566 1033 3626 ad
1048 3567 1179 3641 signum
1202 3565 1292 3626 horae
1307 3581 1455 3641 vesperae
1476 3567 1655 3627 secundum
1675 3569 1787 3628 coust·

993 3661 1196 3723 derat'mnem
1221 3662 1342 3738 prioris
1366 3662 1399 3721 in
1424 3661 1538 3722 labore
1558 3678 1714 3723 manuum
1730 3678 1788 3725 oc·

993 3763 1163 3835 cupentur.
1181 3757 1261 3818 Plus
1273 3758 1373 3819 etiam
1389 3757 1543 3819 laborare
1558 3760 1786 3844 teneanturad

993 3856 1194 3917 voluntatem
1218 3854 1356 3930 prioris,
1381 3855 1409 3913 si
1433 3855 1615 3917 necessitas
1636 3856 1787 3919 interre-

993 3953 1078 4023 niat,
1092 3952 1144 4013 vet
1160 3950 1294 4012 evidens
1310 3951 1436 4012 utilitas
1449 3951 1512 4012 hoc
1525 3954 1693 4028 exposcat.
1711 3957 1785 4030 lpse
1868 3978 1876 3986 ·

993 4052 1101 4111 autem
1117 4049 1208 4126 prior
1219 4048 1267 4109 sic
1277 4048 1566 4125 omniatemperet,
1577 4050 1610 4110 et
1623 4049 1785 4127 disponat,

993 4146 1078 4224 quod
1090 4145 1180 4206 salus
1191 4146 1310 4206 animae
1322 4148 1528 4222 procuretur,
1539 4148 1572 4207 et
1580 4145 1699 4208 tratres
1712 4148 1786 4209 sine

994 4258 1160 4304 murmure
1186 4257 1286 4317 agere
1314 4242 1448 4303 valeant
1472 4243 1639 4304 universa.
1664 4244 1699 4305 Si
1714 4244 1789 4321 quis

993 4356 1072 4402 vero
1087 4340 1165 4401 talia
1181 4339 1292 4411 tuerit,
1315 4341 1350 4399 ut
1374 4355 1439 4399 non
1454 4340 1545 4410 velit,
1560 4342 1618 4401 aut
1632 4356 1697 4400 non
1711 4356 1790 4418 pos-

994 4438 1037 4499 sit
1059 4437 1223 4507 meditari,
1241 4437 1293 4497 vel
1307 4436 1428 4511 legere,
1443 4436 1637 4512 injungatur
1650 4438 1680 4497 ei
1693 4452 1787 4513 opus,

994 4535 1078 4612 quod
1098 4534 1236 4605 iaciens,
1260 4536 1376 4594 utnon
1395 4536 1500 4594 vacet.
1524 4532 1695 4594 Fratribus
1709 4550 1788 4595 vero

994 4632 1145 4703 infirmis,
1171 4631 1223 4691 vel
1246 4630 1420 4700 debilibus,
1438 4629 1607 4690 ueletiam
1632 4629 1789 4693 delicatis

993 4730 1071 4791 talis
1087 4744 1188 4806 opera
1211 4727 1414 4804 injungatur,
1440 4728 1475 4787 ut
1503 4741 1570 4786 non
1591 4726 1689 4789 otiosi
1710 4729 1787 4803 sint,

995 4843 1056 4889 nec
1071 4826 1177 4887 labori
1204 4824 1364 4885 violentia
1393 4823 1633 4900 opprimantur,
1649 4841 1789 4901 quorum

995 4921 1235 4985 consideranda
1250 4922 1300 4981 est
1310 4920 1520 4982 imbecillitas
1535 4937 1553 4980 a
1567 4921 1688 4998 priore.

1034 5020 1193 5081 Conversi
1209 5018 1329 5089 autem,
1350 5018 1383 5079 et
1397 5033 1528 5079 sorores
1543 5017 1708 5089 laborent,
1725 5033 1789 5079 ex·-

995 5117 1099 5195 ceptis
1113 5117 1219 5187 boris,
1236 5115 1355 5192 quibus
1370 5114 1513 5177 debeant
1529 5114 1564 5173 in
1580 5113 1702 5173 divinis
1716 5114 1792 5176 otil-

996 5217 1057 5278 ciis
1070 5213 1238 5290 occupari,
1260 5213 1313 5274 vel
1336 5210 1565 5290 corporalibus
1581 5209 1694 5270 usibus
1708 5226 1791 5288 pro-

996 5311 1119 5382 videre,
1150 5311 1183 5370 et
1214 5310 1363 5386 exceptis
1390 5306 1506 5368 diebus
1538 5305 1724 5379 dominicis,
1758 5308 1792 5370 et

997 5405 1277 5475 solemnitatibus,
1293 5407 1326 5464 in
1343 5403 1461 5479 quibus
1476 5416 1541 5461 non
1551 5401 1792 5466 licebitsecun·
