3774 6186
165 288 168 293 ’
195 294 241 385 os
816 324 992 385 eunoun
1017 326 1231 387 moinum.
1815 340 1850 393 m

192 486 303 555 luerit,
318 484 457 547 irritetis
473 484 636 545 eumdem.
656 484 934 552 Contradictores,
959 486 989 545 si

101 612 106 625 ·
192 585 249 663 qui
263 584 394 653 luerint,
407 583 459 643 rel
469 582 622 653 rebelles,
635 598 874 658 percensuram
888 583 991 643 eccle-

96 674 101 685 '
191 682 359 743 siasticam
388 680 610 758 appellatione
629 682 812 756 postposita
839 697 991 757 compes-

190 779 304 842 cendo.
339 779 450 839 Nullis
477 777 597 838 litteris
630 777 839 839 obstantibus
866 780 989 854 praeter

191 892 362 938 assensum
378 876 521 951 partium
537 876 680 945 ueritati,
698 877 731 935 et
746 876 887 951 justitiae
903 892 992 952 prae-

188 973 446 1051 judicantibusa
473 973 557 1034 Sede
581 973 768 1048 Apostolica
792 973 988 1049 impetratis.

193 1071 284 1143 Quod
296 1071 323 1131 si
332 1087 396 1131 uon
408 1087 523 1130 omues
534 1071 586 1131 liis
597 1071 818 1147 exsequendis
829 1071 991 1131 interesse

193 1169 378 1246 potueritis,
396 1168 460 1228 duo
476 1170 620 1229 restrum
637 1184 676 1227 ea
697 1168 914 1228 nihilomnius
931 1184 993 1227 en-

192 1268 384 1341 sequantur.
415 1268 530 1326 Datum
561 1266 728 1335 Laterani,
764 1266 878 1341 quinto
917 1266 991 1324 idus

190 1362 351 1441 januarii,
368 1362 578 1439 pontificatus
592 1362 695 1423 nostri
712 1379 800 1423 anno
816 1362 924 1423 tertio.

539 1549 641 1634 XCV

193 1694 246 1753 An
260 1686 396 1751 abbates
416 1692 516 1751 t'utlts
535 1692 696 1761 Secreta,
712 1691 830 1751 Suucti
850 1693 995 1751 Joeiuzis

231 1792 268 1849 tn
306 1792 434 1859 ls'tncts,
469 1790 502 1849 et
536 1792 702 1849 clccunurn
738 1791 994 1849 seussionensis

234 1889 393 1948 ccclesiae.

490 1979 507 2034 a
527 1979 587 2050 jau.
616 1980 694 2035 lato.

194 2094 328 2159 [bouquet.
343 2094 444 2145 liecueil
460 2094 503 2143 des
518 2094 621 2146 llistur..
638 2099 655 2142 t.
675 2094 743 2149 xlx.
763 2109 788 2157 p.
809 2093 865 2142 ota.
885 2094 993 2155 llcqcst,

457 2173 501 2222 lib.
513 2174 555 2230 ill,
568 2174 641 2237 epist.
654 2174 722 2237 illi]

95 2318 102 2329 ·
194 2281 327 2341 Nondum
341 2280 455 2338 delinita
484 2284 580 2337 llonne
603 2282 796 2337 controversia
812 2280 927 2353 dejure
949 2295 996 2336 ua-

229 2371 327 2427 talium
359 2370 506 2441 Philippa).
536 2369 669 2441 colungis
697 2369 797 2425 Erardi
827 2368 863 2425 de
892 2371 994 2437 Brenn,

229 2458 347 2516 mandat
373 2460 524 2526 lionorius,
550 2466 579 2513 nt
600 2457 684 2514 arulae
706 2458 870 2530 conspectui
894 2474 946 2515 suo
964 2473 997 2513 se

230 2553 445 2619 representem,
469 2562 561 2617 neque
586 2547 698 2602 interim
725 2548 889 2618 llarnpauire
908 2547 996 2602 conii·

232 2644 320 2693 mlum
334 2636 513 2708 perturbcut;
536 2636 579 2690 siu
594 2635 703 2701 minus,
726 2634 895 2692 reducantur
910 2635 996 2691 iidem

229 2726 258 2781 iu
275 2726 408 2796 pristinas
423 2724 552 2781 ecclesiae
566 2724 734 2791 sententias,
755 2722 889 2796 aquibus
910 2723 994 2780 abso·

230 2815 280 2869 luti
296 2812 417 2870 inerant.

219 2950 222 2955 -
235 2922 401 2982 Honorius
412 2920 588 2997 episcopus
600 2936 728 2989 servus,
738 2937 910 2981 serrorum
924 2921 993 2991 Dei,

169 3046 173 3051 ·
196 3018 326 3081 dilectis
347 3019 426 3078 liliis
448 3019 553 3078 Vallis
570 3020 713 3079 Secretae
741 3018 790 3097 (a.)
814 3022 997 3079 Praemons-

196 3118 355 3178 tralensis
371 3116 510 3186 ordinis,
529 3116 761 3176 Landuueusis
779 3116 942 3186 diecesis,
961 3118 993 3175 S.

136 3218 140 3225 '
195 3214 358 3277 lobannis
383 3213 417 3274 in
443 3214 558 3275 Vincis
575 3212 621 3292 (b)
643 3214 876 3274 Suessiouensi
893 3213 997 3275 abba-

194 3311 282 3373 tibus
297 3313 331 3373 et
351 3312 476 3372 decano
499 3312 749 3371 suessionensis
769 3311 920 3372 ecclesiae
936 3309 993 3390 (c),

194 3410 379 3471 salutemet
391 3408 609 3484 apostolicam
622 3407 897 3468 benedictionem.

237 3510 316 3565 Cum
327 3506 368 3565 ad
378 3505 651 3582 supplicationem
668 3504 789 3564 nobilis
802 3506 864 3564 viri
879 3504 994 3565 Erardi

195 3604 236 3664 de
251 3607 358 3663 Brena
373 3606 407 3663 et
421 3601 584 3678 Plrilippae
598 3602 713 3662 uxoris
727 3601 842 3678 ipsius,
866 3602 995 3663 dilectis

197 3700 276 3761 tiliis
307 3700 536 3765 Cisterciensi,
562 3699 800 3759 Clarerallensi
826 3703 858 3760 et
887 3700 994 3771 Quin-

193 3797 273 3859 tiaci
301 3796 486 3867 abbatibus,
504 3796 739 3857 Cisterciensis
764 3798 903 3868 ordinis,
918 3814 997 3858 nos-

194 3895 256 3956 tris
286 3894 475 3955 dederimus
509 3894 630 3956 litteris
667 3894 700 3954 in
738 3895 921 3966 mandatis,
960 3896 996 3955 ut

195 3992 550 4053 excommunicationis
581 3992 763 4052 sententias
805 3992 840 4051 in
871 4008 928 4053 eos
963 3993 996 4052 et

195 4090 404 4165 coadjutores
437 4090 585 4165 ipsorum
623 4104 683 4164 pro
719 4089 823 4150 nobili
856 4091 995 4150 muliere

195 4187 354 4257 Blanclra,
379 4187 548 4247 comitissa
577 4188 778 4262 Campaniae,
801 4202 839 4247 ac
854 4189 914 4247 Tb.
932 4203 994 4247 co-

196 4285 288 4350 mite,
303 4286 380 4344 nato
393 4286 476 4358 ejns,
490 4283 647 4358 prolatas,
668 4286 701 4344 et
717 4283 925 4343 interdictum
942 4284 995 4344 cui

194 4384 294 4441 terrae
322 4380 469 4455 ipsorum
499 4380 679 4455 suppositae
702 4382 789 4445 sunt.
823 4382 918 4455 juxta
940 4397 996 4442 ec-

196 4478 307 4539 elesiae
321 4477 460 4536 sormam
475 4476 628 4536 relaxent
640 4476 700 4554 (1),
711 4477 905 4537 discretioni
920 4494 996 4539 ves-

131 4592 134 4597 ·
194 4578 267 4646 trae,
281 4591 339 4651 per
350 4574 540 4650 Apostolica
553 4574 674 4649 scripta
691 4574 899 4645 mandamus,
912 4592 997 4651 qua-

194 4676 302 4743 tenus
324 4687 398 4731 cum
413 4671 537 4730 eaedem
551 4671 599 4730 sic
618 4672 744 4732 inerint
764 4671 939 4743 relaxatae,
956 4690 995 4734 ac

195 4770 324 4831 adictis
335 4767 502 4829 comitissa
517 4769 548 4829 et
559 4768 677 4828 comite
688 4767 817 4828 arentis
830 4771 993 4847 requisiti,

196 4865 378 4942 injungatis
391 4865 527 4935 eisdem,
545 4867 579 4924 ut
594 4863 682 4923 inira
701 4864 880 4924 terminum
899 4882 994 4927 com-

197 4964 373 5039 petentem,
403 4978 499 5037 quem
523 4961 605 5037 ipsis
627 4962 885 5038 peremptorium
909 4964 997 5023 assi-

197 5057 316 5134 gnetis,
337 5071 395 5132 per
410 5071 445 5115 se
460 5057 512 5116 rel
528 5072 587 5131 per
602 5059 835 5134 procuratores
857 5057 995 5118 idoneos

196 5153 385 5232 Apostolico
408 5169 443 5213 se
459 5155 649 5229 conspectui
671 5159 922 5231 repraesentent,
938 5172 997 5215 su-

197 5268 257 5330 per
271 5251 324 5311 bis
337 5266 396 5327 pro
417 5250 535 5326 quibus
551 5251 716 5326 predictae
731 5253 854 5313 luerint
868 5255 996 5314 senten·

195 5352 252 5413 tiae
274 5348 502 5425 promulgatae,
528 5349 677 5409 nostrum
699 5350 846 5410 audituri
863 5352 996 5411 manda-

197 5449 277 5515 tum,
290 5448 323 5507 et
337 5446 444 5522 parati
460 5445 676 5506 nibilominus
692 5447 725 5506 in
736 5462 836 5507 causa
848 5447 995 5523 ejusdem

236 5577 278 5645 (α)
293 5574 433 5633 Conrado.
456 5574 495 5645 (b)
510 5575 638 5634 Radullo.

234 5652 271 5721 tc)
285 5645 407 5703 (luidoni
421 5647 456 5703 de
468 5647 571 5719 Cliezp.

1044 486 1208 564 Pliilippae
1239 487 1412 560 natalium,
1447 505 1506 567 pro
1537 507 1603 568 qua
1624 494 1695 570 jam
1724 494 1849 569 pridem

1044 585 1136 646 citati
1163 585 1297 647 luerunt
1320 587 1519 649 auctoritate
1547 591 1760 665 Apostolica,
1786 608 1852 653 res·

1045 683 1201 758 pomlere,
1217 700 1256 745 ac
1271 700 1456 760 proponere
1471 686 1498 745 si
1515 687 1591 762 qnid
1607 688 1745 765 habent.
1761 692 1849 760 Quod

1045 780 1074 840 si
1099 781 1210 841 forsan
1227 780 1327 859 (quod
1353 782 1473 860 absin)
1492 786 1590 859 juxta
1618 788 1851 863 praescriptam

1046 878 1185 939 lormam
1226 879 1353 940 absolvi
1388 881 1575 947 noluerint.
1613 884 1666 943 vel
1702 883 1852 963 absoluti

1046 978 1236 1039 mandatum
1271 981 1463 1054 praedictum
1499 983 1764 1057 contempserint
1793 983 1853 1043 ad-

1047 1074 1195 1151 implere,
1211 1092 1271 1136 seu
1286 1078 1408 1137 statiun
1428 1079 1642 1138 comitatuum
1658 1082 1851 1156 Campania

1047 1174 1146 1249 atque
1158 1174 1254 1244 Briae,
1274 1175 1306 1233 iu
1327 1191 1391 1250 quo
1414 1178 1509 1235 erunt
1524 1179 1671 1252 tempore
1686 1193 1757 1254 qno
1772 1178 1851 1239 dicti

1049 1271 1192 1330 Eranlus
1218 1273 1251 1331 el
1275 1271 1426 1348 Philippa
1444 1275 1641 1335 auctoritate
1657 1276 1849 1350 apostoliea

1050 1367 1140 1428 luere
1156 1370 1258 1439 citati,
1276 1370 1471 1445 perturbare
1494 1371 1544 1430 vel
1565 1373 1746 1433 immutare
1762 1390 1848 1448 pra*-

1049 1467 1261 1542 sumpserint.
1293 1468 1396 1527 donec
1417 1472 1508 1543 justo
1525 1470 1728 1544 Apostolicae
1759 1471 1849 1531 Sedis

1045 1564 1172 1639 judicio
1199 1564 1387 1625 declaretur
1409 1568 1519 1626 utrum
1544 1567 1616 1641 ipsa
1641 1566 1705 1626 Plr.
1734 1566 1846 1629 debeat

1049 1662 1221 1735 illegitima
1244 1664 1403 1738 reputari,
1433 1679 1490 1724 eos
1517 1666 1550 1724 et
1575 1666 1683 1725 terras
1703 1666 1843 1741 ipsorum

1050 1760 1083 1818 in
1109 1760 1266 1835 pristinas
1291 1762 1483 1826 sententias,
1514 1762 1741 1839 appellatione
1762 1768 1843 1839 post·

1050 1858 1168 1933 posita,
1198 1859 1270 1919 sine
1296 1875 1396 1919 morae
1425 1860 1597 1935 dispendio
1622 1860 1800 1931 reducatis,
1814 1864 1841 1923 et

1052 1957 1180 2017 lactatis
1200 1957 1333 2016 easdem
1353 1957 1534 2017 sententias
1558 1957 1738 2032 publicari,
1753 1962 1836 2035 juxta

1051 2056 1199 2114 tenorem
1222 2054 1406 2116 litterarum
1431 2058 1631 2125 nostrarum,
1649 2072 1735 2131 quas
1752 2072 1835 2132 super

1051 2153 1113 2214 lroo
1137 2152 1320 2213 direximus
1335 2152 1596 2229 archiepiscopis
1615 2154 1649 2213 et
1670 2152 1828 2230 episcopis,

1050 2267 1089 2311 ac
1115 2249 1191 2311 aliis
1218 2250 1433 2310 ecclesiarum
1457 2251 1604 2325 praelatis
1630 2268 1692 2327 per
1714 2253 1831 2327 Lugdu·

1051 2364 1198 2417 nensem,
1224 2348 1502 2413 Bisuntinensem.
1528 2352 1764 2421 Senouensem,
1787 2350 1830 2410 Bi-

1051 2447 1260 2509 tnricensem.
1276 2448 1514 2517 Turonensem,
1529 2450 1738 2517 Remensem,
1752 2448 1829 2508 Colo-

1052 2545 1200 2604 nieusem
1223 2545 1255 2605 et
1271 2546 1508 2603 'treverensem
1523 2546 1712 2619 prm'incias
1725 2544 1826 2607 consti·

1051 2643 1141 2702 tntis.
1159 2641 1249 2712 Quod
1266 2642 1294 2699 si
1310 2656 1375 2700 non
1391 2657 1516 2711 omnes,
1533 2644 1622 2702 etc...

1090 2740 1208 2799 Datum
1231 2738 1385 2799 Laterani
1401 2741 1427 2797 V
1443 2739 1516 2798 idus
1541 2741 1691 2815 januarii
1707 2739 1820 2816 pontili-

1052 2839 1144 2897 catus
1160 2836 1264 2896 nostri
1287 2852 1374 2895 armo
1390 2836 1499 2896 tertio.

1090 3142 1142 3200 Ad
1164 3139 1316 3199 abbatem
1334 3139 1366 3198 et
1385 3140 1591 3200 collecatum
1609 3143 1644 3202 S.
1662 3140 1793 3213 Rcmipii

1354 3246 1545 3305 Rcmcnsis.

1348 3358 1381 3413 ld
1397 3357 1457 3429 jau.
1476 3358 1554 3414 lala.

1083 3463 1202 3526 [liegest.,
1214 3462 1258 3515 lib.
1274 3464 1304 3519 ll,
1317 3465 1391 3528 epist.
1401 3464 1455 3513 227.
1467 3467 1525 3515 llss.
1540 3467 1574 3515 La
1586 3466 1662 3515 Porta
1676 3466 1710 3515 dn
1723 3460 1804 3524 Theti]

1135 3581 1171 3637 tn
1184 3580 1327 3635 novalium
1341 3579 1468 3637 declinas
1484 3582 1630 3653 percipere
1641 3582 1759 3638 valeant.

1090 3699 1256 3759 Honorius
1271 3697 1584 3774 episcopusservus,
1596 3680 1857 3759 servornmbe³=

1050 3795 1180 3856 dilectis
1196 3795 1274 3855 liliis
1288 3794 1399 3856 abbati
1415 3798 1447 3856 et
1459 3796 1636 3856 conventui
1653 3796 1761 3857 Sancti
1774 3796 1833 3853 lie
1844 3800 1861 3817 ‘

1051 3893 1143 3968 arigii
1160 3892 1343 3963 Remensis,
1355 3892 1494 3953 salutem
1510 3896 1542 3954 et
1561 3890 1867 3968 apostolicanbe‘

1051 3991 1282 4051 nedictionem.

1090 4090 1170 4148 Cum
1199 4087 1328 4148 anobis
1352 4088 1475 4163 petitur
1494 4087 1578 4163 quod
1596 4091 1724 4163 justum
1745 4088 1788 4149 est
1807 4062 1880 4137 ἒι

1051 4186 1236 4255 honestum,
1254 4188 1321 4246 tam
1350 4185 1445 4258 rigor
1469 4186 1638 4261 aequitatis
1657 4180 1827 4263 quamord
1838 4169 1880 4277 Ι*

1050 4282 1155 4353 exirit
1169 4280 1308 4341 rationis
1323 4282 1357 4341 ut
1367 4280 1399 4339 id
1412 4296 1470 4356 per
1480 4280 1739 4342 sollicitudinem
1749 4280 1815 4342 oliic
1835 4276 1880 4325 Φ

1051 4379 1156 4439 nostri
1172 4378 1213 4438 ad
1229 4377 1375 4439 debitum
1400 4379 1601 4454 perducatur
1617 4380 1779 4440 ellectum.
1800 4366 1880 4437 Εἰ

1050 4478 1194 4553 propter,
1207 4475 1320 4535 dilecti
1332 4476 1367 4535 in
1383 4476 1519 4537 bomine
1535 4475 1607 4545 lilii,
1618 4477 1739 4538 restris
1749 4476 1825 4553 justi
1865 4470 1880 4507 ⁵

1050 4570 1327 4649 postulationibus
1338 4575 1433 4647 grato
1445 4576 1682 4635 concurrentes
1697 4589 1834 4634 assensu

1050 4670 1246 4731 auctoritate
1272 4669 1366 4729 vobis
1398 4671 1611 4746 praesentium
1639 4656 1880 4747 indulgeam!

1051 4770 1086 4828 nt
1109 4768 1197 4828 intra
1224 4768 1383 4829 terminos
1407 4768 1494 4828 intra
1515 4784 1597 4844 quos
1613 4767 1760 4829 decimas
1772 4760 1880 4829 ante

1050 4864 1205 4939 generale
1217 4865 1400 4926 Concilium
1411 4865 1607 4940 percepistis
1618 4865 1880 4926 novaliumde‘

1050 4962 1153 5022 cimas
1166 4962 1335 5037 percipere
1346 4961 1498 5031 valeatis,
1509 4961 1612 5021 saluis
1626 4962 1771 5024 aliorum
1786 4964 1834 5040 pri

1050 5059 1213 5133 uilegiisa
1231 5057 1314 5119 Sede
1329 5059 1518 5133 Apostolica
1542 5058 1737 5135 impetratis.
1759 5060 1835 5120 Null

1050 5172 1129 5232 ergo
1144 5157 1279 5217 omnino
1290 5155 1462 5216 bominum
1478 5156 1577 5217 liceat
1592 5157 1678 5218 lianc
1693 5154 1880 5233 paginanss

1050 5256 1173 5314 nostrae
1188 5253 1414 5313 concessionis
1434 5252 1629 5328 infringere,
1653 5256 1705 5314 vel
1721 5256 1753 5315 ei
1766 5258 1880 5316 ausi}

1049 5350 1227 5411 temerario
1248 5351 1427 5411 contraire.
1453 5351 1487 5411 Si
1502 5352 1577 5427 quis
1592 5353 1703 5411 autem
1718 5352 1782 5413 boc
1797 5356 1880 5412 als

1049 5450 1178 5508 tentare
1208 5448 1467 5524 praesnmpserit,
1493 5447 1757 5523 indignationem
1778 5461 1880 5510 om‘

1086 5576 1127 5649 (l)
1147 5576 1359 5636 Recurrendum
1386 5576 1422 5633 ad
1449 5579 1566 5635 Houerii
1597 5580 1729 5647 Litteras,
1745 5578 1794 5636 llb.
1812 5582 1836 5637 ll

1049 5652 1132 5721 epist.
1148 5650 1263 5718 Cxxll,
1277 5648 1331 5705 eol.
1346 5648 1410 5716 bid,
1424 5655 1443 5704 l.
1455 5650 1492 5705 ll.
