3824 6180
124 301 165 359 63
749 289 925 354 HONORII
948 292 993 352 111
1015 292 1162 352 OPERA.
1745 290 1783 348 tit

125 458 251 527 nostra,
281 453 430 531 alioquin
458 452 546 513 circa
570 464 646 511 eum
670 450 922 528 inquisitionem

125 554 231 615 iacias
258 551 461 626 diligentem,
482 551 516 611 et
534 563 608 625 quae
629 547 811 616 inveneris,
828 546 922 609 nobis

126 651 187 712 sub
197 652 254 712 tuo
270 648 379 723 sigillo
390 647 520 708 inclusa
530 645 748 707 transmittas.

166 748 284 809 Datum
299 744 465 815 Laterani,
483 746 526 805 IV
539 743 606 804 kal.
623 741 820 815 decembris,
835 759 921 820 pon-

126 845 270 908 tificatus
284 842 389 904 nostri
401 857 489 902 anno
505 841 615 903 tertio.

471 1046 580 1133 LVII

127 1185 179 1245 Ad
203 1184 398 1257 emscopum
416 1181 451 1242 et
468 1179 717 1249 scholasticum,
738 1178 771 1240 et
793 1179 925 1254 sonats-

188 1281 283 1341 tram
297 1282 338 1340 de
352 1281 436 1340 [ten.
448 1279 649 1338 canonicum
662 1277 863 1337 ambianen.

385 1400 420 1458 29
434 1397 569 1456 novemb.
585 1394 664 1455 rata.

160 1507 279 1572 [Reges-t,
291 1506 336 1557 lib.
347 1504 391 1564 llI,
403 1505 477 1570 epist.
490 1503 544 1554 lle.
557 1506 614 1556 llss.
626 1505 662 1555 ba
673 1505 749 1555 Porto
757 1503 791 1554 du
801 1501 894 1568 then]

181 1615 218 1673 Ut
231 1612 401 1686 magistrum
414 1613 462 1670 W.
478 1612 507 1668 ln
522 1610 694 1668 canonicum
709 1610 738 1667 ln
750 1607 872 1667 ecclesie

309 1701 338 1760 S.
356 1698 513 1758 Andomari
528 1699 615 1773 recipi
630 1697 745 1756 iaciant.

50 1899 54 1905 .
167 1818 346 1890 Honorius,
367 1820 443 1890 etc,
466 1815 651 1878 venerabili
673 1815 806 1877 tratri...
832 1814 926 1892 epis-

128 1931 222 1992 copo,
239 1918 272 1978 et
285 1915 415 1976 dilectis
430 1914 508 1975 liliis
526 1914 701 1976 scolastico
718 1916 751 1974 et
767 1913 926 1988 magistro

128 2013 276 2074 Galtrido
290 2012 332 2073 de
346 2015 429 2074 Ren.
446 2012 609 2073 canonico
623 2009 819 2073 Ambianen.

169 2112 275 2181 Quum
290 2108 374 2171 bene
387 2109 524 2170 meritos
534 2108 644 2185 dignis
659 2108 805 2186 praemiis
815 2122 929 2167 mune·

128 2222 253 2278 ramus,
265 2205 352 2284 apud
365 2209 469 2268 Deum
482 2205 676 2268 ethomines
688 2204 927 2267 noseredinus

129 2303 330 2379 promereri,
357 2318 458 2380 quum
483 2302 607 2379 quanto
633 2301 739 2363 virtus
768 2315 926 2362 remune-

127 2401 201 2460 rata
215 2399 338 2460 elarius
353 2399 520 2470 elucescit,
540 2399 634 2461 tanto
646 2398 687 2460 ad
707 2398 926 2460 imitationem

128 2495 233 2573 ipsius
251 2497 365 2573 plures
380 2495 511 2557 avidius
526 2490 728 2557 animantur.
747 2495 929 2557 Attenden·

128 2595 179 2654 tes
192 2593 314 2669 itaque,
328 2593 414 2668 quod
429 2593 601 2667 indignum
612 2594 672 2664 est,
686 2592 825 2654 dilectus
838 2591 927 2652 tilius

129 2691 289 2764 magister
299 2691 352 2749 W.
365 2703 492 2765 pauper
505 2689 657 2762 clericus,
674 2689 715 2750 de
734 2691 830 2766 cujus
844 2689 925 2759 vita,

130 2788 281 2858 seientia,
307 2786 474 2847 laudabile
493 2786 589 2848 nobis
608 2802 628 2847 a
650 2786 763 2847 multis
778 2786 929 2848 testimo-

129 2884 222 2946 nium
249 2883 453 2961 perhibetur,
487 2900 588 2960 quum
621 2886 719 2946 aetate
751 2884 927 2961 provectus

41 3059 45 3067 Ι
130 2997 250 3058 expers
277 2979 432 3043 beneficii
460 2980 678 3043 ecclesiastici
707 2981 925 3058 relinquatur,

130 3078 225 3156 quia,
261 3078 347 3139 sicut
379 3078 494 3140 eodem
527 3078 716 3156 accepimus
748 3077 926 3149 referente,

129 3176 328 3253 praepositus
344 3176 457 3237 Sancti
478 3175 658 3237 Andomari
673 3191 748 3236 eum
772 3175 807 3236 in
827 3173 927 3236 iami-

129 3273 247 3334 liarem
261 3272 438 3349 recipiens,
455 3274 489 3335 et
502 3274 698 3350 promittens
712 3273 819 3334 eidem
841 3289 877 3333 se
891 3273 926 3332 in

129 3370 332 3447 praebendali
346 3369 508 3431 beneficio
519 3370 742 3447 provisurum,
757 3371 927 3445 assignata

130 3467 264 3528 interim
277 3467 308 3527 ei
322 3481 434 3527 annua
450 3467 621 3543 pensione,
639 3468 680 3528 ad
697 3468 926 3529 dimittendum

131 3563 264 3626 scholas
290 3564 424 3625 induxit
446 3564 618 3637 eumdem;
643 3565 701 3625 sed
722 3564 927 3642 postmodum

130 3661 362 3739 promissionis
394 3661 568 3738 negligens
606 3662 775 3732 executor,
812 3678 930 3739 quam-

132 3775 230 3835 quam
246 3758 278 3819 ei
289 3758 400 3836 plures
412 3758 597 3835 praebendae
609 3760 771 3830 vacarint,
787 3759 822 3820 in
836 3758 927 3822 nulla

130 3856 280 3933 ipsarum
295 3855 359 3916 sibi
374 3856 515 3928 curavit,
537 3872 612 3918 cum
627 3857 798 3918 commode
812 3859 930 3934 potue-

130 3953 175 4015 rit
188 3952 378 4030 providere;
404 3968 447 4014 ne
461 3952 661 4016 confidentia
683 3953 832 4031 praedicti
856 3970 929 4016 ma-

130 4051 226 4127 gistri
246 4051 361 4112 delusa
381 4053 564 4122 remaneat,
591 4067 665 4129 quae
694 4051 795 4127 digna
819 4051 928 4130 potius

130 4151 182 4211 est
203 4148 327 4221 lavore,
351 4148 545 4210 discretioni
569 4152 689 4211 vestrm
714 4164 773 4226 per
793 4152 930 4226 Aposto-

130 4246 196 4307 lica
214 4245 337 4322 scripta
358 4245 566 4317 mandamus,
579 4248 742 4322 quatenus
755 4245 928 4323 praeratum

131 4342 289 4404 clericum
314 4341 348 4402 in
370 4343 513 4403 ecclesia
539 4343 651 4405 Sancti
675 4343 853 4405 audomari
875 4359 930 4404 re-

131 4440 197 4516 cipi
222 4438 380 4500 facientes
400 4439 434 4499 in
452 4440 648 4501 canonicum
670 4443 704 4502 et
721 4441 756 4502 in
779 4441 927 4512 fratrem,

131 4535 355 4615 praebendam,
380 4536 410 4596 si
431 4552 496 4613 qua
517 4538 614 4599 vacat
632 4537 673 4599 ad
697 4554 854 4615 praesens,
875 4538 928 4600 vel

131 4633 328 4713 quantocius
340 4648 376 4694 se
388 4632 473 4694 adid
485 4633 624 4696 incultas
639 4633 807 4707 obtulerit,
821 4636 928 4697 eidem

131 4732 289 4808 magistro
306 4731 504 4794 auctoritate
521 4733 711 4810 Apostolica
737 4734 927 4807 conteratis,

131 4830 391 4893 contradictores
419 4846 479 4906 per
506 4845 684 4891 censuram
719 4831 928 4893 ecclesiasti-

130 4944 215 4999 carn,
232 4927 454 5004 appellatione
468 4927 661 5004 postposita,
676 4928 927 5005 compescendo.

129 5025 300 5087 vicarium
322 5039 452 5101 quoque
467 5024 572 5101 ipsius
588 5026 757 5102 praepositi
772 5026 814 5086 ad
838 5025 930 5087 solu-

129 5123 255 5186 tionem
277 5121 443 5200 praedictae
464 5122 633 5199 pensionis
653 5139 793 5185 censura
814 5124 927 5196 simili,

130 5219 260 5282 sublato
286 5218 519 5296 appellationis
540 5219 729 5292 obstaculo,
758 5222 930 5284 nibilomi-

130 5334 192 5380 nus
211 5318 346 5380 interim
364 5317 583 5394 compellatis.
605 5318 698 5390 Quod
720 5319 749 5379 si
767 5334 833 5380 non
857 5336 930 5380 om-

130 5431 201 5487 nes,
218 5416 295 5486 eto,
309 5416 346 5476 tu
361 5429 412 5486 ea,
429 5414 535 5476 irater
547 5415 712 5492 episcope,
724 5431 799 5476 cum
814 5431 928 5477 eorum

997 612 1049 671 Ad
1061 610 1215 672 abbatem
1225 612 1267 672 de
1278 611 1390 672 Selebi
1401 609 1435 672 et
1449 611 1491 671 de
1508 608 1676 681 Wartrto,
1695 606 1762 670 ete.

1237 723 1272 781 29
1287 722 1421 781 novemb.
1438 723 1517 780 lars.

1117 829 1260 895 [Wslbram
1273 831 1347 881 llam
1362 829 1390 878 ot
1403 829 1554 888 Fouututns,
1569 827 1638 893 trs]

978 927 1095 987 ltaudat
1108 935 1138 986 ut
1148 936 1245 1002 partes
1258 927 1401 1000 quedam,
1412 928 1436 987 si
1448 925 1621 1001 litigandum
1633 925 1779 995 duxerint,

1067 1015 1103 1074 ad
1118 1016 1222 1075 Sedem
1236 1017 1431 1089 Apostolieum
1450 1017 1691 1075 transmittantur.

1018 1126 1199 1199 Honorius,
1227 1127 1302 1199 etc,
1332 1124 1444 1188 abbati
1474 1125 1516 1186 de
1543 1124 1657 1186 Selebi
1681 1124 1717 1188 et
1742 1123 1781 1186 de

978 1225 1121 1296 Watria,
1138 1223 1318 1286 Eboracen.
1340 1223 1505 1295 dioecesis,
1529 1225 1563 1286 et
1582 1221 1698 1286 Sancti
1711 1225 1780 1285 An-

980 1320 1068 1384 dreae
1091 1322 1271 1384 Eboracen.
1287 1320 1465 1399 prioribus,
1479 1321 1621 1384 salutem
1633 1321 1669 1383 et
1687 1335 1779 1397 apos·

979 1419 1114 1481 tolicam
1128 1418 1404 1481 benedictionem.

1022 1517 1245 1580 Praesentatas
1278 1516 1374 1578 nobis
1403 1515 1510 1578 felicis
1538 1514 1778 1578 recordationis

981 1621 1006 1681 l.
1023 1631 1129 1693 papae,
1146 1613 1401 1692 praedecessoris
1415 1613 1532 1686 nostri,
1556 1613 1690 1676 litteras
1710 1629 1778 1674 res·

981 1714 1133 1793 perimus
1157 1713 1192 1772 in
1222 1713 1310 1774 bunc
1337 1710 1499 1773 medum:
1525 1710 1776 1773 «Innocentius

981 1812 1175 1889 episcopus,
1203 1825 1320 1871 servus
1346 1825 1517 1870 servorum
1544 1809 1623 1880 Dei,
1651 1807 1775 1869 dilectis

982 1909 1097 1970 tiliis...
1117 1906 1294 1968 diacono...
1312 1905 1516 1968 subdiacono
1530 1906 1563 1967 et
1577 1904 1775 1969 cancellario

982 2005 1219 2076 Lincolniensi,
1244 2004 1384 2066 salutem
1399 2005 1433 2066 et
1446 2002 1666 2081 apostoticam
1679 2002 1775 2064 bene-

982 2102 1171 2164 dictionem.
1198 2104 1278 2162 Cum
1300 2100 1412 2164 dilecti
1427 2101 1487 2162 titii
1502 2099 1640 2163 abbates
1655 2101 1690 2162 et
1703 2116 1774 2161 con·

980 2202 1099 2262 ventus
1111 2198 1342 2262 Cisterciensis
1358 2198 1485 2260 ordinis
1500 2199 1535 2259 in
1547 2198 1670 2274 Anglia
1685 2213 1776 2259 cons-

980 2297 1081 2369 tituti,
1098 2298 1233 2374 propter
1247 2296 1566 2358 abundantissimam
1584 2294 1777 2373 apostolicae

983 2395 1078 2457 Sedis
1100 2394 1334 2463 obedientiam,
1358 2410 1480 2470 graves
1506 2393 1696 2455 sustineant
1718 2406 1780 2454 an-

981 2493 1110 2569 gustias
1119 2494 1153 2555 et
1162 2495 1323 2569 jacturas,
1338 2490 1432 2553 decet
1444 2506 1505 2552 nos
1517 2488 1700 2551 salubriter
1712 2504 1784 2566 pro·

982 2591 1107 2660 videre,
1131 2605 1174 2651 ne
1197 2589 1333 2651 afflietio
1364 2587 1608 2666 superaddatur
1637 2586 1793 2648 afflictis.

983 2689 1062 2750 Inde
1088 2691 1140 2750 est
1165 2687 1251 2764 quod
1277 2686 1472 2748 discretioni
1489 2687 1610 2748 vestrae
1630 2684 1803 2762 praesen-

982 2786 1064 2848 tium
1094 2785 1293 2847 auctoritate
1319 2783 1543 2862 praecipiendo
1571 2782 1773 2844 mundamus
1786 2820 1810 2849 ,

982 2885 1145 2960 quatenus
1159 2883 1223 2944 boc
1239 2884 1389 2959 tempore
1413 2879 1661 2958 supersedeatis
1680 2894 1828 2955 nego-

982 2981 1029 3042 tio
1048 2996 1149 3058 super
1167 2995 1269 3058 quo...
1285 2982 1395 3041 rector
1409 2981 1443 3040 et
1463 2977 1585 3040 iratres
1608 2977 1828 3055 hospitalis

984 3079 1097 3140 Sancti
1125 3079 1213 3139 Petri
1244 3075 1474 3148 Eboracensis,
1501 3076 1617 3138 contra
1647 3074 1828 3136 dilecto?¹

983 3175 1106 3237 tilios...
1124 3173 1276 3236 abbatem
1290 3176 1323 3236 et
1338 3174 1537 3235 conventum
1554 3171 1595 3234 de
1610 3171 1772 3234 Fontibus

983 3275 1015 3335 et
1030 3274 1190 3350 quosdam
1205 3272 1296 3333 alios·
1311 3270 1441 3332 ordinis
1455 3269 1629 3333 memorati
1654 3267 1828 3331 libore*

983 3371 1093 3432 censis
1114 3369 1269 3431 dioecesis
1288 3368 1329 3430 ad
1344 3384 1404 3429 vos
1419 3369 1549 3429 nostras
1567 3367 1700 3429 litteras
1722 3366 1828 3428 im*-

983 3469 1167 3547 petrarunt,
1195 3467 1340 3528 maxime
1364 3482 1438 3527 cum
1461 3469 1531 3543 jam
1558 3478 1619 3541 per
1641 3464 1828 3542 quatuo-

983 3582 1090 3628 annos
1113 3565 1247 3626 easdem
1278 3563 1526 3641 suppresserint
1555 3562 1791 3640 impetrantes.
1822 3592 1828 3601 -

984 3666 1064 3724 Cum
1083 3665 1194 3725 autem
1219 3663 1400 3738 tempestus
1427 3660 1579 3722 ecclesiae
1602 3657 1822 3720 cessaverir

984 3761 1181 3839 anglicana,
1198 3760 1226 3821 si
1238 3774 1337 3837 super
1347 3757 1481 3835 negotio
1491 3758 1676 3820 memorato
1686 3757 1828 3818 duxoae

983 3859 1052 3920 rint
1061 3857 1269 3934 litigandum,
1287 3856 1398 3933 partes
1413 3854 1454 3916 ad
1468 3855 1618 3916 nostram
1632 3868 1828 3931 praesepe

983 3957 1064 4019 tiam
1087 3955 1338 4026 transmittatis,
1364 3954 1401 4015 ut
1426 3951 1617 4030 hujusmodi
1644 3951 1828 4028 quaestiat

984 4070 1044 4131 per
1070 4069 1131 4114 nos
1153 4051 1332 4114 concordia
1353 4050 1407 4113 vel
1427 4049 1554 4128 judicio
1572 4048 1828 4110 terminetur,

985 4153 1020 4212 Si
1033 4151 1110 4229 quid
1126 4153 1237 4213 autem
1250 4163 1351 4225 super
1365 4149 1429 4210 boc
1444 4146 1581 4208 interim
1593 4147 1646 4207 est
1659 4147 1828 4209 temerffl

984 4249 1192 4319 attentatum,
1219 4247 1302 4308 illud
1317 4246 1352 4306 in
1368 4247 1491 4308 statum
1512 4243 1662 4307 debitum
1683 4258 1828 4306 reso-³

984 4347 1077 4409 cetis.
1106 4346 1224 4407 Datum
1247 4343 1415 4415 Laterani,
1432 4345 1476 4406 IV
1494 4341 1562 4404 kal.
1579 4340 1786 4417 novembris,

984 4443 1195 4523 pontificatus
1223 4442 1329 4502 nostri
1353 4456 1442 4503 artno
1470 4440 1570 4503 tertio
1599 4438 1743 4503 decimo.
1765 4453 1793 4498 s·

984 4545 1098 4620 Nuper
1113 4543 1223 4603 autem
1238 4538 1350 4600 dilecti
1366 4538 1466 4599 tilii...
1490 4537 1533 4599 de
1552 4535 1727 4609 Fontibus,
1752 4536 1793 4597 et

984 4642 1061 4702 de...
1079 4638 1229 4702 Rievalle
1246 4636 1383 4698 abbates
1398 4636 1432 4697 et
1454 4649 1570 4697 eorum
1589 4635 1782 4704 conventus,

984 4735 1214 4797 Cisterciensis
1236 4731 1375 4803 ordinis,
1400 4728 1496 4790 nobis
1510 4743 1681 4805 exponere
1703 4743 1782 4806 pro·

984 4834 1158 4903 curarunt,
1193 4829 1279 4908 quod
1322 4827 1503 4905 capitulum
1541 4825 1784 4888 llborscensem

983 4931 1074 5007 ipsos
1100 4929 1252 4991 nituntur
1276 4926 1312 4987 in
1342 4940 1479 4986 causam
1506 4922 1643 4986 trahere
1674 4936 1784 4986 eoram

983 5026 1089 5098 vobis,
1114 5024 1313 5087 auctoritate
1341 5021 1559 5100 quarumdam
1584 5021 1782 5091 litterarum,

984 5140 1066 5203 quas
1090 5140 1112 5186 a
1133 5123 1244 5193 nobis,
1275 5121 1415 5182 veritate
1441 5120 1559 5191 tacita,
1588 5118 1784 5196 impetrasse

984 5224 1176 5292 noscuntur,
1205 5218 1297 5281 nulla
1312 5217 1399 5279 sacta
1415 5217 1456 5279 de
1474 5215 1642 5293 praedictis
1664 5215 1784 5279 litteris

983 5320 1161 5381 mentione.
1190 5320 1271 5378 Cum
1298 5315 1401 5392 igitur
1425 5313 1552 5376 nemini
1579 5311 1785 5392 patrocinari

983 5416 1101 5479 debeat
1126 5416 1217 5477 bans
1243 5418 1277 5476 et
1302 5413 1413 5485 dolus,
1444 5410 1640 5473 discretioni
1665 5410 1785 5473 vestre

131 5512 237 5574 altero
248 5511 465 5573 nibilominus
477 5507 685 5590 exsequaris.
702 5514 821 5575 Datum
835 5515 929 5576 Late·
983 5530 1043 5593 per
1052 5513 1242 5592 Apostolica
1256 5512 1381 5588 scripta
1396 5509 1603 5581 mandamns,
1619 5510 1786 5587 quatenus

131 5608 327 5681 rani,tertio
338 5608 501 5670 kalendas
512 5608 705 5681 decembris,
719 5626 806 5672 anno
817 5613 924 5672 tertio.
981 5616 1077 5691 juxta
1098 5613 1235 5673 sormam
1252 5610 1437 5671 litterarum
1459 5604 1719 5685 predecessoris
1734 5605 1787 5682 ip-
