3774 6186
130 273 189 332 623
670 363 676 367 -
744 279 919 338 HONORII
942 281 985 338 111
1008 281 1155 373 ophira.
1713 285 1770 342 62l

128 432 199 501 Dei,
218 433 401 496 venerabili
421 434 517 516 tratri
536 437 788 514 archiepiscopo
810 441 919 498 Gnes-

129 530 236 601 nensi,
255 532 289 592 et
302 532 432 594 dilectis
452 534 530 593 tiliis
553 533 738 605 abhatibus,
754 535 920 611 prioribus

129 627 162 688 et
183 627 260 687 aliis
276 630 492 691 ecclesiarum
517 631 665 708 praelatis
691 648 749 707 per
772 633 918 708 ejusdem

19 748 25 791 ·.
129 724 296 786 dioecesim
323 728 523 800 constitutis,
538 729 678 790 salutem
705 731 738 791 et
763 730 920 806 apostoli·

128 837 201 883 cam
215 822 488 886 benedictionem.

170 922 321 998 Suscepti
336 939 417 983 cura
436 924 619 999 regiminis,
632 942 704 1001 quae
724 941 784 986 nos
806 927 919 987 omni-

128 1015 191 1077 bus
214 1019 385 1081 constituit
415 1020 591 1092 debitores,
617 1023 777 1098 exposcit,
802 1024 838 1084 ut
864 1024 920 1101 qui

129 1114 276 1175 osticium
307 1118 525 1193 speculatoris
565 1121 815 1197 assumpsimus
852 1136 918 1181 non

30 1247 34 1253 -
129 1213 237 1272 solum
255 1213 295 1274 ad
309 1230 411 1290 prope
425 1216 561 1292 positos
579 1217 635 1278 sed
652 1218 752 1278 etiam
767 1218 809 1278 ad
823 1217 920 1293 longe

128 1309 254 1384 positos
276 1314 398 1373 nostrae
422 1313 657 1375 sollicitudinis
679 1315 784 1375 aciem
808 1318 920 1376 exieu-

128 1407 256 1479 demus,
272 1425 312 1470 ac
326 1409 367 1470 de
382 1426 462 1486 agro
473 1413 645 1474 Dominico
660 1413 850 1475 studeamus
865 1429 920 1475 ex·

127 1503 252 1579 tirpare
267 1505 431 1581 plantaria
444 1508 611 1580 vitiorum,
626 1525 668 1571 ne
682 1509 768 1572 torte
780 1511 847 1570 iilis
861 1525 920 1587 per

127 1604 274 1662 nostram
306 1603 471 1665 incuriam
513 1606 783 1668 excrescentibus
824 1607 918 1668 nobis

126 1699 234 1775 possit
252 1699 415 1777 adaptari,
435 1704 521 1781 quod
542 1703 664 1779 legitur
680 1725 687 1764 :
703 1709 776 1765 Per
793 1720 918 1781 agrum

125 1800 273 1858 hernicis
290 1801 385 1875 piari
409 1801 570 1871 treceniet,
587 1802 621 1862 et
635 1816 710 1864 ecce
724 1803 847 1862 urticae
861 1817 919 1864 re-

123 1897 304 1967 pleverant
318 1911 408 1966 eune,
426 1898 459 1958 et
480 1900 692 1972 oporterent
706 1902 829 1972 factem
843 1903 918 1972 ejus

124 1995 245 2065 sptnoe.
263 1994 346 2065 Quia
365 2009 445 2054 vero
467 1994 621 2057 hnmanae
643 1996 840 2058 conditionis
862 2013 918 2057 na·

124 2090 199 2149 tura
222 2105 287 2150 non
311 2092 446 2166 patitur,
471 2093 507 2154 ut
528 2109 587 2169 per
606 2109 666 2155 nos
687 2095 777 2169 ipsos
799 2097 917 2155 cuncta

125 2186 222 2247 nobis
256 2187 464 2250 imminentia
501 2192 737 2267 exsequantur,
765 2191 917 2268 exemplo

123 2285 208 2360 ejus,
229 2284 375 2360 quicum
395 2286 516 2363 ubique
539 2287 583 2348 sit
606 2303 764 2364 praesens,
781 2289 916 2365 spiritus

122 2382 261 2457 angelos
280 2397 358 2444 suos
375 2382 465 2454 iacit,
482 2385 516 2446 et
533 2384 568 2444 in
583 2385 716 2445 diversa
731 2386 916 2447 ministeria

124 2479 227 2540 mittit
245 2479 333 2551 illos,
355 2480 432 2541 aliis
452 2497 491 2542 ea
511 2482 723 2558 exsequenda
745 2483 918 2545 committi·

123 2592 208 2647 mue,
229 2593 302 2654 quae
321 2594 381 2653 per
399 2594 460 2639 nos
480 2579 570 2655 ipsos
590 2580 727 2656 exsequi
746 2596 812 2640 non
825 2580 918 2641 vale-

123 2689 208 2744 mus,
223 2676 351 2750 majora
367 2676 559 2752 majoribus,
577 2678 676 2752 prout
694 2676 780 2737 ratio
801 2676 917 2752 singu-

122 2769 231 2831 lorum
253 2773 452 2849 expostulat,
473 2773 725 2835 committentes.
750 2776 792 2836 Ut
817 2774 917 2850 igitur

124 2869 161 2929 in
175 2885 317 2946 persona
333 2874 417 2946 ejus,
432 2887 529 2948 quem
544 2871 585 2934 ad
600 2887 660 2933 vos
675 2871 842 2933 destinare
857 2888 918 2932 cu-

123 2967 282 3038 ravimus,
295 2968 425 3044 plenius
440 2970 640 3045 agnoscatis,
656 2985 754 3046 quam
767 2971 800 3031 et
810 2985 917 3046 quan-

123 3064 192 3125 tam
205 3064 348 3126 devehis
362 3066 620 3128 sollicitudinem
634 3067 826 3139 habeamus,
839 3083 916 3128 ecce

48 3200 51 3207 ,
124 3161 286 3223 mittimus
305 3163 345 3224 ad
372 3180 431 3224 uos
455 3163 611 3227 dilectum
634 3165 738 3225 tilium
766 3168 915 3226 nostrum

124 3261 318 3335 Gregorium
339 3260 378 3322 de
403 3263 603 3334 crescentio,
621 3262 733 3324 Sancti
751 3262 912 3324 Theodori

122 3357 298 3419 diaconum
312 3358 525 3432 cardinalem,
538 3361 737 3437 Apostolicae
754 3361 848 3422 Sedis
862 3360 915 3421 le·

122 3457 246 3530 gaium,
259 3456 368 3515 virum
382 3457 495 3533 utique
507 3457 683 3534 prudentia
696 3459 729 3520 et
743 3459 915 3519 honestate

123 3554 350 3628 conspicuum,
374 3570 413 3615 ac
440 3555 548 3627 nobis,
570 3555 657 3615 inter
680 3558 819 3617 caeteros
841 3556 913 3617 ira·

121 3649 189 3710 tres
206 3652 347 3724 nostros,
366 3652 436 3712 suis
451 3652 579 3713 meritis
599 3653 820 3728 exigentibus,
838 3669 915 3729 spe,-

120 3746 252 3807 cialiter
275 3763 404 3817 carum,
427 3749 602 3809 commisso
620 3749 684 3810 sibi
708 3749 805 3825 plene
827 3750 914 3826 lega·

120 3844 221 3905 tionis
239 3844 359 3917 oliicio,
377 3847 409 3907 et
424 3861 583 3907 concessa
603 3847 667 3907 sihi
689 3847 839 3923 plenaria
854 3864 915 3924 po-

118 3943 248 4026 testate,
262 3943 297 4003 ut
306 3943 427 4004 evellat
441 3946 473 4005 et
487 3942 647 4016 destruat,
660 3944 800 4006 aedificet
815 3946 913 4022 atque

120 4039 257 4116 plantet,
284 4042 382 4116 prout
409 4057 568 4118 quaequae,
595 4041 775 4103 secundum
801 4042 912 4103 datam

119 4135 184 4197 sibi
212 4154 232 4198 a
261 4141 327 4198 Deo
352 4138 572 4214 prudentiam,
598 4138 719 4200 uiderit
746 4138 910 4200 iacienda.

119 4233 261 4311 ideoque
277 4236 487 4298 universitati
507 4238 627 4298 vestrae
649 4252 709 4314 per
722 4237 911 4312 Apostolica

119 4333 241 4407 scripta
272 4332 414 4393 tirmiter
441 4333 664 4409 praecipiendo
696 4334 909 4404 mandamus,

119 4432 281 4505 quatenus
301 4430 421 4505 ipsum,
441 4431 540 4491 immo
563 4431 674 4492 verius
698 4447 760 4491 nos
784 4432 911 4508 inipso

14 4564 17 4579 .
118 4526 317 4601 recipientes
339 4526 493 4588 hilariter
512 4529 545 4590 et
566 4528 748 4589 honorifice
762 4531 912 4604 pertrac-

117 4622 237 4692 tantes,
257 4623 363 4684 eidem
378 4625 536 4701 tanquam
552 4641 702 4701 personae
718 4627 840 4687 nostrae
856 4626 911 4686 in-

116 4721 260 4782 tendatis
284 4722 317 4782 et
344 4720 505 4784 obediatis
529 4723 700 4784 humiliter
725 4725 758 4785 et
781 4724 908 4792 devote,

115 4834 155 4879 ac
171 4820 276 4896 ipsius
288 4820 436 4881 salubria
452 4821 576 4882 monita
592 4823 624 4883 et
639 4822 763 4883 statuta
778 4822 910 4883 irretra-

115 4915 272 4990 gabiliter
299 4915 491 4978 observetis.
518 4917 674 4994 Alioquin
699 4918 907 4987 sententiam,

115 5027 213 5089 quam
231 5013 475 5075 rationabiliter
489 5014 603 5076 tulerit
616 5016 650 5075 in
664 5013 816 5085 rebelles,
829 5030 910 5090 prae·

115 5111 256 5185 cipimus
273 5125 376 5187 usque
395 5111 436 5172 ad
455 5112 716 5174 satisfactionem
731 5111 909 5173 inviolabi-

114 5207 193 5271 liter
205 5207 389 5269 observari.

155 5309 273 5367 Datum
302 5305 470 5377 Laterani,
499 5307 530 5367 11
552 5304 714 5367 kalendas
744 5307 905 5384 januarii,

113 5405 324 5480 pontificatus
340 5403 448 5463 nostri
461 5419 549 5464 anno
561 5405 656 5480 quint
680 5447 687 5464 .

153 5505 332 5564 iraeadem
352 5504 452 5562 modo
473 5503 753 5583 scriptumest...
769 5501 906 5564 arehie-

147 5605 188 5678 (l)
204 5605 369 5678 tegendum
385 5623 392 5662 ε
408 5606 548 5663 iurando.

975 438 1109 514 piscopo
1146 437 1333 515 Upsallensi
1366 439 1399 500 et
1426 434 1652 517 suffraganeis
1686 444 1767 517 ejus,

974 534 1159 607 abbatibus,
1189 536 1357 612 prioribus
1385 539 1418 598 et
1445 537 1521 597 aliis
1547 538 1769 599 ecclesiarum

975 634 1121 709 praelatis
1133 634 1166 692 in
1179 634 1366 710 Upsallensi
1378 635 1549 710 provincia
1560 636 1766 709 constitutis3

974 731 1226 807 archiepiscopo
1238 731 1416 803 Lundensi,
1432 733 1508 806 etc.;
1521 733 1681 809 episcopo
1695 737 1769 794 Pra-

975 828 1082 903 gensi,
1097 830 1173 900 etc.;
1191 829 1346 904 episcopo
1363 828 1584 900 Olomucensi,
1605 832 1682 903 etc.;
1700 831 1768 907 epi-

975 940 1074 1002 scopo
1098 926 1305 991 Missinensi.
1330 928 1410 1001 etc.;
1428 926 1584 1004 episcopo
1605 928 1767 989 Noscensi

974 1025 1007 1084 et
1021 1022 1206 1093 abbatibus,
1222 1024 1299 1096 etc.;
1311 1024 1477 1100 episcopis
1492 1024 1690 1096 Luhecensi‚
1704 1028 1768 1086 Ra-

974 1119 1180 1197 zebnrgensi,
1197 1121 1389 1183 sverinensi
1403 1124 1436 1183 et
1450 1122 1654 1195 caminensi,
1667 1124 1727 1184 etc.

1298 1290 1450 1378 CLXIV

1058 1400 1109 1485 nd
1123 1426 1356 1485 salutandam
1370 1427 1510 1501 coperit
1524 1427 1688 1487 cepenam

1265 1525 1298 1581 F
1295 1536 1475 1583 uxeitsem.

1234 1637 1265 1693 di
1278 1635 1408 1693 decemb.
1427 1637 1505 1694 lito.

1036 1741 1170 1806 [Bouquet
1183 1741 1286 1791 Recueil
1296 1742 1339 1792 des
1349 1743 1422 1802 ilisa,
1437 1743 1503 1802 xlii,
1515 1742 1561 1793 701
1574 1758 1580 1802 ;
1600 1742 1708 1793 Vaisset.

1251 1827 1270 1871 t.
1283 1822 1326 1879 iil,
1339 1822 1488 1887 prohibt]

973 1918 1163 1977 ildimundum
1179 1919 1303 1993 Roganti,
1312 1921 1447 1977 comitem
1459 1922 1632 1988 Fuxensem,
1643 1927 1672 1978 et
1683 1920 1761 1978 tilium

1007 2007 1079 2079 eJus,
1096 2009 1250 2081 bogerium
1275 2009 1460 2076 bernardum,
1488 2008 1616 2082 henigne
1641 2008 1761 2066 hortatur

1007 2097 1159 2164 Honorius,
1183 2105 1212 2153 ut
1232 2095 1372 2154 desistant
1389 2094 1485 2154 lavere
1505 2096 1661 2166 hereticis,
1676 2108 1704 2155 et
1724 2113 1760 2154 re·

1006 2184 1093 2241 deant
1109 2185 1143 2241 ad
1157 2185 1293 2242 Ecclesia
1305 2185 1453 2252 unitatem,
1465 2193 1623 2258 monetque
1636 2195 1761 2255 caveant,

1007 2287 1043 2329 ne
1051 2271 1226 2346 abjudicetur
1236 2272 1344 2330 eisdem
1354 2276 1484 2331 Euxense
1492 2276 1659 2332 castrumin
1669 2291 1763 2333 manus

1006 2363 1142 2419 Ecclesia
1157 2363 1293 2420 Romanae
1302 2363 1500 2420 commissum.

1011 2479 1685 2558 Honoriusepiscopus,servusservorum
1695 2481 1762 2552 Dei,

971 2575 1072 2636 nobili
1090 2574 1163 2637 viro
1178 2578 1290 2638 comiti
1305 2579 1451 2639 Euxensi
1466 2577 1500 2640 et
1514 2578 1584 2638 tilio
1595 2582 1682 2656 ejus,
1694 2580 1763 2655 spi·

971 2674 1070 2734 ritum
1084 2673 1214 2734 consilii
1231 2675 1385 2735 sanioris.

1006 2771 1765 2847 Exspectavimus,utexcommunicationissen·

969 2869 1118 2938 tentiam,
1142 2868 1248 2944 culpis
1268 2869 1388 2930 vestris
1409 2868 1634 2945 exigentibus,
1651 2870 1685 2931 in
1709 2886 1765 2930 ros

971 2964 1083 3035 iatam,
1104 2965 1283 3042 aliquando
1297 2965 1441 3038 modern,
1458 2966 1499 3027 de
1520 2968 1633 3029 vestra
1661 2968 1765 3028 salute

971 3062 1116 3133 solliciti,
1129 3064 1322 3139 cogitantes
1339 3063 1516 3125 haereticos
1537 3065 1764 3142 intereatque

970 3159 1147 3220 defendere
1168 3161 1355 3230 cessaretis,
1381 3163 1413 3222 et
1427 3161 1583 3224 rediretis
1598 3163 1641 3224 ad
1658 3163 1764 3222 sinum
1783 3198 1807 3228 Α

970 3257 1126 3318 Ecclesiae
1147 3258 1262 3319 matris
1280 3260 1417 3333 vestrae;
1441 3259 1498 3319 sed
1518 3276 1589 3332 vos,
1606 3261 1807 3336 tanquam·

970 3354 1031 3414 tilii
1059 3354 1161 3415 alieni
1189 3356 1375 3431 pugnantes
1401 3356 1617 3433 pertinaciter
1649 3361 1807 3425 contra-

969 3468 1054 3523 eam,
1069 3453 1117 3512 sic
1132 3452 1166 3511 in
1179 3453 1326 3528 ipsorum
1346 3453 1580 3515 haereticorum
1595 3453 1712 3516 lavore
1727 3471 1807 3520 ae:

969 3551 1160 3612 defensione
1173 3550 1360 3626 persistitis,
1379 3553 1415 3612 ut
1435 3567 1501 3612 non
1517 3552 1626 3613 solum
1650 3553 1807 3620 deien—

970 3649 1230 3724 soresipsnrum,
1244 3648 1299 3709 sed
1314 3649 1414 3710 etiam
1424 3665 1467 3709 ex
1479 3649 1562 3726 ipsis
1573 3666 1641 3710 non
1653 3651 1807 3720 immae

968 3748 1033 3808 rito
1048 3747 1232 3807 existimari
1258 3746 1402 3823 possitis.
1430 3746 1523 3809 Licet
1543 3748 1648 3823 igitur
1674 3750 1807 3817 tant<

968 3844 1069 3906 luerit
1090 3844 1307 3905 contumaciae
1327 3848 1448 3905 vestrae
1464 3843 1601 3918 duritia,
1620 3849 1657 3907 ut
1678 3848 1807 3923 jus·

963 3941 1159 4017 jamdudum
1175 3940 1378 4017 potuerimus
1400 3943 1515 4002 contra
1537 3958 1597 4003 vos
1613 3944 1807 4012 severit:

968 4039 1186 4114 processisse3
1202 4038 1309 4099 adhuc
1319 4042 1430 4100 tamen
1446 4040 1592 4116 experiri
1604 4039 1807 4110 volent&

969 4139 1067 4212 utque
1077 4136 1197 4196 blanda
1213 4136 1441 4197 coercitiones
1463 4136 1503 4196 ad
1519 4137 1608 4197 viam
1621 4139 1807 4207 rectitQ.

967 4233 1054 4293 dinis
1068 4233 1178 4294 valeat
1204 4248 1374 4305 revocare,
1395 4232 1603 4294 nobilitatem
1617 4237 1769 4299 vestrm
1782 4260 1807 4310 m

967 4347 1149 4401 monemus,
1164 4345 1320 4405 rogamus
1333 4333 1366 4392 et
1378 4329 1591 4391 obsecramus
1602 4331 1636 4390 in
1650 4335 1799 4399 borni.

966 4444 1020 4495 no,
1039 4444 1099 4503 per
1112 4428 1302 4503 Apostolica
1315 4428 1438 4504 scripta
1454 4428 1665 4502 mandamus,
1682 4446 1786 4507 qua.

964 4527 1060 4586 tenus
1075 4524 1163 4585 inira
1176 4540 1323 4586 mensem
1337 4525 1480 4587 redeatis
1493 4525 1534 4586 ad
1556 4526 1773 4590 ecclesiasti-

965 4638 1037 4683 cam
1073 4623 1250 4693 unitatem,
1284 4623 1422 4698 praecise
1452 4624 1601 4699 juratam
1631 4622 1696 4702 (l)
1729 4626 1760 4691 in

964 4720 1118 4780 manibus
1130 4719 1333 4780 venerabilis
1343 4719 1456 4782 fratris
1470 4721 1577 4781 nostri
1588 4719 1751 4803 (conradi)

964 4818 1158 4878 Portuensis
1171 4817 1329 4894 episcopi,
1354 4819 1393 4878 Α.
1411 4818 1444 4878 S.
1468 4817 1583 4893 iegati,
1597 4833 1638 4879 ae
1653 4833 1742 4894 pres·

963 4913 1063 4975 tando
1078 4915 1163 4975 alias
1186 4914 1327 4974 idoneas
1342 4913 1526 4985 cautiones,
1552 4914 1641 4990 quod
1662 4929 1741 4990 pare-

963 5009 1040 5071 bitis
1054 5011 1219 5073 mandatis
1238 5011 1391 5072 omnihus
1406 5026 1480 5087 quae
1494 5026 1567 5082 nos,
1586 5011 1639 5073 vel
1661 5014 1740 5089 Papa

964 5109 1103 5185 legatus,
1115 5109 1209 5170 vobis
1222 5108 1416 5169 duxerimus
1432 5107 1596 5181 iacienda,
1615 5109 1741 5173 scientes

962 5206 1060 5283 quod,
1078 5207 1108 5268 si
1121 5222 1202 5267 sano
1218 5206 1271 5267 usi
1284 5206 1424 5266 consilio
1437 5206 1562 5267 nostris
1586 5207 1741 5283 acquisie-

962 5304 1037 5366 ritis
1053 5303 1099 5382 (2)
1117 5304 1251 5365 monitis
1265 5304 1298 5365 et
1310 5302 1487 5374 mandatis,
1502 5318 1563 5364 nos
1578 5319 1652 5364 eam
1664 5320 1744 5368 cura·

961 5401 1162 5475 bimuserga
1187 5417 1245 5461 vos
1270 5401 1559 5462 mansuetudinem
1585 5399 1744 5475 exhibere,

962 5497 1048 5575 quod
1073 5500 1228 5558 caeterum
1257 5496 1444 5573 gaudebitis
1472 5514 1530 5559 vos
1558 5500 1746 5575 apostolice

997 5603 1036 5679 (2)
1054 5601 1219 5674 legendum
1233 5618 1241 5659 :
1256 5601 1471 5672 Aequieveritis.
