3774 6186
97 322 153 383 2·ss
716 321 946 384 EPISTOLAE.
970 324 1048 384 LIB.
1072 327 1127 386 111.
1686 323 1746 384 212

97 495 201 542 sonas
212 479 296 542 inibi
306 480 503 543 constitutas
516 472 755 557 suspensionis,
768 499 897 544 excom·
951 485 1096 547 existere
1111 486 1151 547 de
1166 487 1355 564 perpetrata
1371 485 1545 564 iniquitate
1556 485 1743 560 cognoscat,

97 578 348 650 militationis,
361 580 413 640 vel
430 579 597 641 interdicti
612 581 810 643 seutentiam
824 596 898 658 pro·
951 584 984 644 et
997 599 1016 644 a
1032 584 1259 646 sacratissimo
1274 601 1412 662 corpore
1426 587 1459 647 et
1468 584 1632 660 sanguine
1641 581 1700 642 Dei
1714 581 1747 642 et

97 675 345 752 mulgaverint,
371 678 443 739 sive
475 678 575 739 etiarn
606 678 641 738 in
671 679 896 740 mercenarios
952 681 1082 742 Domini
1117 683 1347 760 Redemptoris
1376 683 1480 744 nostri
1515 684 1594 744 Jesu
1623 678 1746 740 Christi

97 777 231 835 vestros
243 788 302 851 pro
321 789 371 845 ee,
389 775 474 851 quod
499 774 656 847 decimas,
674 775 759 837 sicut
773 776 896 837 dictum
952 778 1061 839 aliena
1075 779 1142 847 flat,
1151 782 1249 856 atque
1260 781 1294 841 iu
1306 782 1454 842 extremo
1465 780 1619 840 examine
1631 776 1747 838 distri-

97 871 162 941 est,
179 885 248 930 nou
267 870 484 947 persolvistis,
501 870 574 931 siue
595 871 706 948 aliqua
724 871 897 933 occasione
952 878 1013 938 ctae
1028 877 1197 953 subjaceat
1212 877 1341 938 ultioni.
1354 878 1486 939 Cunctis
1508 878 1619 937 autem
1639 874 1747 935 eidem

97 981 229 1037 eorum,
247 983 319 1044 quae
335 967 376 1028 ab
389 969 572 1044 apostolica
585 968 790 1044 benignitate
804 969 897 1030 vobis
953 974 1025 1034 loco
1047 991 1106 1034 sua
1126 977 1204 1051 jura
1227 976 1435 1036 servantibus
1459 975 1502 1035 sit
1527 990 1593 1050 pax
1615 971 1747 1033 Domini

97 1062 228 1124 indulta
256 1065 343 1135 sunt,
363 1080 421 1125 seu
443 1063 670 1126 benefactores
692 1067 820 1127 vestros
838 1081 898 1142 pro
953 1070 1148 1132 nostriJesu
1163 1070 1472 1148 Christi,quatenus
1493 1069 1591 1131 ethic
1604 1069 1747 1129 fructum
1789 1130 1793 1135 ,

97 1175 140 1221 eo
156 1160 243 1236 quod
260 1160 372 1237 aliqua
386 1161 480 1222 vobis
494 1161 657 1223 beneficia
672 1163 724 1223 vel
740 1162 897 1239 obsequia
952 1166 1047 1228 bonae
1060 1167 1201 1229 actionis
1214 1168 1410 1245 percipiant,
1420 1169 1452 1228 et
1464 1168 1550 1244 apud
1562 1166 1747 1227 districtum

97 1272 144 1319 ex
156 1259 297 1320 caritate
312 1259 536 1336 praestiterint,
553 1260 661 1321 velud
681 1259 897 1322 laborandum
950 1263 1095 1340 judicem
1127 1266 1262 1341 praemia
1287 1267 1420 1327 aeternae
1449 1265 1541 1342 pacis
1564 1262 1745 1324 inveniant.

101 1355 297 1430 adjuverint
326 1356 360 1416 in
393 1356 461 1417 illis
489 1356 616 1428 diebus,
641 1359 676 1418 in
700 1357 818 1434 quibus
839 1374 899 1419 vos
954 1365 1200 1422 1111111111.

101 1451 274 1523 laboratis,
289 1453 394 1514 etalii
409 1453 584 1525 feriantur,
601 1454 750 1514 eamdem
766 1456 900 1516 seuten—
994 1460 1062 1534 Ego
1079 1459 1246 1520 Honorius
1258 1458 1437 1521 Catholicae
1453 1459 1609 1520 Ecclesiae
1625 1457 1726 1534 episc.

103 1548 184 1610 tiam
211 1550 440 1639 protulerint,q
454 1550 560 1627 ipsam
592 1552 759 1627 tamquam
784 1553 899 1612 contra
995 1553 1218 1633 (Adjicientur
1241 1556 1275 1617 in
1304 1555 1367 1616 hoc
1402 1555 1475 1616 loco
1510 1554 1748 1630 suscriptiones

105 1645 201 1707 Sedis
212 1647 409 1723 Apostolicae
422 1648 549 1710 indulta
563 1647 724 1724 prolatam
744 1648 899 1709 duximus
955 1651 1202 1730 cardinalium.)

105 1743 301 1806 irritandam
321 1760 383 1805 nec
401 1744 520 1806 litterae
539 1746 607 1806 illae
628 1745 816 1807 firmitatem
839 1746 901 1806 ha·
995 1752 1112 1810 Datum
1129 1752 1241 1810 Romae
1262 1750 1348 1827 apud
1365 1751 1521 1811 Sanctum
1544 1750 1676 1811 Petrum
1689 1762 1749 1824 per

108 1839 218 1911 beant,
234 1856 315 1917 quas
329 1842 431 1903 tacito
455 1843 589 1904 nomine
603 1844 739 1904 cisterc.
760 1842 898 1914 ordinis,
955 1862 1088 1906 manum
1102 1847 1251 1908 Rainerii
1275 1849 1398 1909 sanctae
1414 1847 1570 1908 Ecclesiae
1590 1848 1749 1907 Romanae

107 1941 139 1999 et
153 1941 271 1999 contra
283 1939 432 1999 tenorem
442 1940 698 2015 apostolicorum
714 1940 901 2017 privilegio·
955 1945 1221 2005 vicecancellarii
1233 1947 1262 2004 ll
1275 1944 1406 2005 kalend.
1418 1944 1517 2022 junii,
1533 1942 1648 2004 Indict.
1661 1943 1747 2013 Vlll,

106 2051 178 2096 rum
194 2035 381 2097 constiterit
392 2036 575 2112 impetrari.
956 2043 1198 2103 incarnationis
1235 2042 1414 2103 Dominicae
1455 2057 1542 2102 anno
1572 2039 1749 2100 millesimo

143 2133 312 2194 Praeterea
326 2148 401 2194 cum
415 2149 588 2195 commuue
604 2135 814 2196 interdictum
831 2135 901 2196 ter-
955 2139 1179 2200 ducentesimo
1195 2138 1433 2210 decimonono,
1450 2137 1659 2215 pontificatus
1671 2151 1750 2195 vero

106 2244 149 2290 rae
163 2229 277 2300 tuerit,
295 2230 394 2291 liceat
408 2230 502 2290 vobis
514 2231 731 2292 nihilominus
746 2232 899 2293 iuvestro
954 2236 1224 2298 domiuiHonorii
1231 2236 1525 2313 Papaetertiianno
1536 2234 1681 2296 secundo
1689 2231 1748 2311 (1).

107 2326 307 2388 monasterio
324 2327 470 2388 exclusis
488 2328 783 2390 excommunicatis
796 2328 829 2391 et
843 2329 908 2395 in·.

106 2422 254 2484 terdictis
268 2423 380 2484 divina
394 2422 502 2485 officia
523 2424 704 2495 celebrare,
721 2426 796 2502 paci
818 2441 901 2502 quo-

1260 2387 1446 2473 ccxxxi

106 2535 166 2596 que
180 2521 214 2581 et
229 2519 461 2597 tranquillitati
479 2523 598 2583 vestrae
614 2524 751 2599 paterna
773 2522 807 2583 in
823 2537 901 2598 pos-

107 2618 212 2678 terum
265 2617 487 2679 sollicitudine
520 2619 696 2695 providere
737 2620 898 2690 volentes,

106 2715 306 2776 auctoritate
316 2715 504 2791 Apostolica
516 2715 741 2792 prohibemus,
755 2718 800 2788 ut,
813 2717 900 2777 inira

106 2810 282 2872 clausuras
303 2812 451 2874 locorum
466 2828 525 2873 seu
539 2813 754 2888 grangiarum
770 2816 901 2875 vestra·

105 2922 180 2968 rum
207 2909 319 2969 nullus
348 2909 499 2987 rapinam
531 2923 589 2970 seu
620 2909 743 2971 furtum
776 2909 897 2982 tacere,

975 2513 1026 2571 Ad
1039 2511 1277 2572 Bertruummt
1293 2514 1515 2582 cardinalem,
1530 2510 1731 2585 apostorum

1213 2601 1310 2660 Sedis
1329 2600 1490 2674 teporem.

1251 2704 1350 2759 llense
1367 2703 1453 2760 maio.

956 2799 1092 2863 [bouquet
1104 2798 1162 2849 lieo.
1174 2797 1218 2848 des
1230 2798 1335 2924 Hm'gp‘
1345 2799 1450 2925 {ffip
1460 2799 1506 2848 687
1513 2819 1520 2856 ;
1532 2799 1634 2862 hegest.
1647 2797 1692 2848 lib.
1706 2798 1750 2857 lii,

955 2948 1170 3022 Suspicantibus
1182 2949 1351 3021 quibusdam
1367 2948 1552 3017 ludovicum,
1567 2947 1688 3023 Philippi
1705 2963 1749 3005 re·

103 3003 217 3081 ignem
231 3020 409 3083 apponere,
425 3007 620 3082 sanguinem
634 3006 784 3079 tundere,
798 3007 901 3068 homi·

102 3116 180 3163 uem
192 3104 319 3164 temere
334 3119 463 3181 capere,
479 3103 532 3165 vel
547 3104 746 3176 interficere,
763 3120 822 3166 seu
834 3105 902 3167 vio·

101 3197 241 3262 lentiam
254 3200 375 3262 audeat
389 3216 557 3263 exercere.
755 3257 757 3261 ,

143 3299 312 3358 Praeterea
327 3314 440 3359 omues
452 3298 623 3361 libertates
636 3301 669 3361 et
677 3298 901 3361 immunitates

991 3037 1037 3110 gis
1051 3038 1149 3102 tilium,
1171 3039 1263 3094 moliri
1278 3046 1319 3106 ut,
1334 3038 1387 3095 sub
1403 3045 1540 3110 praetextu
1564 3037 1753 3112 expeditionis

990 3132 1131 3197 susceptae
1155 3123 1292 3183 adversus
1316 3125 1497 3198 albigenses,
1517 3127 1680 3192 Heuricum,
1698 3125 1752 3181 Au·

990 3213 1056 3285 giiae
1072 3214 1317 3286 rege1n‚terrisin
1332 3213 1449 3269 Francia
1463 3214 1612 3285 possessis,
1627 3212 1752 3270 Pictariu

990 3309 1018 3358 et
1034 3303 1175 3360 vasconia
1192 3303 1338 3375 spoliaret,
1356 3300 1471 3359 mandat
1487 3303 1582 3375 iegato
1598 3301 1751 3369 Honorius,

100 3408 123 3455 a
146 3394 448 3471 praedecessoribus
470 3397 592 3457 nostris
608 3398 767 3459 Romanis
782 3397 900 3459 Ponti·
992 3390 1122 3464 invigilet
1137 3406 1173 3447 ¹¹0
1194 3391 1255 3464 regi
1269 3391 1376 3465 b⁰l¹¹¹⁰
1393 3389 1529 3447 diffluum
1552 3389 1752 3462 l⁰0d0¹¹¹1¹h¹¹0

100 3490 224 3552 ficibus
253 3493 361 3553 ordini
387 3493 497 3554 vestro
535 3509 722 3567 concessas,
748 3510 900 3555 necnon
991 3478 1138 3537 inseratur.

100 3586 276 3650 libertates
289 3590 322 3650 et
336 3591 562 3667 exemptiones
579 3591 790 3652 saecularium
805 3606 901 3652 exac·
996 3579 1164 3639 Honorius
1181 3578 1393 3655 eili⁸⁰0li¹¹⁸w
1417 3578 1538 3640 di¹00t⁰
1562 3577 1630 3638 flli⁰
1646 3580 1681 3639 Β·
1703 3575 1752 3656 (2)

99 3685 232 3748 tionum
257 3702 277 3747 a
301 3686 434 3761 regibus
460 3689 493 3748 et
516 3688 722 3766 principibus
746 3689 797 3749 vel
824 3688 900 3749 aliis
955 3676 1044 3737 tituli
1059 3677 1255 3737 S³ss⁰l0r11m
1281 3675 1599 3738 J0h³1¹11580lPffl¹¹¹
1615 3674 1754 3752 presby-

102 3781 259 3843 fidelibus
271 3781 517 3844 rationabiliter
529 3783 623 3845 vobis
644 3784 799 3850 indultas,
820 3800 902 3844 auc-
955 3775 1027 3833 1610
1038 3772 1213 3844 cardinali,
1228 3777 1265 3832 A·
1279 3775 1312 3833 S·
1329 3772 1449 3848 legato,
1467 3772 1618 3833 saluium·

102 3877 439 3954 toritatehpostolica
453 3880 697 3952 confirmamus,
714 3882 747 3941 et
759 3896 902 3958 praeseu-
997 3869 1214 3930 Praessssfflitur
1241 3884 1261 3930 a
1287 3869 1400 3930 mullis
1423 3871 1456 3930 θῑ
1473 3869 1604 3945 publice
1619 3868 1752 3939 dicitur,

100 3974 150 4037 tis
165 3975 281 4053 scripti
307 3976 482 4052 privilegio
503 3977 755 4038 communimus.
779 3980 902 4038 Decor.
957 3966 1041 4042 quod
1066 3966 1205 4027 dilectus
1223 3966 1311 4026 tilius
1336 3965 1456 4026 nobilis
1484 3965 1536 4026 vir
1553 3965 1751 4030 Ludovicus,

100 4071 216 4134 1111111
225 4088 316 4148 ergo,
332 4073 367 4135 ut
378 4074 461 4134 nulli
475 4075 609 4136 omnino
620 4074 790 4134 hominum
802 4074 902 4135 liceat
956 4062 1096 4123 illustris
1116 4063 1205 4138 regis
1227 4063 1377 4123 Franci&
1406 4061 1668 4137 Ρῑὶῐΰθὲθῦἱῒῠῦ,
1692 4061 1753 4120 sub

99 4169 277 4247 praelatum
300 4171 537 4233 monasterium
553 4174 677 4233 temere
693 4170 899 4248 perturbare,
957 4162 1118 4237 liraelextu
1144 4159 1362 4236 persequendi
1403 4159 1594 4231 haer0110082
1631 4160 1754 4220 terram

98 4269 162 4328 aut
181 4270 254 4344 ejus
273 4268 502 4343 possessiones
523 4268 667 4339 auterre,
695 4269 748 4329 vel
772 4268 900 4330 ablatas
957 4273 1055 4334 quam
1078 4257 1272 4318 carissimus
1296 4258 1331 4317 in
1367 4256 1498 4319 011ΐί810
1529 4255 1617 4317 filius
1641 4257 1755 4318 noster

99 4364 260 4435 retinere,
277 4365 437 4437 minuere,
460 4381 519 4426 seu
534 4365 736 4442 quibuslibet
751 4366 902 4428 vexatio-
957 4356 1132 4427 henricus,
1160 4370 1222 4417 rex
1234 4355 1416 4431 Anglorum
1429 4354 1581 4423 illustris,
1606 4353 1753 4415 habetin

97 4459 202 4523 nibus
222 4459 375 4538 fatigare,
401 4463 458 4525 sed
481 4463 593 4523 omnia
615 4464 745 4539 integra
765 4478 902 4525 conser-
957 4453 1106 4530 partibus
1138 4452 1228 4522 illis,
1265 4453 1448 4514 Pictaviam
1485 4453 1519 4515 et
1550 4451 1751 4514 vasconiam

97 4560 223 4620 ventur
244 4575 358 4620 eorum
371 4575 431 4636 pro
447 4572 585 4636 quorum
607 4561 848 4635 gubernatione
862 4576 902 4621 ao
957 4551 1095 4622 scilicet,
1113 4566 1276 4627 occupare
1288 4551 1421 4627 satagit,
1434 4552 1467 4612 et
1476 4567 1536 4612 suo
1550 4551 1604 4612 vel
1617 4550 1754 4612 alterius

98 4655 348 4717 sustentatione
371 4671 528 4718 concessa
548 4659 635 4728 sunt,
660 4656 773 4718 usibus
794 4658 903 4718 omni·
957 4648 1104 4709 dominio
1131 4648 1310 4725 subjugare
1337 4648 1456 4726 :quod
1489 4649 1522 4709 iu
1556 4649 1754 4708 immensum

97 4752 212 4814 modis
246 4752 429 4828 protutura,
455 4753 548 4815 salva
580 4752 675 4814 Sedis
703 4753 901 4830 Apostolicae
957 4746 1115 4807 Ecclesiae
1158 4748 1316 4808 Romanae
1349 4746 1508 4822 injuriam
1541 4743 1752 4805 redundaret.

98 4850 312 4912 auctoritate.
958 4846 1061 4915 Quam
1085 4843 1173 4904 enim
1200 4847 1359 4920 majorem
1384 4843 1453 4919 pati
1472 4857 1644 4918 possemus
1663 4842 1755 4919 inju-

146 4947 182 5008 Si
207 4963 273 5024 qua
301 4946 405 5024 igitur
430 4948 466 5009 in
498 4948 646 5010 futurum
673 4948 901 5010 ecclesiastica
957 4941 1054 5013 riam,
1071 4941 1213 5018 quamsi
1234 4941 1409 5017 pecuniam
1437 4956 1535 5016 quam
1552 4954 1610 5017 pro
1632 4940 1756 5002 exstir-

98 5043 319 5105 aaecularisve
336 5060 479 5121 persona
495 5045 718 5107 hancuostrae
733 5046 900 5107 constitu·
957 5040 1065 5116 panda
1099 5039 1257 5100 haeretica
1294 5039 1460 5115 pravitate
1485 5040 1596 5100 Terras
1626 5040 1756 5100 Sanctae

98 5140 204 5204 tionis
222 5141 378 5218 paginam
394 5142 514 5214 scienS,
541 5144 656 5203 contra
678 5158 752 5203 eam
776 5143 901 5203 temere
957 5136 1194 5208 subtraximus,
1211 5136 1359 5197 converti
1375 5135 1475 5213 (quod
1491 5135 1611 5215 absiti)
1634 5136 1667 5196 in
1690 5151 1754 5197 ex-

99 5239 220 5301 venire
248 5238 444 5310 tentaverit,
470 5239 616 5300 secundo
646 5241 787 5302 tertiove
807 5255 901 5301 com·
957 5233 1181 5295 haeredatione
1202 5232 1309 5309 ipsius
1333 5234 1422 5309 regis
1444 5232 1666 5308 crucesignati
1689 5248 1755 5309 pu·

99 5336 242 5407 monita,
258 5335 325 5395 nisi
340 5338 468 5397 reatum
483 5353 737 5412 suumcougrua
752 5337 900 5399 satisfac·
955 5331 1040 5408 pilli,
1056 5331 1168 5393 tutelae
1183 5330 1339 5392 Ecclesia
1360 5334 1518 5393 Romanae
1534 5330 1653 5399 relicti,
1669 5331 1703 5391 et
1721 5330 1756 5390 iu

99 5432 193 5494 tione
213 5432 409 5505 correxerit,
431 5433 602 5510 potestatis
622 5433 825 5512 honorisque
848 5434 900 5494 sui
957 5444 997 5489 ea
1014 5430 1088 5504 post
1103 5431 1204 5488 heum
1216 5430 1318 5490 totam
1329 5426 1754 5498 suamhabentistlduciam,

100 5530 265 5607 dignitate
280 5530 404 5600 careat,
421 5545 578 5607 reamque
592 5547 628 5593 se
642 5531 755 5592 divino
773 5531 900 5609 judicio
957 5524 1212 5604 videremur(3).
1229 5527 1347 5586 Nonne
1358 5525 1503 5587 clamare
1520 5525 1630 5602 posset
1642 5525 1757 5586 contra

138 5644 181 5717 (1)
194 5644 283 5714 tepus
299 5642 391 5700 tertio.
448 5643 488 5715 (1)
506 5644 671 5701 bertranno.
992 5640 1033 5712 (³)
1054 5639 1156 5698 Metius
1170 5638 1340 5697 videremus.
