3774 6186
117 256 240 363 roo⁸

118 456 248 520 dilectis
263 454 341 516 tiliis
356 453 465 517 abbati
479 452 513 515 et
527 452 704 515 conventui
718 451 912 514 monasterii

118 554 359 620 Hildeslenen„
375 550 527 623 salutem,
543 548 605 611 etc.

159 649 378 713 Sacrosancta
400 651 549 710 Romana
564 646 712 708 Ecclesia
731 645 865 708 devotos
880 646 912 708 et

117 749 259 810 humiles
284 747 371 808 illios
397 762 440 807 ex
469 746 612 806 assuetae
641 744 773 821 pietatis
802 743 911 805 oiiicio

117 845 314 923 propensius
329 844 468 920 diligere
486 842 669 913 cousuevit,
686 843 719 903 et
734 857 776 902 ue
790 856 912 918 pravo-

117 960 190 1005 rum
204 943 374 1004 hominum
389 939 551 1001 molestiis
570 938 746 1016 agitentur,
764 954 820 999 eos
835 941 912 1000 tan-

117 1057 217 1120 quam
231 1038 286 1117 pia
296 1041 402 1101 mater
416 1054 485 1099 suaa
498 1035 714 1114 protectionis
729 1031 911 1096 munimine

117 1137 304 1200 contovere.
315 1136 507 1212 Eapropter,
516 1132 627 1194 dilecti
640 1132 908 1204 innominabili,

116 1236 239 1299 vestris
258 1235 361 1312 justis
387 1231 541 1309 precibus
567 1229 730 1301 inclinati,
753 1245 910 1306 personas

115 1334 246 1398 vestras
260 1332 293 1394 et
310 1331 419 1391 locum
437 1329 473 1389 in
488 1343 552 1405 quo
574 1327 689 1389 divino
709 1327 790 1388 estis
810 1327 910 1388 obse·

117 1429 195 1508 quio
210 1426 400 1503 mancipati,
413 1441 488 1486 cum
501 1424 654 1493 omnibus
666 1422 763 1484 bonis
778 1424 908 1495 vestris,

118 1525 251 1604 quaein
278 1522 436 1600 praesenti
461 1520 706 1583 rationabiliter
733 1519 910 1597 possidetis

117 1623 177 1684 aut
189 1622 225 1682 in
239 1620 350 1682 futuro
357 1619 457 1697 justis
468 1618 573 1679 modis
584 1618 762 1695 praestante
771 1617 910 1678 Domino

116 1718 257 1796 adipisci
272 1716 434 1794 poteritis,
450 1714 511 1776 sub
527 1715 634 1777 sancti
649 1714 739 1776 Petri
753 1715 785 1776 et
796 1716 910 1776 nostra

115 1815 321 1895 protectione
343 1813 555 1889 suscipimus.
579 1811 775 1889 specialiter
800 1814 910 1874 autem

116 1913 288 1975 libertates
304 1914 336 1973 et
347 1910 571 1971 immunitates
586 1908 679 1972 vobis
695 1911 728 1971 et
740 1911 910 1972 monaste-

116 2010 169 2072 rio
194 2011 306 2070 vestro
325 2024 345 2069 a
366 2007 461 2068 bonae
487 2007 655 2068 memoriae
678 2004 858 2086 H(errado)
879 2006 912 2069 et

116 2103 912 2186 R(eynard0)etaFrederico‚venerabilibusira-

116 2204 224 2267 tribus
238 2203 373 2274 nostris,
386 2201 719 2263 Halberstadensibus
732 2201 909 2278 episcopis,

116 2302 183 2365 loci
198 2300 408 2372 dioecesanis,
424 2316 463 2362 ac
478 2301 579 2361 etiam
594 2315 614 2360 a
629 2299 729 2360 clarae
743 2297 911 2359 memoriae

117 2400 237 2465 comite
258 2396 514 2469 Hildeslenensi,
540 2394 688 2474 eJusdem
717 2394 911 2457 monasterii

117 2480 303 2567 fundatore,
327 2510 514 2562 concessas,
535 2509 666 2554 necnon
685 2495 742 2569 jus
763 2492 910 2553 advoca-

117 2594 186 2668 ue,
212 2593 298 2672 quod
321 2592 409 2653 idern
426 2606 536 2653 comes
558 2589 759 2651 monasterio
778 2589 814 2649 in
833 2604 913 2664 pro-

117 2692 228 2769 prium
241 2689 415 2760 concessit,
432 2687 659 2764 possessiones
678 2688 710 2747 et
729 2684 796 2745 alia
811 2684 909 2757 bona,

117 2789 175 2867 pia
204 2784 299 2849 vobis
325 2784 472 2846 fidelium
501 2781 676 2843 devotione
701 2780 834 2852 collata,
858 2781 911 2843 vel

118 2885 203 2946 alias
218 2883 259 2944 ad
275 2897 334 2943 vos
345 2882 437 2957 justo
449 2878 546 2941 titulo
560 2878 760 2954 pertinentia
772 2877 858 2940 sicut
872 2893 910 2940 ea

57 2960 65 2981 “
118 2981 231 3044 omnia
248 2980 338 3057 J'uste
353 2993 392 3038 ac
414 2975 550 3052 pacifice
570 2974 736 3047 obtinetis,
754 2974 912 3036 6116611-

118 3077 266 3141 thentico
290 3075 367 3136 inde
388 3072 536 3134 conlecto
560 3071 692 3148 plenius
711 3072 908 3144 continetur,

116 3174 213 3238 vobis
230 3173 262 3235 et
280 3156 339 3250 per
357 3185 417 3232 vos
438 3169 544 3230 eidem
566 3168 768 3230 monasterio
787 3169 908 3241 vestro,

117 3269 315 3335 auctoritate
326 3265 515 3343 apostolica
529 3266 773 3338 confirmamus,
783 3267 816 3327 et
829 3281 912 3343 prae·

118 3369 222 3430 sentis
242 3362 358 3442 scripti
381 3361 565 3440 patrocinio
587 3361 839 3424 communimus.
861 3361 910 3424 Ad

117 3466 169 3528 rei
187 3465 297 3541 autem
321 3459 520 3522 evidentiam
542 3458 741 3535 pleniorem,
761 3460 910 3521 tenorem

117 3561 223 3638 ipsius
238 3556 421 3621 autbentici
439 3555 479 3619 de
491 3554 593 3617 verbo
607 3556 648 3616 ad
667 3555 803 3616 verbum
819 3572 909 3632 pree-

118 3657 267 3719 sentibus
283 3654 437 3715 duximus
452 3652 676 3724 inserendum,
689 3652 746 3730 qui
756 3652 832 3714 talis
843 3655 908 3716 ast:

157 3752 355 3815 Fredericus
370 3750 429 3811 Dei
443 3750 553 3826 gratia
568 3751 697 3811 Sanctae
712 3749 909 3812 Halbersta-

65 3834 68 3839 ¹
117 3850 230 3913 densis
255 3847 405 3910 ecolesiae
428 3847 602 3924 episcopus
622 3847 773 3908 omnibus
788 3847 910 3911 Christi

117 3946 270 4011 iidelibus
287 3945 373 4005 banc
385 3945 539 4020 paginam
555 3944 753 4020 inspecturis
769 3945 909 4007 salutem

116 4047 153 4108 in
168 4043 318 4106 Domino.
335 4043 555 4119 Quaecumque
576 4041 618 4103 ad
639 4042 769 4103 laudern
784 4043 817 4103 et
836 4043 910 4118 glo-

116 4145 203 4206 riam
218 4140 361 4202 nominis
371 4143 451 4203 Jesu
463 4140 586 4201 Christi
601 4142 634 4202 et
645 4140 685 4201 ad
702 4140 908 4202 commodum

117 4239 345 4310 ecclesIarum,
370 4229 426 4299 ubi
445 4253 566 4298 nomen
585 4240 656 4314 ejus
673 4237 800 4314 jugiter
813 4238 910 4301 invo-

118 4339 225 4409 catur,
239 4352 259 4397 a
272 4334 517 4396 venerabilibus
532 4334 673 4395 dominis
686 4336 910 4411 praedecesso-

117 4434 211 4498 ribus
224 4432 347 4494 nostris
367 4432 466 4508 hujus
484 4433 607 4492 sanctae
622 4431 908 4494 Halberstadeusis

117 4531 269 4596 acclesiae
282 4529 446 4606 episcopis
461 4529 649 4589 invenimus
664 4529 827 4601 ordinata,
840 4532 909 4607 jus-

117 4633 188 4692 tum
199 4629 249 4689 est
261 4628 293 4689 et
304 4626 427 4688 rationi
440 4625 709 4696 consentaneum,
720 4627 795 4687 utet
807 4627 908 4702 gestis

116 4742 232 4790 eorum
247 4725 393 4787 favorem
408 4723 604 4786 benevolum
616 4723 856 4800 impendamus,
876 4726 909 4786 et

117 4842 190 4905 quae
214 4825 267 4901 pie
295 4823 414 4884 iecisse
442 4823 624 4883 noscuntur
656 4822 770 4883 contra
795 4822 907 4883 varios

115 4924 301 4986 futurorum
325 4921 478 4980 incursus
504 4921 626 4980 nostrae
655 4918 821 4980 firmitatis
846 4935 906 4981 ro-

114 5021 196 5083 bore
211 5017 410 5079 muniamus.
422 5016 604 5093 Eapropter
616 5014 802 5077 libertatem
815 5016 907 5079 illam

115 5120 150 5181 et
162 5116 314 5194 gratiam,
330 5129 427 5190 quam
446 5112 654 5175 venerabiles
671 5113 796 5174 domini
810 5116 908 5176 ante-

115 5228 265 5278 cessores
289 5210 395 5273 uostri
420 5210 613 5271 Herrandus
631 5210 665 5271 et
687 5210 906 5287 Reynbardns

115 5311 272 5389 episcopi,
285 5307 436 5369 coenobio
446 5306 697 5367 Heldeslenensi
707 5308 741 5369 et
750 5307 907 5369 iratribus

114 5408 199 5471 inibi
209 5407 347 5466 Domino
363 5403 598 5465 famulantibus
613 5403 854 5480 impenderunt,
871 5406 908 5467 ut

116 5503 232 5582 gratiae
251 5503 398 5579 ipsorum
413 5501 605 5562 nostramet
619 5500 821 5563 contratrum
833 5518 907 5564 nos·

115 5608 243 5666 trorum
261 5600 398 5678 majoris
416 5598 566 5662 ecclesiae
587 5597 710 5661 nostrae
728 5599 907 5663 canonico-

737 293 912 356 ΗῸΝΟΗΙΙ
934 293 981 357 111
1001 292 1148 358 OPERA.

1702 296 1762 359 800

966 469 1052 527 rum,
1066 453 1328 531 superaddamus
1340 455 1482 531 gratiam
1497 456 1530 516 et
1545 455 1706 529 savorem,
1720 457 1761 518 ad

966 549 1159 612 instantiam
1187 551 1301 613 dilecti
1330 552 1365 612 in
1393 552 1523 614 Christo
1553 552 1615 613 iilii
1644 553 1759 625 nostri,

966 648 1115 721 Caesarii,
1138 649 1285 725 ejusdem
1307 649 1449 710 coenobii
1465 649 1607 718 abbatis,
1624 649 1759 711 contra·-

965 744 1118 822 trumqua
1147 762 1293 820 suorum,
1322 762 1404 824 quos
1430 747 1563 808 sincera
1590 746 1760 823 diligimus

966 842 1115 916 caritate,
1131 843 1285 904 duximus
1303 844 1528 906 innovandam
1540 847 1574 906 et
1587 846 1761 921 praesentis

966 939 1080 1014 scripti
1107 940 1293 1016 privilegio,
1311 941 1416 1002 tribus
1438 942 1570 1016 sigillis,
1596 944 1712 1003 nostro
1730 943 1760 1004 et

965 1034 1115 1096 ecclesiae
1130 1038 1251 1098 nostrae
1267 1053 1396 1098 necnon
1411 1038 1517 1114 ipsius
1531 1038 1761 1099 Hildesleneu·

966 1131 1012 1192 sis
1036 1132 1186 1194 ecciesiae
1213 1134 1387 1210 insignito,
1417 1135 1557 1196 testibus
1585 1135 1756 1206 adhibitis,

965 1228 1205 1291 iuviolabiliter
1229 1232 1441 1293 muniendam
1463 1232 1569 1303 naid,
1596 1233 1684 1309 quod
1704 1249 1759 1308 per

966 1342 1026 1387 nos
1038 1327 1174 1403 provida
1185 1327 1426 1390 deliberatione
1439 1330 1598 1392 statutum
1607 1330 1670 1402 est,
1681 1347 1759 1406 prae·

965 1423 1128 1485 dictarum
1152 1425 1369 1486 ecclesiarum
1388 1427 1566 1488 accedente
1581 1442 1755 1499 consensu,

965 1520 1061 1581 novis
1076 1522 1385 1598 supervenientibus
1408 1522 1519 1585 valeat
1538 1524 1757 1599 inposterum

964 1618 1149 1679 retractari.
1183 1622 1270 1681 Sane
1299 1620 1386 1681 sicut
1419 1636 1461 1681 ex
1489 1620 1669 1697 privilegio
1691 1623 1755 1697 jam

965 1714 1045 1776 dicti
1075 1715 1265 1793 Reynbardi
1293 1717 1441 1793 episcopi
1472 1717 1569 1779 nobis
1596 1719 1752 1791 constitit,

965 1812 1051 1889 quod
1077 1813 1221 1874 vidimus
1248 1815 1280 1876 et
1310 1814 1540 1891 perspeximus
1565 1814 1752 1890 diligenter,

965 1908 1060 1971 bonae
1086 1911 1254 1972 memoriae
1282 1912 1470 1972 Herrardus
1495 1913 1672 1988 episcopus
1697 1927 1753 1988 pe-

966 2006 1081 2067 titione
1100 2007 1289 2070 ildesindis
1314 2009 1423 2085 neptis
1447 2025 1527 2081 suae,
1549 2009 1755 2086 liliorumque

965 2107 1037 2181 ejus
1068 2105 1227 2178 Bodonis,
1257 2106 1469 2178 Widekindi,
1497 2107 1700 2167 duncelonis
1727 2107 1755 2168 et

964 2202 1125 2262 Bernardi
1140 2203 1247 2278 ipsum
1261 2203 1381 2275 locum,
1397 2219 1484 2264 anuo
1496 2204 1629 2265 Domini
1644 2207 1754 2265 Incar-

965 2299 1109 2360 nationis
1124 2302 1257 2361 MXCVI
1272 2316 1314 2361 ex
1328 2301 1445 2362 ordine
1459 2301 1608 2362 clericali
1625 2302 1660 2361 in
1673 2302 1753 2362 reii-

965 2396 1097 2471 gionem
1124 2398 1340 2459 monasticam
1367 2397 1615 2470 transmutavit,
1642 2413 1757 2460 secun-

965 2493 1043 2553 durn
1064 2493 1215 2557 ordinem
1237 2493 1554 2572 ilseneburgensem,
1575 2512 1659 2573 quos
1681 2496 1757 2557 reli·

964 2591 1114 2665 giosores
1125 2590 1159 2651 in
1173 2591 1245 2667 ipso
1257 2592 1406 2654 coenobio
1417 2593 1551 2669 reperit,
1562 2593 1647 2654 inibi
1663 2610 1757 2655 cons-

965 2687 1100 2759 tituens,
1122 2687 1284 2749 decimam
1303 2690 1475 2751 duodecim
1499 2706 1706 2764 mansorum,
1725 2692 1756 2752 in

965 2783 1112 2860 ejusdem
1139 2785 1229 2847 villae
1261 2787 1398 2848 marcha
1430 2787 1673 2864 adjacentium,
1700 2804 1755 2866 pro

965 2881 1112 2942 remedio
1128 2882 1248 2944 animae
1264 2900 1344 2959 suae,
1361 2887 1612 2946 antecessorum
1627 2901 1756 2947 succes·

967 2993 1142 3056 serumque
1171 2995 1307 3040 suorum
1332 2982 1439 3042 eidem
1467 2981 1541 3043 loco
1569 2982 1753 3055 conferens,

965 3074 1066 3135 banni
1090 3076 1143 3136 sui
1166 3078 1349 3139 munimine
1375 3077 1546 3141 stabilivit.
1576 3081 1659 3141 Cum
1681 3096 1754 3143 vero

965 3172 1063 3249 longo
1076 3175 1150 3250 post
1163 3175 1311 3251 tempore
1326 3174 1412 3237 dom.
1428 3177 1652 3254 Reynbardns
1671 3179 1756 3256 epis·

965 3284 1066 3346 copus
1088 3271 1128 3331 ad
1153 3271 1301 3347 regimen
1325 3273 1425 3353 buius
1447 3275 1600 3337 ecclesiae
1627 3277 1752 3337 Sancta

964 3366 1266 3442 Halberstadensis,
1283 3369 1396 3432 divina
1415 3369 1546 3434 favente
1568 3373 1751 3444 clementia,

964 3465 1139 3526 vocaretur
1164 3465 1198 3528 et
1220 3468 1333 3544 pastor
1363 3468 1530 3544 legitimus
1564 3470 1757 3546 praesideret·

964 3559 1050 3621 dom.
1080 3562 1160 3624 Milo
1188 3579 1298 3626 comes
1326 3565 1432 3642 ipsam
1462 3566 1642 3628 ecclesiam
1672 3567 1753 3630 beati

965 3659 1135 3721 Laurentii
1158 3658 1198 3722 de
1216 3662 1387 3724 voluntate
1410 3664 1526 3724 uxoris
1550 3680 1622 3726 suaa
1645 3665 1753 3727 Luitb·

964 3771 1088 3832 purgae,
1097 3756 1203 3833 ipsius
1213 3761 1423 3837 omniumque
1437 3760 1608 3822 haeredum
1624 3778 1753 3824 suorum

964 3868 1129 3914 consensu
1150 3855 1190 3917 ob
1211 3858 1405 3933 petitionem
1433 3859 1679 3938 consiliumque
1688 3863 1751 3937 jam

964 3949 1042 4012 dicti
1057 3952 1214 4030 episcopi,
1232 3954 1371 4016 liberam
1392 3958 1458 4018 Deo
1478 3958 1511 4020 et
1525 3961 1645 4019 sancto
1660 3959 1752 4019 Patro

963 4049 1076 4109 Romae
1100 4051 1240 4112 contulit
1253 4067 1328 4113 cum
1349 4053 1484 4130 praediis
1505 4055 1750 4133 omnigenisque

962 4144 1144 4207 redditibus
1159 4148 1266 4209 eidem
1278 4149 1429 4212 ecclesiae
1439 4152 1671 4226 attinentibus,
1681 4168 1750 4230 qua·

962 4240 1059 4303 tenus
1080 4243 1163 4304 inibi
1182 4247 1249 4307 Deo
1269 4247 1501 4320 servientibus,
1520 4249 1643 4326 quibus
1658 4251 1750 4312 etiam

965 4338 1268 4417 ilseneburgensem
1279 4344 1424 4420 priorem
1436 4346 1630 4408 Alvericum
1651 4347 1750 4409 abba·

961 4436 1028 4497 tem
1054 4437 1196 4513 primum
1224 4441 1383 4517 praeiecit.
1413 4443 1482 4504 Nec
1508 4444 1672 4520 spiritalis
1696 4459 1751 4505 nec

962 4533 1145 4606 saecularis,
1159 4535 1215 4596 sed
1231 4552 1292 4598 nec
1308 4538 1444 4615 quilibet
1458 4539 1632 4602 haeredum
1645 4542 1749 4618 aliqua

962 4632 1155 4705 gravamina
1183 4649 1242 4694 seu
1270 4636 1417 4710 privatas
1445 4639 1704 4700 consuetudines
1723 4637 1750 4698 61

957 4730 1035 4804 J'ura
1051 4729 1092 4799 ,in
1115 4733 1310 4807 perpetuum
1330 4733 1461 4810 ingerat
1479 4736 1538 4796 aut
1556 4735 1683 4812 exigat,
1699 4733 1748 4796 sed

962 4827 1075 4886 Romae
1097 4825 1259 4889 duntaxat
1272 4828 1307 4889 in
1323 4830 1455 4906 siguum
1476 4830 1695 4907 subjectionis
1713 4830 1748 4892 ab

962 4921 1033 4998 ipso
1048 4921 1121 4983 loco
1136 4925 1308 5000 corporale
1323 4926 1431 4986 eidem
1444 4928 1647 5004 apostolice
1667 4928 1748 4998 sadi,

961 5018 1058 5078 annis
1074 5019 1227 5096 singuliS,
1242 5023 1461 5098 persolvatur.
1480 5026 1587 5087 Porro
1607 5025 1747 5088 advoca·

960 5115 1042 5176 tiam
1057 5116 1188 5178 domino
1203 5118 1319 5179 idiloni
1332 5135 1372 5180 ea
1385 5120 1515 5181 ratione
1526 5122 1706 5194 concessit,
1719 5123 1750 5182 ut

961 5213 1049 5274 inter
1063 5213 1151 5275 filios
1166 5231 1243 5277 suos
1262 5215 1472 5294 filiorumque
1491 5217 1581 5279 filios
1603 5222 1637 5281 et
1662 5221 1750 5282 deiu-

961 5326 1038 5387 ceps
1058 5314 1205 5387 posteros
1231 5314 1379 5385 caeteros,
1398 5330 1443 5376 ex
1462 5316 1652 5379 masculino
1674 5333 1750 5380 sexu

961 5408 1067 5479 natos,
1084 5407 1234 5470 obtinere
1252 5409 1396 5474 deberet.
1418 5410 1509 5483 Quod
1533 5413 1565 5473 si
1587 5412 1625 5495 in
1646 5416 1750 5491 potes·

960 5504 1027 5566 tate
1048 5504 1216 5566 haeredum
1235 5508 1439 5569 masculinus
1464 5524 1566 5570 sexus
1585 5509 1747 5581 deiiceret,

961 5601 1046 5664 sicut
1066 5602 1239 5666 manifeste
1254 5606 1325 5681 jam
1348 5603 1511 5668 deiecisse
1534 5605 1747 5684 dignoscitur,
