3774 6186
739 280 968 355 sersronm'.
992 298 1070 357 nte.
1094 299 1148 358 ιν.

442 478 595 566 CLXIX

121 610 172 669 Ad
188 611 356 686 b'paa'uum
375 615 671 688 orclttepiscopum
687 617 910 677 colocensem.

420 733 513 806 iiulli
532 736 609 792 lito.

338 839 425 904 ffray,
441 841 580 899 hierarch,
599 842 630 900 ll,
642 842 696 906 ta]

122 944 248 1019 ltogetet
259 954 355 1004 mouet
363 962 440 1016 sum,
450 955 543 1005 utuue
555 962 621 1006 cum
635 948 768 1020 Roberto,
778 950 912 1024 episcopo

152 1035 381 1107 wesprimiensi,
389 1035 481 1093 modis
493 1036 625 1095 omnihus
636 1037 753 1107 laboret,
761 1046 791 1095 ut
804 1039 839 1097 ed
848 1042 914 1097 Pes·

150 1122 206 1181 cha
224 1125 352 1196 proxime
365 1134 517 1183 ventumm
541 1128 586 1182 vel
609 1125 787 1200 adsequens
808 1127 911 1185 festum

151 1213 309 1271 nativitatis
328 1213 404 1271 beati
424 1213 564 1272 iohannis
579 1216 723 1288 Baptistae,
746 1215 909 1275 transiretu-

150 1302 239 1359 tionis
253 1302 282 1358 in
294 1301 452 1361 subsidium
467 1305 561 1361 Terra
575 1303 687 1362 Senctae
701 1307 840 1364 terminus
854 1320 910 1364 res·

151 1390 304 1463 tringetur.

155 1507 326 1568 Honorius
341 1509 528 1587 episcopus,
543 1510 619 1583 etc„
640 1511 825 1573 venerabili
849 1511 913 1572 tra·

109 1604 199 1665 tri...
217 1605 468 1683 archiepiscopo
483 1608 657 1669 Colocenci
678 1609 831 1680 salutem,
847 1611 909 1670 etc.

155 1703 392 1764 Fraternitetis
416 1707 482 1765 tuae
504 1704 632 1766 litteras
654 1706 797 1782 benigne
815 1721 912 1767 rece-

110 1799 239 1875 pimus,
255 1802 289 1861 et
298 1817 373 1877 quae
385 1801 642 1865 continebantur
651 1804 711 1875 eis,
724 1804 912 1865 notavimus

109 1896 305 1972 diligenter,
322 1898 531 1961 devotionem
552 1903 642 1962 tuam
663 1901 771 1977 dignis
795 1902 829 1961 in
845 1904 912 1961 lio-

111 1995 209 2055 miuo
227 1995 382 2057 laudibus
402 1997 669 2059 commendantes
687 2021 695 2058 :
712 1998 910 2076 essequod

111 2093 206 2153 sicut
226 2093 261 2153 in
281 2093 405 2155 eisdem
419 2096 648 2172 perspeximus
668 2096 790 2159 litteris
804 2098 912 2158 couti·

112 2189 909 2270 neri,utalios,sicutverusDomiuidiscipulus,

113 2287 157 2350 ad
174 2289 334 2350 Crucitini
347 2290 520 2352 servitium
536 2291 687 2368 exemplo
703 2293 735 2352 et
750 2308 849 2369 opere
863 2294 912 2352 in·

114 2386 254 2459 vitares,
268 2387 510 2463 juxtaverbum
523 2388 753 2463 evangelicum
766 2389 909 2465 coepisti,

114 2483 227 2545 iacere
242 2500 282 2545 ec
296 2484 426 2556 docere,
444 2500 575 2546 crucem
590 2487 657 2547 tuis
673 2486 821 2548 humeris
836 2487 912 2548 aiii·

116 2581 237 2656 gendo,
255 2584 290 2644 ut
308 2582 392 2644 alios
407 2583 448 2643 ad
469 2583 502 2643 id
516 2598 630 2659 posses
646 2583 816 2645 efficacius
836 2586 913 2646 ani-

119 2694 230 2752 mere;
246 2682 380 2756 propter
404 2680 489 2757 quod
515 2681 549 2741 in
571 2671 910 2743 bominoex'ultantes

120 2776 178 2837 tibi
207 2778 400 2854 specialiter
424 2779 681 2854 congaudemus,
711 2780 789 2856 quia
813 2781 849 2841 tu
874 2781 910 2840 iu

121 2873 217 2936 domo
253 2876 385 2936 Domini
410 2890 471 2952 per
499 2876 720 2937 ministerium
751 2893 910 2939 manuum

119 2975 308 3034 nostrarum
317 2973 495 3050 plantatus,
505 2973 663 3050 hequem
676 2974 813 3049 lignum,
824 2976 910 3052 quod

119 3069 303 3145 plantatum
343 3072 393 3132 est
421 3084 516 3132 secus
545 3070 704 3132 decursus
731 3086 908 3148 aquarum,

118 3166 241 3229 uberes
268 3167 397 3229 hactus
422 3170 570 3244 tempore
601 3168 790 3245 protulisti:
816 3173 911 3248 cutus

111 3265 281 3341 exemplo,
297 3265 383 3326 sicut
406 3267 472 3327 tuae
498 3266 617 3327 litterae
646 3265 908 3340 continebant...,

107 3353 913 3425 eomitePalatinoetmultiseliisuobilibusllun·

106 3461 220 3536 gerim
247 3458 494 3520 assumentibus
520 3460 652 3536 signum
677 3462 805 3533 Crucis,
835 3478 911 3523 cum

103 3558 252 3635 quidam
270 3574 313 3621 ex
334 3558 383 3618 eis
396 3559 520 3619 vellent
532 3558 567 3618 in
582 3559 720 3620 instanti
742 3561 908 3635 passagio,

102 3656 252 3734 quidem
278 3671 358 3717 vero
377 3656 476 3731 longe
498 3659 612 3733 postea
629 3657 809 3732 proficisci,
824 3658 912 3719 tuac

101 3753 317 3816 uenerabilis
335 3753 439 3815 irater
453 3755 566 3814 noster
579 3754 919 3830 R.,Wesprimiensis'
979 3774 984 3781 ·

100 3851 292 3930 episcopus
307 3865 381 3913 cum
397 3851 474 3911 aliis
489 3851 731 3926 crucesignatis
744 3851 911 3912 nobilibus

102 3950 291 4020 statuistis,
308 3949 344 4012 ut
358 3962 378 4009 a
392 3947 477 4011 testo
492 3949 631 4010 Paschae
653 3949 796 4025 proxino
820 3964 910 4010 ven-

104 4050 191 4109 turo
216 4047 252 4107 in
276 4061 398 4107 annum
424 4062 539 4107 omues
565 4046 790 4122 crucesignati
814 4049 910 4108 Hun-

104 4144 911 4222 garimunanimitertransfretarent,quodpete·

108 4242 175 4305 bas
189 4256 251 4319 per
266 4241 384 4303 sedem
399 4242 623 4318 apostolicam
636 4242 826 4319 approbari.

153 4343 281 4401 Verum
292 4340 448 4417 quoniam
460 4355 525 4400 non
537 4355 712 4415 possumus
728 4356 802 4401 esse
814 4342 909 4414 certi,

110 4437 259 4517 qualiter
292 4438 600 4513 crucesignatorum
633 4439 818 4514 negotium,
853 4440 909 4516 qui

110 4538 191 4596 sunt
224 4536 259 4595 in
293 4535 527 4597 transmarinis
566 4534 715 4613 pertibus
739 4551 799 4613 pro
830 4539 909 4598 lesu

110 4632 237 4693 Christi
251 4632 388 4695 servitio
403 4632 907 4705 constituti,debeatterminari‚

111 4730 346 4807 approbationi
379 4731 512 4792 termini
547 4731 719 4791 memorati
753 4731 909 4792 duximus

114 4828 398 4905 supersedendum
424 4828 465 4889 ed
493 4843 650 4904 praeseus.
668 4831 773 4900 Quurm
798 4832 909 4890 eutem

1703 302 1761 365 lod

945 429 952 449 ⁹
969 458 1151 521 nativitetls
1165 456 1252 522 beati
1263 460 1425 523 iohannis
1437 461 1591 539 Baptistae
1602 458 1759 539 praetatus

966 557 1128 617 terminus
1147 559 1379 635 restringatur.
1396 561 1514 621 Datum
1529 559 1616 637 apud
1637 557 1759 622 Urbem

966 652 1130 727 Veterem,
1147 655 1243 717 nonis
1252 656 1341 733 mlii,
1358 672 1446 718 euno
1461 658 1589 734 quarto.

1298 818 1429 903 CLXX

1106 943 1158 1001 Ad
1174 943 1412 1003 Morcbtcacm
1424 942 1616 1003 batensem.

1260 1054 1356 1128 siniit
1381 1055 1460 1113 1220.

1127 1150 1257 1216 [Theium.
1268 1151 1328 1203 Cod.
1339 1151 1412 1216 dipl..
1421 1154 1441 1210 l,
1449 1150 1490 1210 53,
1500 1166 1527 1203 n.
1537 1150 1590 1216 ta]

967 1248 1123 1307 llercbioni
1135 1251 1247 1308 Estensi
1259 1251 1386 1324 precipit
1398 1259 1428 1308 ut
1439 1249 1588 1308 audaciam
1600 1251 1759 1309 Ferraricu·

1001 1338 1075 1396 sium
1091 1340 1119 1395 iu
1136 1338 1302 1412 occupanda
1318 1341 1411 1398 llesse
1425 1340 1553 1397 Fiscellus
1567 1340 1714 1412 reprimet.

1003 1447 1172 1508 Honorius
1210 1447 1401 1531 episcopus,
1432 1462 1549 1509 servus
1585 1462 1758 1509 servorum

966 1544 1036 1616 Dei,
1063 1544 1181 1606 dilecto
1206 1544 1274 1605 tilio
1296 1544 1407 1605 Nobili
1434 1545 1543 1607 viro...
1571 1543 1757 1605 Marchicui

966 1641 1106 1714 Estensi,
1123 1642 1263 1704 salutem
1278 1645 1310 1704 et
1325 1642 1541 1720 apostolicam
1553 1640 1759 1703 benedictio-

966 1755 1051 1800 nem.

1005 1838 1251 1913 interrogamus
1270 1838 1313 1909 te,
1328 1837 1491 1914 quomodo
1503 1836 1621 1899 zeleris
1636 1835 1755 1897 Eccle-

966 1935 1024 1996 sia
1040 1937 1197 1999 Romauae
1208 1935 1323 1999 matris
1336 1936 1589 2006 honorem,cum
1600 1935 1636 1993 in
1651 1932 1757 1995 oculis

965 2032 1030 2093 tuis
1047 2033 1513 2108 civesFerrarienses,coutra
1524 2030 1693 2092 fidelitatis
1704 2029 1757 2092 de·

964 2129 1067 2190 bitum
1083 2131 1116 2191 et
1133 2131 1358 2206 juramentum
1375 2130 1426 2190 bis
1441 2128 1636 2207 praestitum,
1651 2144 1755 2190 occu-

965 2226 1118 2302 paverint
1133 2226 1276 2286 Massam
1292 2226 1455 2298 l'isceliae,
1472 2242 1546 2303 quae
1561 2225 1649 2286 beati
1665 2224 1756 2287 Petri

964 2323 1048 2399 jmis
1074 2323 1200 2394 existit,
1223 2326 1256 2384 et
1279 2326 1352 2402 ejus
1380 2325 1582 2402 praesumant
1605 2323 1756 2383 homiues

965 2421 1113 2482 ‹letinere
1126 2421 1284 2498 captivos.
1295 2423 1391 2482 Certo
1406 2421 1567 2492 dolemus,
1584 2419 1670 2498 quod
1684 2421 1756 2482 teu·

965 2534 1063 2597 quam
1078 2518 1208 2579 alienus
1222 2534 1242 2580 a
1257 2517 1352 2580 nobis
1368 2518 1456 2578 tilius
1471 2519 1511 2580 de
1526 2518 1650 2595 injuria
1672 2532 1754 2579 nos-

964 2614 1752 2692 tranoncures,sedmagisdolerecompellimur,

966 2712 1052 2789 quod
1069 2711 1131 2773 huc
1151 2713 1214 2774 erit
1229 2712 1315 2784 eliis,
1333 2714 1389 2790 qui
1412 2713 1520 2773 minus
1537 2727 1635 2790 quam
1649 2698 1755 2772 tute-

966 2813 1087 2870 nentur
1122 2808 1199 2871 sedi
1234 2811 1449 2887 Apostolicee,
1482 2810 1516 2870 in
1552 2807 1763 2887 exemplum,

966 2907 1127 2979 Quocirca
1150 2906 1315 2969 nobilitati
1328 2910 1395 2968 tuae
1417 2905 1478 2968 sub
1493 2906 1601 2968 debito
1615 2905 1758 2968 tidelita·

963 3004 1008 3066 tis
1025 3003 1173 3066 districte
1186 3004 1408 3081 praecipiendo
1424 3005 1629 3075 mandamus,
1647 3004 1759 3081 quate·

966 3117 1028 3161 nus
1046 3101 1086 3162 ad
1102 3102 1293 3162 eorumdem
1309 3103 1513 3179 captiuorum
1529 3101 1756 3172 liberationes

966 3215 1065 3275 quum
1082 3198 1123 3259 ed
1139 3199 1201 3260 hoc
1221 3199 1378 3270 tenearis,
1396 3215 1470 3259 cum
1485 3215 1525 3259 eo
1539 3198 1692 3259 intendes
1705 3198 1758 3258 ai·

966 3296 1074 3368 iectu,
1104 3296 1190 3374 quod
1220 3312 1362 3375 sequens
1387 3295 1525 3357 allectus
1552 3311 1612 3357 uos
1641 3294 1758 3356 doceat

966 3396 1115 3455 nostrum
1148 3395 1241 3455 tuum
1274 3396 1429 3471 reputare
1461 3406 1653 3471 gravamen,
1669 3392 1702 3453 et
1722 3390 1757 3452 in

948 3490 1122 3553 ¹Ecclesiae
1140 3492 1298 3553 Romanae
1320 3492 1444 3570 injuria
1460 3492 1616 3577 tanquam
1630 3489 1666 3550 iu
1681 3504 1760 3567 pro-

967 3589 1038 3667 pria
1060 3591 1092 3651 te
1108 3589 1281 3650 offensum.
1297 3591 1414 3651 batum
1438 3588 1525 3668 apud
1550 3585 1672 3650 Urbem
1685 3589 1755 3648 Ve-

965 3691 1099 3758 terrem,
1116 3688 1192 3749 v111
1214 3685 1313 3768 [idus]
1331 3687 1421 3765 julii,
1437 3686 1648 3764 pontificatus
1675 3700 1756 3747 nos·

964 3784 1009 3845 tri
1026 3799 1113 3845 anno
1129 3786 1257 3863 quarto.
1345 3842 1348 3846 i

1288 3908 1440 3995 CLXXI

1096 4034 1149 4093 Act
1160 4037 1324 4106 poputum
1343 4034 1621 4093 Ferrorteusem.

1263 4146 1281 4202 8
1297 4144 1359 4216 julii
1380 4144 1458 4201 lm

1136 4249 1261 4312 [Theiner.
1270 4250 1331 4302 Cod.
1343 4249 1407 4314 dipl.
1418 4250 1438 4308 l,
1448 4249 1489 4308 bd,
1497 4263 1523 4299 u.
1533 4248 1589 4314 ta]

966 4349 1195 4408 Ferrariensibus
1215 4346 1341 4422 pontifex
1362 4363 1394 4406 se
1407 4349 1552 4407 civitatem
1565 4360 1665 4406 eorum
1680 4347 1756 4421 epis·

998 4439 1092 4510 cupali
1124 4437 1233 4494 bonore
1265 4439 1440 4511 privaturum
1467 4437 1675 4507 comminetur,
1704 4436 1760 4494 nisi

1000 4535 1104 4585 terrem
1120 4529 1222 4585 llasste
1238 4527 1366 4584 liseeliae
1376 4534 1545 4598 occupatam
1555 4523 1716 4583 demittent

1004 4636 1171 4697 Honorius
1211 4635 1398 4712 episcopus,
1428 4650 1545 4695 servus
1586 4648 1758 4694 servorum

965 4735 1038 4806 bei,
1063 4734 1184 4811 populo
1209 4732 1419 4794 Ferrariensi
1449 4731 1603 4808 spiritum
1627 4730 1759 4792 consilii

964 4847 1119 4893 samoris.

114 4927 271 4987 Salvator
284 4925 421 4986 humaui
445 4927 577 5002 generis
602 4927 776 5003 incoeperit
796 4928 830 4987 in
847 4927 909 4989 hoc
1004 4933 1031 4990 Α
1051 4928 1132 4990 terri
1152 4925 1236 4989 torte
1248 4927 1371 4989 duritia
1383 4927 1615 4988 Ferrarienses
1630 4925 1758 5002 glorie-

113 5023 202 5084 racto
229 5023 469 5085 misericordias
503 5039 572 5085 suae
603 5026 743 5100 januam
778 5025 909 5102 aperire
964 5028 1046 5088 mini
1069 5027 1266 5103 nuncupari,
1285 5040 1359 5086 cum
1379 5040 1441 5086 nec
1466 5024 1635 5086 fidelitatis
1657 5024 1755 5084 debi-

113 5120 236 5198 1mpulo
259 5120 460 5192 Christiano,
477 5120 720 5183 fraternitatem
739 5124 831 5184 tuam
853 5138 910 5184 ro-
963 5127 1043 5190 tum,
1058 5139 1123 5201 quo
1138 5123 1336 5201 Apostolicae
1351 5121 1425 5183 Sedi
1441 5121 1612 5192 tenemini,
1628 5137 1688 5182 nec
1703 5136 1759 5181 re-

112 5234 241 5294 gemus,
257 5233 440 5288 monemus,
458 5217 662 5279 consulimus
677 5220 710 5280 et
724 5219 906 5292 hortemur,
964 5222 1044 5297 ligio
1059 5221 1110 5281 bis
1126 5220 1264 5298 praestiti
1281 5235 1300 5281 a
1317 5220 1411 5282 vobis
1424 5234 1524 5298 super
1539 5221 1625 5281 secto
1639 5220 1758 5279 Messes

113 5332 172 5393 per
181 5315 372 5393 apostolica
382 5315 505 5393 scripta
521 5316 728 5390 mandantes,
745 5323 909 5395 quatenus
964 5319 1115 5381 Fiscaliae
1134 5318 1329 5396 juramenti,
1347 5334 1408 5379 nec
1431 5317 1668 5379 ecclesiasticae
1689 5314 1759 5375 dis-

113 5430 177 5474 uue
193 5430 269 5475 cum
285 5414 442 5490 episcopo
458 5417 640 5476 memorato
655 5415 772 5484 modis,
789 5417 909 5493 quibus
962 5417 1128 5480 trictionis
1153 5418 1330 5487 severitas,
1348 5432 1408 5478 nec
1431 5414 1570 5477 formido
1593 5413 1758 5474 tremendi

112 5513 253 5588 poteris,
285 5512 419 5573 studeas
449 5508 621 5582 laborare,
648 5514 684 5573 ut
711 5513 752 5573 ad
780 5515 908 5576 Pascha
959 5515 1078 5592 jrulicii
1095 5531 1114 5575 a
1132 5517 1245 5575 nostro
1259 5529 1360 5592 super
1374 5514 1488 5573 eedem
1503 5513 1616 5571 Messa
1637 5525 1760 5586 grava·

112 5610 265 5687 proximo
293 5612 479 5680 uenturum,
497 5609 549 5671 vel
576 5611 615 5671 ed
633 5626 773 5687 sequeus
789 5611 908 5674 festum
963 5613 1051 5674 utine
1065 5629 1123 5674 vos
1138 5614 1284 5689 potuerit
1297 5612 1456 5673 hactenus
1471 5608 1648 5671 cohibere:
1665 5624 1759 5687 prop-
