3824 6180
49 368 54 379 ,
125 294 184 359 439

124 454 360 517 satisfactionis
393 455 482 517 vlam
510 453 649 516 redeant
673 453 715 515 ad
742 453 918 515 Dominum

125 555 228 615 Deum
249 570 356 624 suum,
372 568 393 615 a
408 569 473 630 quo
489 568 550 630 per
569 551 706 613 diutinae
722 551 919 613 offensionis

123 651 206 712 vitia
231 650 454 723 recesserunt,
479 652 513 712 et
535 649 760 727 apostolicam
790 649 918 720 Sedem,

125 765 222 826 quam
249 748 404 825 superbia
430 765 491 809 sua
521 749 669 824 graviter
691 746 918 819 offenderunt,

125 846 313 908 humilitate
349 846 519 923 placantes
544 845 628 906 iufra
661 861 820 916 mensem,
849 846 922 921 post

126 945 369 1020 susceptionem
392 945 577 1006 litterarum
603 944 810 1014 nostrarum,
838 958 921 1019 quas

127 1041 176 1102 eis
201 1058 301 1119 super
315 1042 378 1102 hoc
391 1042 576 1118 dirigimus,
589 1043 705 1119 jurent
718 1041 753 1100 in
768 1039 921 1101 manibus

126 1139 328 1201 venerabilis
350 1138 464 1200 fratris
484 1140 588 1200 nostri
604 1139 754 1199 Paduani
774 1138 921 1214 episcopi

127 1233 266 1313 praecise
277 1235 412 1297 obedire
423 1236 589 1298 mandatis
597 1237 732 1307 nostris,
745 1237 813 1296 tam
822 1249 922 1311 super

127 1333 274 1404 damnis,
291 1349 389 1410 quam
406 1349 507 1410 super
522 1333 668 1410 injuriis,
683 1349 765 1410 quas
786 1333 920 1407 irroga-

128 1432 206 1491 runt
220 1431 376 1508 episcopo
389 1432 583 1502 memorato,
597 1431 731 1492 interim
746 1428 788 1490 ab
802 1433 874 1506 ejus
890 1428 923 1490 et

127 1529 278 1589 ecclesiae
291 1543 360 1589 suae
379 1528 532 1590 molestia
549 1529 680 1605 penitus
694 1528 919 1605 quiescentes3

128 1625 268 1702 ideoque
282 1626 494 1687 universitati
508 1627 627 1687 vestrae
647 1626 683 1686 in
702 1626 825 1687 virtute
838 1625 920 1686 obe-

76 1756 91 1771 κ
127 1721 262 1785 dientiae
286 1723 435 1785 dIstricte
464 1723 687 1801 praecipiendo
714 1724 920 1794 mandamus,

128 1822 302 1896 quatenus,
338 1821 404 1881 nisi
438 1821 528 1882 cives
554 1819 704 1897 praedicti
732 1821 923 1881 mandatum

129 1918 279 1978 nostrum
294 1916 382 1978 infra
394 1932 541 1994 praesens
555 1918 664 1994 ipsum
679 1920 808 1993 tempus
820 1932 922 1978 cura-

126 2015 237 2076 verint
261 2014 454 2091 adimplere,
475 2031 534 2076 vos
556 2030 599 2075 ex
622 2016 702 2076 tunc
716 2015 923 2092 supradictas

128 2113 309 2174 sententias
324 2113 529 2189 publicantes
545 2128 659 2174 eorum
683 2113 863 2184 civitatem,
891 2113 925 2172 et

127 2210 308 2281 dioecesim‚
334 2225 374 2271 ac
392 2210 590 2281 districtum,
608 2209 768 2271 dilatione
785 2211 922 2286 postpo-

128 2306 204 2374 sita,
229 2307 368 2378 exeatis,
397 2307 478 2368 illuc
502 2308 573 2368 sine
600 2307 798 2384 spostolicae
828 2306 923 2367 Sedis

128 2403 263 2466 licentIa
283 2404 418 2467 minime
433 2405 615 2466 reversuri.
633 2404 724 2477 Quod
740 2405 818 2465 inde
834 2403 924 2465 iece-

128 2501 202 2562 ritis
211 2501 355 2563 fideliter
372 2502 604 2573 rescribentes,
615 2503 651 2563 ut
661 2502 701 2563 de
714 2501 790 2562 aliis
804 2501 920 2577 poenis,

128 2613 201 2675 quae
213 2598 249 2658 in
260 2598 379 2660 litteris
395 2600 517 2660 nostris
532 2599 573 2660 ad
589 2599 678 2676 Ipsos
696 2599 832 2660 directis
847 2598 921 2674 pie-

10 2708 13 2713 ’
128 2694 205 2755 nius
233 2696 464 2768 continentur,
494 2696 580 2757 sicut
602 2711 658 2756 res
686 2695 920 2772 postulaverit,

129 2791 312 2867 cogitemus
328 2793 367 2864 si,
380 2809 448 2869 prae
464 2793 624 2854 missione
633 2793 791 2864 vestrum,
801 2793 857 2868 qui
871 2792 924 2852 in·

127 2888 306 2950 veniuntur
319 2889 466 2951 mandati
479 2889 652 2965 apostolici
667 2889 920 2965 contemptores,

128 2987 162 3047 et
174 2986 368 3047 canonicam
382 2987 499 3048 nolunt
512 2987 658 3062 effugere
671 2987 840 3048 ultionem.

167 3084 285 3144 Datum
301 3084 451 3156 viterbii,
468 3087 496 3147 V
511 3083 671 3145 kalendas
677 3084 778 3162 junii,
788 3083 924 3161 pontifi-

13 3210 16 3217 ·
128 3181 222 3242 catus
236 3181 342 3243 nostri
355 3184 583 3259 annoquarto.

456 3334 592 3421 CXLII

164 3461 217 3521 Aa
228 3460 436 3534 potestatem
451 3460 484 3520 et
494 3463 660 3533 populum
676 3460 885 3519 Tarvisium.

415 3573 451 3630 28
469 3571 538 3629 maii
554 3571 632 3629 litt).

373 3677 493 3743 [Ugbeiii,
505 3677 561 3728 Ioco
571 3677 672 3740 citato]

129 3776 278 3851 Significat
292 3777 447 3834 tarvisinis
471 3776 525 3834 nisi
541 3774 577 3833 ad
592 3776 789 3849 poeuitentiam
805 3773 923 3831 redeant

162 3867 306 3925 civilatem
319 3866 431 3923 illorum
445 3864 599 3938 pontificali
614 3863 783 3937 privandam
798 3878 862 3920 esse
877 3861 919 3921 di·

161 3957 282 4029 gnitate,
295 3962 324 4012 et
337 3969 389 4012 eos
403 3953 552 4012 habendos
561 3969 626 4011 esse
639 3961 669 4013 ut
681 3952 842 4010 hereticos.

165 4064 332 4125 Honorius
347 4064 522 4141 episcopus
540 4079 657 4126 servus
674 4077 846 4123 servorum
860 4060 922 4121 Dei

125 4162 280 4240 potestati
293 4163 326 4223 et
340 4161 461 4238 populo
475 4161 661 4232 Tarvisino,
671 4159 826 4237 spiritum
840 4174 922 4220 con-

127 4259 195 4319 silii
210 4258 365 4319 santoris.

166 4356 380 4434 iniquitatum
405 4357 603 4427 vestrarum,
629 4357 705 4427 etc,
737 4356 773 4416 ut
797 4354 832 4415 in
853 4354 920 4414 alia

127 4470 239 4531 supra,
248 4469 355 4527 usque
364 4453 582 4531 quiescentes.
590 4453 747 4529 Alioquin
759 4452 920 4513 noveritis

125 4567 185 4612 vos
194 4552 314 4627 praeter
328 4549 693 4621 excommunicationis
706 4551 740 4611 et
751 4547 921 4610 interdicti

26 4670 30 4676 ¹
126 4649 308 4711 sententias
331 4649 366 4709 in
386 4663 457 4718 vos,
479 4649 512 4708 et
525 4649 647 4709 terram
663 4648 807 4708 vestram
822 4663 842 4707 a
857 4661 918 4707 ve·

125 4745 266 4807 nerabili
281 4746 385 4807 fratre
399 4745 514 4805 nostro
537 4745 728 4820 patriarcba
744 4743 917 4814 Gradensi,

125 4843 189 4904 hac
217 4844 258 4904 de
283 4858 386 4904 causa
420 4842 579 4918 prolatas,
606 4857 690 4919 quas
722 4841 920 4903 auctoritate

124 4941 315 5018 Apostolica
353 4940 562 5012 roboramus,
597 4938 786 5001 inhibuisse
816 4936 921 4999 nobili

4 5036 10 5042 “
124 5038 197 5100 viro
210 5038 297 5110 duci,
315 5039 348 5099 et
362 5038 483 5114 populo
496 5036 722 5107 venetiarum,
735 5051 775 5097 ac
787 5035 864 5097 aliis
875 5035 920 5096 ci·

123 5136 283 5199 vitatibus
304 5135 489 5197 convicinis
511 5150 553 5195 ne
573 5134 677 5194 ullum
692 5132 863 5195 vobiscum
884 5133 920 5192 in

123 5233 314 5312 hujusmodi
337 5233 490 5294 molestia
509 5229 765 5309 perdurantibus
786 5246 919 5307 praesu-

123 5334 191 5393 mat
206 5331 330 5392 habere
346 5329 559 5407 colloquium,
578 5328 637 5389 aut
655 5327 826 5391 celebrare
839 5342 921 5389 con-

744 293 921 356 HONORII
943 295 990 357 111
1011 296 1159 358 OPERA.

1716 295 1778 357 w

975 453 1145 516 dioecesim
1161 455 1305 517 vestram
1318 469 1378 531 per
1392 453 1521 515 viciuos
1530 454 1714 531 episcopos·
1723 453 1779 514 di·-

954 551 1137 623 -videmus,
1172 567 1213 613 ac
1241 551 1379 628 insuper
1410 553 1616 613 mercatores
1644 552 1775 612 vestros

976 649 1175 726 ubicumque
1201 649 1325 725 reperti
1354 648 1478 710 fuemnt
1505 648 1580 725 capi
1611 646 1774 710 faciemus

976 762 1036 822 per
1056 747 1224 824 principes
1239 748 1430 818 saeculares,
1444 749 1476 808 et
1486 746 1667 823 publlcatis
1678 745 1773 807 bonta

976 860 1091 906 eorum
1102 859 1265 921 personas
1281 842 1342 904 sub
1357 846 1449 906 arcta
1458 844 1612 905 custodia
1619 844 1772 905 retineri.

978 941 1013 1002 Si
1027 957 1108 1002 vero
1120 957 1184 1003 nec
1199 942 1248 1002 sic
1263 941 1303 1002 ad
1318 942 1558 1018 percutientem
1576 957 1639 1003 vos
1659 941 1774 1002 redie-

976 1040 1063 1111 ritis,
1084 1041 1118 1101 et
1133 1039 1238 1101 attriti
1262 1039 1437 1100 nolueritis
1452 1039 1606 1116 accipere
1624 1038 1775 1114 discipli-

977 1151 1167 1209 namecca
1193 1136 1405 1212 praedicimus
1426 1135 1532 1208 vobis,
1566 1138 1687 1199 contra
1716 1153 1775 1197 vos

975 1234 1134 1312 tanquam
1158 1236 1272 1296 contra
1296 1233 1482 1305 haereticos,
1503 1249 1579 1295 cum
1603 1249 1665 1296 vos
1689 1234 1774 1295 tales

977 1347 1077 1409 opera
1093 1331 1330 1403 demonstrent,
1345 1331 1576 1408 spiritualiter,
1597 1333 1632 1393 et
1646 1332 1777 1407 tempo-

976 1430 1093 1490 raliter
1106 1429 1335 1506 procedemus,
1350 1428 1464 1491 fideles
1478 1429 1520 1489 ad
1535 1429 1774 1490 exterminium

977 1529 1122 1588 vestrum
1136 1525 1411 1603 parapostolicas
1420 1525 1647 1602 indulgentias
1658 1541 1776 1602 provo·

977 1625 1094 1696 cando,
1118 1640 1193 1685 cum
1215 1623 1321 1700 magis
1337 1622 1560 1686 abominanda
1580 1623 1626 1684 sit
1649 1625 1773 1694 vestra,

978 1737 1075 1798 quam
1099 1724 1343 1782 Saracenorum
1361 1721 1527 1798 impietas,
1544 1735 1605 1782 nec
1627 1722 1696 1781 tam
1712 1719 1777 1780 de-

978 1818 1130 1881 testabile
1140 1819 1184 1880 sit
1198 1820 1233 1880 in
1249 1818 1317 1879 illis
1333 1819 1421 1879 viam
1436 1833 1502 1878 non
1518 1833 1703 1894 agnoscere
1716 1833 1778 1878 ve-

978 1918 1098 1989 ritatis,
1121 1932 1221 1994 quam
1235 1916 1329 1977 vobis
1352 1917 1426 1993 post
1448 1917 1595 1992 agnitam
1619 1916 1783 1987 retroire,

978 2030 1039 2075 nec
1052 2014 1270 2075 blandiamini
1280 2012 1386 2086 vobis,
1398 2013 1484 2090 quod
1497 2013 1776 2075 comminationes

979 2111 1104 2173 similes
1128 2110 1308 2187 aliquando
1327 2110 1421 2172 vobis
1450 2109 1565 2182 factas,
1587 2125 1687 2187 poena
1710 2125 1776 2170 non

978 2205 1079 2269 luerit
1097 2208 1258 2269 hactenus
1283 2207 1472 2275 subsecuta,
1496 2208 1591 2284 quasi
1609 2206 1778 2268 subsecu-

978 2305 1053 2366 tura
1079 2305 1225 2377 nonsit,
1257 2305 1358 2367 etiem
1381 2305 1446 2366 ista
1471 2305 1555 2376 vice,
1583 2304 1780 2382 frequenter

978 2403 1078 2474 enim,
1093 2418 1167 2480 quae
1182 2419 1249 2463 non
1261 2405 1420 2465 nocerent
1434 2402 1578 2480 singula,
1596 2402 1703 2463 multa
1714 2417 1780 2462 no-

978 2501 1099 2571 centia,
1117 2504 1150 2562 et
1163 2503 1285 2577 quanto
1298 2504 1405 2578 major
1418 2500 1609 2576 fueriterga
1624 2516 1687 2562 vos
1699 2500 1782 2560 lon--

977 2597 1155 2674 ganimitas
1178 2597 1378 2674 apostolica,
1394 2598 1486 2658 tanto
1508 2597 1537 2657 si
1560 2613 1621 2658 vos
1643 2597 1686 2657 ad
1704 2612 1779 2674 poe-

978 2694 1152 2756 nitentiam
1168 2711 1233 2755 non
1249 2694 1434 2765 adduxerit,
1451 2695 1516 2757 erit
1530 2695 1655 2772 Justior
1675 2710 1778 2770 poena

978 2795 1103 2865 vestra3
1121 2791 1256 2868 fugiatis
1268 2793 1371 2867 igitur
1387 2806 1406 2852 a
1420 2792 1505 2853 facie
1519 2807 1618 2853 arcus
1631 2792 1778 2864 extenti,

977 2891 1010 2951 et
1024 2890 1222 2966 poeniteatis,
1235 2889 1313 2949 dum
1328 2889 1419 2950 locus
1430 2890 1481 2950 est
1501 2889 1722 2965 poenitentiae,
1736 2904 1779 2949 ne

978 2987 1022 3048 sit
1044 3002 1120 3048 sera
1151 2985 1347 3064 poenitentia
1377 2988 1452 3063 post
1477 2987 1621 3047 ruinam.
1655 2988 1778 3047 Datum

978 3084 1129 3155 Viterbii,
1141 3086 1169 3146 V
1183 3083 1250 3145 kal.
1265 3083 1353 3161 julii,
1369 3083 1552 3161 pontificat.
1565 3084 1672 3146 nostri
1688 3099 1790 3145 anno.

977 3183 1108 3259 quarto.

1298 3270 1455 3356 CXLIII

997 3405 1049 3463 Ad
1060 3405 1356 3477 Enqoltsaaerasem
1375 3402 1408 3463 et
1427 3402 1758 3479 Petregomcensem

1285 3502 1471 3573 episcopos.

1256 3613 1291 3670 28
1318 3612 1387 3669 maii
1414 3610 1493 3669 litt).

1061 3717 1197 3782 [Iiouquet.
1211 3717 1312 3768 Recuail
1328 3717 1462 3773 desiliat..
1477 3722 1495 3765 t.
1510 3717 1577 3773 XIX,
1594 3731 1621 3781 p.
1635 3717 1696 3775 6933

1178 3799 1286 3860 liegest,
1303 3796 1349 3846 lib.
1360 3797 1402 3855 lV,
1415 3796 1490 3861 epist.
1502 3797 1570 3858 loa]

976 3893 1163 3966 Quan.de
1174 3897 1315 3969 Partenuy
1326 3901 1355 3953 et
1368 3893 1587 3967 W.deblangot
1602 3895 1709 3967 aliique
1720 3895 1774 3951 mi·

1011 3984 1075 4041 litos
1100 3985 1293 4052 pictavenses,
1314 3983 1442 4055 pecuniis
1467 3997 1555 4040 causa
1585 3982 1689 4040 debitia
1720 3983 1775 4041 sibi

1012 4073 1112 4129 olima
1135 4074 1339 4146 negotiando,
1365 4071 1488 4140 llenrici,
1506 4070 1581 4128 illius
1600 4069 1666 4141 fllii,
1683 4080 1776 4128 terras

1011 4162 1040 4218 in
1058 4161 1185 4218 Pictavia
1199 4159 1339 4217 hostiliter
1354 4158 1531 4228 infestarent,
1546 4158 1665 4218 mandat
1681 4162 1776 4217 liono-

1010 4251 1070 4307 rins
1082 4257 1111 4307 ut
1121 4248 1241 4306 rebelles
1252 4247 1288 4305 ad
1302 4262 1402 4321 pacem
1413 4247 1585 4305 servandam
1598 4249 1775 4321 compellant

1011 4338 1149 4412 episcopi.
1217 4338 1221 4349 '

1015 4446 1182 4509 Honorius
1198 4445 1373 4523 episcopus
1390 4461 1505 4506 servus
1521 4459 1695 4507 servorum
1715 4446 1774 4506 Dei

974 4543 1221 4607 venerabilibus
1238 4542 1406 4614 fratribus,
1418 4542 1662 4621 Engolismensi
1672 4543 1705 4604 et
1716 4544 1776 4603 Pe·

975 4641 1196 4719 tragoricensi
1213 4640 1390 4717 episcopis,
1402 4639 1542 4702 salutem
1559 4642 1593 4702 et
1604 4640 1772 4717 apostoli·

975 4757 1047 4804 cam
1061 4738 1336 4802 benedictionem.

1015 4841 1096 4899 Cum
1119 4836 1314 4898 carissimus
1338 4835 1373 4895 in
1397 4834 1528 4896 Christo
1545 4834 1637 4896 filius
1658 4836 1783 4897 noster·

976 4939 1015 4997 H.
1037 4934 1180 4996 illustris
1210 4949 1272 4994 rex
1301 4933 1483 5008 anglorum
1506 4932 1773 5009 crucesignatus,

975 5033 1121 5111 pupillus
1143 5034 1177 5094 et
1200 5029 1380 5108 orphanus,
1416 5030 1459 5091 sit
1486 5029 1647 5091 custodias
1675 5030 1772 5092 SedIs

975 5130 1173 5207 apostolicae
1193 5128 1383 5199 derelictus,
1406 5127 1550 5204 injurias
1567 5127 1622 5188 vel
1644 5128 1774 5189 moles-

976 5228 1040 5289 tias
1062 5227 1228 5302 irrogatas
1251 5225 1358 5288 eidem
1387 5223 1481 5286 nohis
1512 5239 1579 5285 non
1604 5225 1776 5287 immerito

975 5327 1167 5403 reputantes
1180 5323 1409 5401 principaliter
1423 5321 1579 5398 irrogari,
1595 5325 1714 5384 contra
1728 5324 1777 5384 in·

123 5432 280 5503 tractum3
307 5427 392 5505 quod
419 5427 449 5488 si
473 5442 589 5504 poenas
604 5425 796 5502 hujusmodi
821 5424 921 5487 solita
971 5423 1153 5501 juriatores
1173 5421 1225 5482 vel
1246 5420 1477 5483 molestatores
1494 5419 1602 5496 ipsius
1620 5422 1775 5496 potenter

123 5518 307 5604 pertinacia
331 5523 615 5602 contempseritis,
645 5523 813 5585 civitatem
840 5538 919 5585 ves-

124 5627 210 5687 tram
234 5623 416 5701 pontificali
441 5621 645 5701 privabimus
672 5621 850 5697 dignitate,
888 5622 922 5682 et

975 5535 1157 5595 exsurgere
1182 5518 1334 5580 volumus
1358 5520 1392 5580 et
1415 5515 1587 5588 debemus,
1613 5519 1777 5595 tanquam

976 5617 1206 5696 prosequendo
1221 5615 1390 5694 proprium
1405 5615 1580 5677 iuteresse.
1606 5616 1785 5685 Caeterum
