3774 6186
120 114 178 175 are
732 87 908 173 nououu
929 110 975 173 111
995 111 1142 173 orsus.

117 247 281 325 quatenus
309 247 417 323 ipsum
442 260 502 323 pro
520 242 718 322 apostolicae
734 243 841 316 Sedis,
875 242 909 304 et
1263 252 1458 340 CLXXIII

116 344 230 407 nostra
251 343 437 405 reverentia
455 342 492 403 in
513 340 710 405 canonicum
724 341 906 418 recipiatis,

117 440 148 502 el
163 441 199 501 in
214 440 360 513 fratrem,
377 439 587 517 praebendam
602 440 637 500 in
647 437 907 500 vestraeoclesia

116 538 299 600 cathedrali
321 537 527 598 conferentes
547 536 653 597 eidem
674 535 857 597 liberaliter
876 537 908 595 et

116 635 274 710 libenter;
291 651 355 712 qua
371 634 517 705 obtenta,
539 634 746 706 volumusut
768 632 908 693 canoni-

117 733 227 793 catum
242 732 353 793 Sancti
365 731 493 792 Nicolai
508 747 603 807 quem
617 730 765 791 obtinere
778 729 909 804 dignos-

117 829 214 901 citur,
243 829 360 890 debeat
386 830 569 904 resignare.
597 827 713 887 Datum
740 826 905 896 Laterani,

115 926 215 988 tertio
239 926 400 987 kalendas
421 926 550 1003 aprilis,
575 924 784 1001 pontificatus
802 923 908 984 nostri

116 1038 205 1085 anno
220 1024 329 1085 tertio.

1059 387 1111 446 Ad
1123 388 1316 460 episcopum
1331 386 1649 448 cathalaunensem.

1243 497 1278 554 ³0
1291 505 1374 554 mart.
1392 498 1470 555 1219.
1803 568 1805 581 Ι

994 598 1113 666 magati„
1123 602 1169 652 lib.
1181 603 1224 654 ht.
1233 602 1306 666 epist.
1315 603 1369 653 363.
1383 605 1439 653 llas.
1449 605 1559 669 Leporte
1568 604 1604 654 dn
1622 605 1712 671 Thell]
1803 618 1805 659 t

962 701 1138 767 Mendetis,
1166 700 1220 756 eibi
1244 701 1383 772 adjunctis
1408 702 1476 758 viris
1498 701 1567 758 boni
1589 703 1742 779 testimonii,

998 788 1115 846 accedat
1130 788 1165 845 ed
1180 790 1351 846 monasteria
1362 798 1391 846 et
1402 791 1539 846 eeclesias
1549 797 1738 855 conventuales

997 886 1025 934 et
1039 878 1164 949 corrigat
1178 885 1207 934 et
1224 877 1358 934 reformet
1371 878 1400 934 iu
1422 879 1464 934 eis
1487 877 1624 950 quidquid
1646 878 1737 955 indiget

997 963 1209 1023 reformatione.

1002 1065 1179 1136 Honorius,
1198 1064 1271 1136 etc,
1295 1063 1477 1126 venerabili
1502 1065 1637 1126 fratri...
1662 1068 1734 1143 epis-

963 1178 1044 1236 copo
1059 1162 1298 1223 cathalaunen.

1002 1261 1083 1318 Cum
1103 1259 1265 1330 nonnulli,
1280 1258 1367 1319 sicut
1378 1258 1578 1334 accepimus,
1593 1259 1657 1320 tam
1667 1259 1731 1320 sub-

962 1356 1020 1416 diti
1030 1371 1127 1432 quam
1136 1355 1511 1432 praelalltuaadioecesis
1522 1355 1624 1417 vitam
1634 1355 1735 1416 ducant

962 1451 1736 1529 adeodissolutam,quodnisieorumcorrigantur

963 1564 1118 1610 excessus
1145 1551 1178 1611 et
1198 1549 1326 1610 malitia
1347 1548 1557 1624 reprimatur,
1580 1547 1737 1624 religionis

963 1645 1115 1707 decorem
1127 1645 1495 1722 turpiterdehonestant
1511 1645 1546 1705 in
1558 1659 1627 1704 suae
1638 1643 1739 1704 salutis

427 1694 598 1780 CLXXII
963 1741 1170 1819 dispendium
1185 1743 1218 1803 et
1232 1741 1424 1803 scandalum
1438 1741 1592 1811 aliorum,
1609 1740 1671 1801 tuis
1686 1755 1747 1800 nor

115 1828 168 1888 Ad
188 1830 364 1898 decanum,
389 1828 422 1888 ct
440 1828 698 1889 themerarium
715 1829 906 1897 belvacen„
962 1838 1012 1900 bis
1028 1838 1147 1901 litteris
1157 1837 1361 1917 supplicasti,
1373 1838 1408 1900 ut
1422 1854 1464 1898 ne
1476 1836 1553 1899 aliis
1565 1832 1744 1915 hujusmodi

261 1923 294 1983 θί
308 1923 486 1983 0a2220²⁰0m
497 1925 771 1983 NOvl'OmffllSssm·
963 1936 1196 1998 dissolutorum
1207 1935 1344 1996 infamia
1355 1934 1565 2007 scandalizet,
1574 1933 1687 2010 qulbus
1694 1933 1755 1993 de*

402 2036 438 2092 30
451 2042 533 2092 mart.
547 2034 625 2092 ¹²18.
962 2033 1079 2094 herent
1097 2033 1205 2110 potius
1221 2032 1402 2094 honestatis
1415 2031 1564 2108 praebere
1579 2031 1759 2092 materiam·

162 2140 283 2204 mopsi,
292 2140 335 2191 tib.
348 2140 389 2198 111,
403 2139 710 2205 medietatatem
724 2138 758 2188 du
769 2138 861 2204 theth]
963 2131 996 2190 et
1010 2129 1208 2205 exemplum,
1219 2127 1260 2188 ad
1276 2127 1484 2204 disciplinam
1498 2144 1613 2188 eorum
1626 2127 1752 2202 virgam

117 2238 234 2296 blundat
248 2247 277 2296 ut
299 2238 483 2311 personaliter
498 2237 636 2296 accedant
654 2237 690 2294 ad
705 2238 908 2295 monasterium
963 2225 1177 2302 apostolicam
1197 2224 1412 2286 correctionis
1433 2214 1612 2285 estendere
1633 2223 1750 2298 dissssa‘

151 2326 246 2383 Sanotl
259 2324 383 2383 Medardi
398 2325 612 2383 Suessionensis
624 2332 652 2381 et
663 2323 829 2398 impendent
839 2325 906 2381 visi·
964 2338 1086 2383 remur.
1103 2322 1186 2393 Quia
1201 2321 1305 2397 igitur
1327 2320 1488 2382 instantia
1503 2322 1619 2382 nostra
1643 2320 1745 2398 quoti·

150 2413 611 2503 1³l¹0⁰l⁸0sf¹051¹ffl1³¹1¹issssflllile
624 2428 708 2485 quem
723 2412 907 2481 inmensus,
964 2419 1063 2479 diana
1087 2421 1137 2481 est
1159 2417 1375 2480 ecclesiarum
1400 2417 1545 2478 omnium
1566 2416 1745 2478 sollicitudo

149 2509 177 2558 0¹
199 2502 251 2560 ⁸¹¹¹)
275 2502 386 2559 1¹¹0f¹¹¹1¹
411 2501 514 2575 ⁸5g¹¹¹⁵⁸
535 2501 703 2558 ΓθΙθῑῑθῦθῐΠ
728 2514 826 2557 θθῑῦῐῐ]
846 2516 909 2573 <111oe
964 2517 1139 2587 continua,
1170 2514 1369 2577 fraternitati
1393 2517 1459 2575 tuae
1486 2531 1545 2591 per
1565 2514 1748 2591 Apostolica

150 2590 312 2646 invenerint
324 2589 436 2660 seriptis
452 2587 594 2645 redactam
608 2589 808 2645 transmittant.
964 2615 1085 2691 scripta
1101 2612 1307 2683 mandamus,
1324 2614 1484 2689 quatenus
1500 2611 1677 2673 associatis
1696 2610 1753 2673 tibi.

157 2707 334 2779 Honorius,
357 2707 432 2779 etc,
456 2706 585 2768 dilectis
607 2705 721 2766 filiis-u
745 2705 906 2766 decano„
964 2712 1045 2774 viris
1059 2711 1137 2772 boni
1161 2709 1341 2772 testimonii
1356 2711 1389 2770 et
1407 2708 1568 2779 honestis
1586 2707 1629 2769 ad
1652 2708 1758 2785 ipsius¹

116 2802 327 2866 thesaurario
353 2803 528 2863 Belvacen.
545 2804 613 2864 et...
630 2802 757 2864 cantori
779 2803 809 2863 N
812 2803 907 2863 ovio·
963 2808 1114 2869 dioecesis
1127 2806 1330 2868 monasteria
1345 2808 1377 2867 et
1391 2805 1754 2867 ecclesiasconventua·

111 2916 205 2961 men.
963 2906 1011 2967 les
1017 2903 1162 2981 juretibi
1175 2903 1363 2964 dioecesano
1377 2900 1542 2978 subjectas
1552 2902 1756 2963 accedenset

155 2997 204 3059 Ad
221 2998 366 3059 nostram
388 2996 590 3058 audientiam
611 2996 766 3058 Gualtero
788 3012 907 3057 mona·
963 3002 1089 3063 habens
1108 3017 1176 3078 prae
1185 2999 1290 3063 oculis
1305 3001 1413 3060 solum
1429 3002 1544 3071 Deum,
1558 3000 1756 3061 auctoritate

157 1122 321 1197 Scriptum
335 1121 491 1196 estsuper
505 1120 604 1180 hoo...
620 1118 732 1179 Sancti
748 1118 905 1189 Memmii,

115 1220 183 1280 et...
213 1218 359 1279 omnium
385 1218 581 1278 Sanctorum
605 1215 645 1277 de
670 1215 783 1275 Insula
803 1214 908 1275 abba-

116 1315 203 1377 tibus
224 1314 474 1384 Cathalaunen„
507 1315 543 1375 ut
569 1312 673 1374 dictos
705 1313 906 1388 episcopum,

116 1412 289 1483 decanum,
317 1413 351 1473 et
370 1410 548 1487 capitulum
572 1410 660 1470 adid
677 1409 831 1470 moneant
852 1409 908 1470 at-

113 1509 248 1580 tentius,
278 1511 312 1570 et
334 1508 515 1569 efficaciter
541 1507 700 1568 inducere
728 1522 792 1567 non
819 1506 910 1582 post-

94 1606 250 1682 'ponant

117 3093 179 3155 cho
213 3095 408 3156 monasterii
433 3093 546 3155 Sancti
576 3093 725 3154 Medardi
751 3093 908 3154 suessio·
963 3101 1075 3160 nostra
1091 3099 1250 3173 corrigas,
1267 3095 1523 3158 etreformesin
1540 3096 1623 3173 ipsis
1640 3097 1765 3174 appel--

117 3206 192 3251 nen·
205 3191 413 3266 significante
431 3191 591 3251 noveritis
605 3189 806 3266 pervenisse,
824 3190 909 3266 quod
964 3196 1088 3257 latione
1102 3197 1227 3257 remota
1249 3211 1322 3272 quae
1344 3193 1562 3255 correctionis
1586 3196 1622 3255 et
1648 3192 1758 3256 refor-

117 3286 307 3349 cumidem
334 3286 585 3357 monasterium,
612 3286 697 3363 quon
728 3286 910 3346 adsedem
964 3293 1118 3354 marionis
1152 3291 1261 3354 officio
1290 3290 1413 3352 videris
1443 3289 1606 3365 indigere.
1640 3293 1765 3352 natum

118 3384 342 3460 Apostolieam
361 3384 452 3444 nullo
474 3383 617 3460 pertinet
634 3382 809 3454 mediante,
827 3382 909 3444 adeo
964 3388 1120 3449 Laterani
1135 3387 1232 3448 tertio
1243 3384 1403 3446 kalendas
1418 3383 1534 3461 aprilis
1545 3384 1768 3460 pontificatus.

116 3480 327 3542 consueverit
354 3480 500 3542 dexterae
524 3482 622 3556 atque
651 3479 733 3540 levae
755 3479 910 3540 benedic-
963 3485 1069 3547 nostri
1084 3483 1292 3545 annotertio.

113 3577 260 3639 tionibus
295 3576 485 3648 abundare,
513 3577 599 3653 quod
632 3576 784 3638 nonnulli
813 3577 909 3638 famae

114 3675 220 3751 ipsius
235 3672 398 3749 fragranti
420 3674 601 3750 persentita
619 3674 655 3733 in
670 3673 803 3735 odorem
824 3675 908 3736 reli·
1266 3625 1454 3711 CLXXIV

115 3771 224 3846 gionis
237 3773 309 3846 ejus
325 3770 470 3847 undique
486 3769 744 3842 concurrebant;
760 3787 849 3831 nunc
868 3770 909 3832 ob
979 3753 1031 3811 Ad
1042 3750 1183 3812 eteorum
1196 3750 1465 3818 NOYWGWW
1475 3750 1514 3808 A.
1531 3749 1566 3808 S·
1580 3748 1752 3824 levatum*

115 3866 278 3927 malitiam
295 3865 515 3927 habitantium
530 3867 565 3925 in
581 3865 696 3927 eodem
711 3866 793 3927 adeo
809 3867 908 3927 estin
1246 3861 1279 3919 tt
1296 3868 1378 3918 mart.
1394 3860 1472 3919 tate.

115 3962 346 4040 spiritualibus
373 3962 675 4038 temporalibusque
710 3963 907 4039 collapsum,
996 3969 1113 4035 meges,
1124 3964 1221 4027 libid,
1233 3964 1372 4032 spissam.
1385 3965 1619 4016 nesteronem
1630 3965 1727 4034 rheu]

117 4061 203 4137 quod
223 4060 288 4120 nisi
310 4060 342 4121 θί
357 4075 416 4136 per
440 4059 680 4136 providentiam
701 4059 794 4119 Sedis
810 4063 910 4136 ApOS·
999 4071 1042 4127 Ne
1054 4067 1240 4142 quaestionem
1254 4063 1375 4136 sopitam
1387 4062 1546 4121 temeritate
1561 4062 1726 4138 cujuspiam

115 4156 225 4218 tolieae
241 4156 465 4227 succurratur,
479 4155 538 4217 vix
550 4154 684 4231 adjiciet
696 4157 732 4217 ut
744 4157 907 4233 resurgat.
1276 4153 1436 4210 suscitetur.

117 4255 197 4314 Cum
219 4253 322 4330 igltur
341 4252 522 4313 secundum
543 4252 728 4328 apostolum
752 4254 909 4316 instantia
1003 4253 1181 4324 Honorius,
1203 4253 1278 4324 etc,
1304 4250 1424 4311 dilecto
1448 4248 1517 4311 tilio
1543 4248 1649 4312 electo
1667 4251 1762 4313 Nor-

116 4352 229 4413 nostra
255 4350 445 4429 quotidiana
466 4350 509 4411 sit
528 4350 673 4410 omnium
694 4351 909 4412 ecclesiarum
964 4353 1082 4415 wicen.
1106 4350 1290 4410 camerario
1307 4349 1420 4408 nostro
1441 4347 1641 4422 apostolicae
1665 4348 1761 4409 Sedis

116 4447 303 4509 sollicitudo
321 4446 490 4517 continua,
511 4445 702 4507 discretionl
718 4449 837 4509 vestrae
851 4465 911 4525 per
964 4448 1082 4524 legato.

114 4545 304 4622 apostolica
328 4543 451 4620 scripta
467 4542 672 4614 mandamus,
691 4548 853 4620 quatenus
868 4544 908 4605 ad
1004 4541 1227 4606 charissimus
1241 4540 1276 4600 in
1291 4539 1421 4601 Christo
1434 4536 1521 4600 filius
1534 4540 1648 4600 noster
1662 4541 1760 4601 Hen-

115 4641 308 4718 praedlotum
324 4640 560 4701 monasterium
576 4639 798 4717 personaliter
809 4656 909 4703 acce·
964 4641 1053 4702 ricus
1066 4655 1126 4701 rex
1135 4636 1315 4714 Anglorum
1327 4635 1469 4698 illustris
1477 4630 1760 4698 nobisinsinuare

84 4729 86 4732 ’
116 4738 241 4809 dentes,
258 4739 290 4799 et
303 4737 462 4799 habentes
472 4751 540 4815 prae
555 4737 661 4798 oculis
672 4739 778 4798 solum
794 4742 907 4811 Deum,
965 4737 1103 4808 curavit,
1118 4735 1202 4814 quod
1215 4750 1288 4797 cum
1299 4734 1399 4794 clarae
1412 4732 1578 4794 memoriae
1586 4734 1761 4795 lohannes

116 4837 159 4906 ei,
176 4835 249 4896 vice
264 4837 387 4904 nostra,
399 4836 465 4894 tam
478 4835 513 4895 in
526 4834 633 4911 capite
648 4850 745 4911 quam
760 4836 796 4895 in
812 4850 911 4896 mem·
965 4852 1025 4897 rex
1032 4832 1161 4910 Angliae
1171 4832 1265 4909 pater
1276 4829 1414 4901 s'nus,de
1425 4829 1555 4890 damnis
1563 4846 1637 4907 quae
1644 4828 1688 4890 ob
1697 4830 1762 4891 dis-

114 4932 184 4993 bris
199 4931 398 4993 visitationis
412 4930 555 4992 officium
570 4931 781 5007 impendatis,
792 4932 825 4993 et
837 4949 910 5010 qnae
965 4930 1111 4994 cordiam
1122 4930 1201 4991 olim
1212 4927 1380 4989 subortam
1392 4924 1480 4988 inter
1493 4924 1601 5003 ipsum
1613 4926 1762 4988 eteocle·

117 5027 311 5091 inveneritis
334 5029 369 5088 in
391 5027 524 5103 scriptis
543 5028 685 5090 fideliter
709 5029 908 5106 redigentes,
965 5030 1049 5090 siam
1064 5027 1197 5088 fuerunt
1211 5024 1361 5087 ecclesiis
1376 5023 1503 5085 etviris
1518 5021 1761 5085 ecclesiasticis

117 5127 212 5189 nohis
232 5125 293 5186 snb
316 5125 436 5201 sigillis
452 5125 573 5186 vestris
595 5127 819 5188 transmittere
833 5142 912 5204 pro·
965 5127 1124 5200 irrogata,
1145 5122 1243 5184 simul
1269 5123 1303 5183 et
1326 5121 1428 5182 semel
1448 5119 1631 5182 secundnm
1654 5122 1760 5181 taxa-

118 5223 251 5285 curetis.
269 5220 360 5295 Quod
375 5222 404 5282 si
418 5237 484 5283 non
499 5238 624 5295 omnes,
638 5225 700 5285 etc.
717 5226 836 5285 Datum
851 5225 911 5286 La·
964 5225 1088 5286 tionem
1116 5219 1330 5297 apostolicam
1358 5217 1574 5289 satisfecerit,
1604 5218 1761 5279 condicto

117 5321 236 5392 temni,
254 5321 352 5381 tertio
372 5318 534 5380 kalendas
555 5320 683 5396 aprilis,
700 5322 910 5398 pontificatus
965 5319 1082 5397 nequis
1100 5319 1222 5395 ipsum,
1236 5316 1294 5378 aut
1313 5330 1390 5376 suos
1405 5314 1581 5377 occasione
1598 5313 1761 5390 praedicta

118 5417 222 5479 nostri
238 5433 324 5477 anno
342 5416 448 5478 tertio.
966 5419 1140 5478 decaetero
1163 5412 1362 5485 molestaret,
1384 5411 1517 5488 qnidam
1537 5410 1759 5472 nihilomiuus
