3774 6186
791 306 989 380 'uonoan
1013 320 1057 379 111
1079 321 1226 383 orans.
1331 277 1342 291 “
1526 354 1534 375 1
1784 324 1834 389 aas

429 600 445 631 ο
492 508 494 513 -
527 515 655 604 ΟΜΝ
1046 479 1232 556 potentibus
1245 484 1316 558 ejus
1333 480 1545 544 insolentiam
1559 485 1741 555 sustinere,
1757 468 1831 546 iden

1045 578 1085 638 ad
1101 578 1276 640 ecclesiam
1297 579 1410 640 Sancti
1433 581 1540 641 Eurtii
1560 580 1777 642 aurelianen.
1797 580 1831 643 ab
1879 654 1881 669 Ι

194 653 245 711 Ad
266 651 488 725 Redilwldllm
508 653 550 711 da
575 653 742 722 Rumam,
771 652 989 727 Dl'00012·40
1044 674 1829 754 abbatesuoextititdestinatus3sedpostpaucos

233 748 430 808 Coiadolioci
440 751 674 810 Gallionem
685 748 875 810 cinimiaco
884 763 989 810 cona
1044 771 1115 832 dies
1125 771 1468 835 exindeillicentiatus
1479 775 1651 846 recedens
1666 775 1828 851 religiosas

231 847 325 906 7²²⁰&
332 847 590 907 NOUWWS·
1044 870 1152 930 vestes
1164 870 1308 931 rendere
1322 886 1406 930 ausu
1421 871 1600 933 temerario
1614 889 1682 933 non
1695 875 1824 950 expavit

491 958 597 1030 sajum
614 959 691 1015 sais.
1044 968 1178 1037 cuano,
1196 967 1281 1043 quou
1305 982 1379 1028 cum
1406 968 1507 1044 ipsi...
1535 967 1689 1030 abaanm
1714 972 1827 1032 eccon·
1877 948 1881 1087 ⁴

224 1063 344 1128 [aegea.
356 1064 401 1114 lih.
413 1064 457 1125 111,
466 1063 541 1128 epist.
552 1064 608 1114 ¹⁵¹⁹·
622 1065 679 1114 nse.
692 1066 811 1115 1221'0120
821 1064 854 1114 ou
864 1064 957 1126 ruat]
1045 1066 1176 1125 ventum
1193 1064 1304 1125 Sancti
1320 1065 1473 1136 Victoris,
1496 1082 1636 1142 quonism
1660 1066 1827 1130 observant

194 1164 230 1220 Ut
243 1160 396 1218 informent
416 1160 560 1219 decausis
576 1162 705 1235 repulsus
718 1163 848 1218 canonici
871 1161 990 1220 ioannis
1044 1161 1193 1221 ordinem
1220 1177 1321 1237 super
1339 1163 1528 1239 receptione
1548 1163 1655 1240 ipsius
1678 1165 1826 1227 Johannis
1878 1182 1881 1247 j

341 1251 841 1308 amonasteriosanctimonasterii.
1044 1259 1201 1319 duxerint
1225 1258 1455 1330 consulendos,
1485 1259 1584 1320 iidem
1620 1262 1671 1321 eis
1702 1264 1827 1324 consilio
1860 1246 1881 1268 ''

231 1361 411 1431 Honorius,
428 1364 504 1429 etc,
520 1359 650 1419 dilectis
659 1358 737 1419 liliis
751 1358 934 1433 Reginaldo
949 1358 990 1419 de
1045 1355 1158 1416 habito
1173 1371 1321 1431 persnas
1337 1358 1483 1432 petentes
1503 1356 1632 1418 litteras
1654 1360 1827 1435 responde·

194 1460 354 1527 Humaco,
370 1459 504 1531 Drogon
520 1455 560 1515 de
572 1455 730 1516 Condalio
746 1458 779 1516 et
791 1456 934 1517 (luidoni
949 1455 990 1516 de
1044 1454 1132 1525 runt,
1150 1453 1235 1530 quod
1261 1452 1451 1514 nullatenus
1466 1454 1573 1529 ipsum
1600 1456 1787 1532 reciperent
1801 1459 1828 1518 iu

193 1554 379 1615 (tintiniaco
392 1552 564 1613 canonicis
580 1553 776 1613 Noviomen.
1045 1551 1245 1611 monasterio
1254 1552 1446 1611 memorato.
1459 1551 1590 1622 Quinto,
1599 1554 1830 1630 cumsaepedic-

233 1654 313 1711 Cum
337 1650 467 1711 dilectis
488 1649 604 1709 liliis...
628 1649 739 1711 abbati
755 1651 788 1711 et
813 1651 990 1711 conventui
1044 1649 1097 1708 tus
1112 1647 1282 1709 lohannes
1297 1648 1435 1723 praefato
1450 1647 1561 1708 abbati
1576 1650 1691 1710 Sancti
1706 1652 1830 1712 Bartlio

192 1748 388 1809 monasterii
414 1747 527 1807 Sancti
542 1746 777 1809 Bartholomaei
792 1747 988 1808 Noviomen.
1045 1745 1154 1805 lomaei
1170 1744 1329 1820 quasdam
1345 1747 1596 1821 praesentaverit
1606 1745 1747 1819 litteras,
1757 1765 1830 1824 quas

194 1845 384 1907 multotiens
405 1844 627 1904 direxerimus
650 1844 773 1920 scripta
797 1845 926 1915 nostra,
955 1844 991 1905 ut
1045 1858 1080 1903 se
1105 1842 1236 1903 dicebat
1256 1858 1277 1902 a
1301 1842 1386 1902 Sede
1411 1843 1600 1918 apostolica
1630 1845 1831 1920 impetrasse,

193 1944 378 2005 iohannem
397 1941 593 2001 canonicum
614 1957 721 2012 suum,
746 1942 801 2017 qui
817 1941 903 2002 sicut
919 1941 991 2017 ipse
1045 1939 1132 2000 idern
1157 1938 1259 2000 abbas
1274 1939 1403 2000 litteras
1417 1939 1507 2016 ipsas
1522 1940 1649 2002 habens
1674 1942 1716 2002 de
1744 1943 1833 2003 falsi·

194 2040 291 2100 nobis
317 2038 489 2115 esposuit,
513 2039 716 2098 monasterio
736 2038 808 2113 ipso
837 2053 990 2114 egressus
1044 2037 1112 2099 tate
1125 2038 1306 2113 suspectas,
1323 2051 1472 2098 coram...
1495 2037 1614 2098 abbate
1627 2040 1743 2100 Sancti
1758 2042 1835 2101 Leo-

194 2137 303 2198 luerat
324 2136 428 2195 animi
443 2135 591 2203 lenitate,
610 2135 806 2211 reciperent,
823 2136 915 2196 salva
930 2152 990 2197 or·
1045 2134 1172 2209 degarii
1192 2134 1404 2195 suessionen.
1427 2136 1461 2195 et
1475 2134 1674 2210 quibusdam
1689 2137 1768 2197 aliis
1785 2153 1835 2198 eoa

194 2235 283 2295 dinis
296 2232 486 2308 disciplina,
503 2232 580 2309 quia
595 2232 659 2308 ipsi
667 2232 787 2303 abbas,
804 2233 837 2294 et
852 2249 992 2294 conven-
1044 2232 1232 2291 examinari
1244 2231 1384 2302 curavit,
1398 2231 1432 2292 et
1444 2247 1517 2292 cum
1532 2233 1655 2294 viderit
1665 2232 1791 2294 bullam
1801 2235 1836 2296 ab

195 2336 248 2393 tus
263 2331 296 2391 id
319 2329 452 2391 efficere
473 2345 539 2389 non
561 2329 733 2400 curabant,
749 2329 843 2391 vobis
858 2330 991 2391 tandmn
1045 2327 1197 2388 inferiori
1213 2330 1306 2405 parte
1320 2329 1498 2399 tenentem,
1516 2329 1611 2389 olum
1632 2330 1758 2391 exinde
1771 2333 1837 2393 sine

179 2428 347 2491 'dedimus
367 2427 402 2488 in
417 2427 593 2497 mandatis,
610 2427 647 2487 u't
671 2426 831 2503 inquisita
846 2427 991 2502 diligen·
1046 2425 1158 2501 aliqua
1168 2425 1361 2486 difficultate
1369 2424 1544 2498 subtraxit,
1556 2431 1695 2502 propter
1705 2428 1794 2504 quod
1802 2429 1838 2489 dc

79 2541 83 2551 ‘
197 2528 263 2588 tius
276 2526 416 2587 veritate
432 2538 534 2601 quare
561 2523 752 2585 mandatum
767 2524 991 2601 apostolicum
1046 2521 1190 2583 falsitate
1208 2522 1356 2598 ipsarum
1380 2523 1529 2583 constitit
1546 2523 1733 2585 evidenter.
1752 2526 1840 2587 Unde

196 2641 263 2686 non
286 2622 430 2693 deberet,
455 2622 508 2682 vel
531 2636 597 2680 non
613 2622 724 2696 posset
742 2621 883 2698 impleri,
905 2622 991 2698 quod
1044 2618 1195 2695 saepefati
1210 2618 1312 2683 abbas
1332 2621 1364 2680 et
1388 2621 1570 2681 conventus
1584 2621 1681 2682 nobis
1703 2623 1841 2683 bumili-

195 2737 297 2799 super
317 2720 370 2780 his
394 2717 590 2779 inveneritis
610 2733 670 2793 per
684 2719 813 2778 vestras
830 2719 992 2781 curaretis
1046 2716 1097 2777 ter
1115 2716 1354 2794 supplicarunt,
1375 2717 1413 2777 ut
1426 2734 1501 2777 cum
1524 2721 1685 2794 appareat
1699 2736 1745 2781 ex
1760 2736 1842 2798 praa-

195 2818 291 2881 nobis
307 2814 610 2887 litterasintimare;
622 2814 716 2875 vobis
730 2815 843 2892 itaque
860 2816 900 2876 ad
917 2832 991 2877 mo·
1046 2814 1143 2875 dictis
1176 2814 1401 2890 supradictum
1433 2814 1619 2876 iohannem
1652 2816 1695 2877 ab
1729 2834 1841 2879 eorum

74 2979 80 2985 ,
193 2915 375 2978 nasterium
390 2913 497 2989 ipsum
515 2911 733 2987 personaliter
745 2913 989 2978 accedentibus,
1046 2910 1516 2988 debereoonsortiotanquam
1531 2912 1718 2974 membrum
1739 2917 1844 2991 putri-

195 3018 228 3078 et
242 3012 415 3075 ueritatem
427 3010 671 3087 inquirentibus
681 3010 721 3072 de
730 3012 910 3087 praemissis
924 3016 992 3076 tam
1043 3008 1124 3068 dum
1133 3023 1297 3078 resecare,
1307 3023 1360 3079 ne,
1370 3009 1455 3084 quod
1469 3008 1565 3079 absit,
1578 3010 1843 3073 uniusmorbidae

195 3112 327 3190 publice
340 3124 439 3186 quam
454 3107 620 3183 privatim,
649 3108 736 3169 sicut
754 3108 849 3170 nobis
871 3100 992 3173 vestris
1047 3106 1119 3167 ovis
1134 3105 1323 3180 contagium
1341 3105 1469 3167 inficiat
1491 3107 1594 3168 totum
1612 3123 1763 3183 gregem,
1789 3125 1842 3170 eos

194 3204 991 3279 litterisintimastis,venerabilisnaternoster...
1047 3202 1089 3263 ab
1114 3202 1345 3279 impetratione
1364 3202 1469 3278 ipsius
1488 3203 1661 3266 absolvere
1681 3206 1842 3282 dignare-

195 3307 391 3370 Novicmen.
409 3302 596 3380 episcopus,
613 3303 747 3378 juratus
762 3302 797 3362 in
813 3303 914 3366 verbo
928 3308 994 3367 Do-
1046 3315 1131 3360 mur.
1150 3300 1291 3376 Ideoque
1311 3299 1504 3361 discretioni
1522 3303 1644 3363 vestrae
1657 3318 1719 3379 per
1733 3308 1841 3380 Apos-

194 3405 289 3476 mini,
302 3402 387 3480 quod
401 3401 509 3463 dictus
522 3401 539 3461 J
543 3398 693 3460 ohannes
704 3399 875 3462 confessus
886 3401 994 3465 fuerat
1046 3397 1146 3458 tolica
1159 3396 1282 3473 scripta
1294 3397 1501 3470 mandamus,
1514 3400 1691 3475 quatenus,
1708 3402 1740 3460 si
1751 3401 1843 3462 vobis

196 3516 308 3563 coram
327 3514 368 3560 eo
391 3499 425 3559 et
448 3495 598 3574 pluribus
621 3494 698 3558 aliis
720 3496 864 3573 quinque
888 3515 992 3562 annos
1046 3494 1232 3556 constiterit
1252 3493 1292 3554 de
1305 3495 1498 3570 praemissis,
1516 3495 1673 3571 praefatos
1690 3498 1843 3560 abbatem

196 3613 271 3659 esse
290 3596 477 3658 transactos
492 3594 578 3671 quod
601 3593 710 3672 ipsum
730 3591 881 3655 abbatem
896 3612 992 3656 suum
1047 3593 1081 3654 et
1115 3593 1311 3666 conventum
1349 3591 1390 3651 ab
1422 3592 1656 3668 impetratione
1692 3596 1843 3672 saepefati

196 3692 429 3764 interfecisset,
448 3692 476 3752 si
492 3692 665 3769 potuisset,
682 3706 811 3754 veneno
823 3691 876 3752 vel
891 3692 990 3754 ferro.
1046 3689 1219 3759 lobannis,
1245 3688 1376 3750 sublato
1406 3689 1641 3765 appellationis
1656 3691 1840 3764 obstaculo,

196 3792 282 3854 Dicti
294 3806 374 3852 vero
387 3788 489 3850 abbas
506 3791 541 3851 et
553 3793 734 3852 conventus
749 3790 993 3869 responderunt
1045 3785 1239 3848 absolvatis.
1249 3785 1359 3846 Nullis
1370 3785 1489 3847 litteris
1503 3788 1650 3860 veritati,
1661 3791 1843 3866 etjustitiae

197 3905 233 3950 se
246 3888 334 3949 nolle
346 3902 408 3948 nec
422 3885 556 3958 audere,
575 3902 637 3948 nec
656 3887 784 3965 dejure
804 3888 925 3952 debere
940 3890 992 3967 ip-
1047 3880 1349 3959 praejudicantibus,
1365 3884 1428 3942 etc·
1457 3882 1549 3954 Quod
1573 3883 1602 3944 si
1627 3900 1694 3945 non
1713 3900 1841 3952 omnes,

196 4002 268 4047 sum
284 3985 468 4048 iohannem
488 3984 636 4061 recipere
651 3985 827 4063 multiplici
848 3988 988 4051 ratione.
1047 3983 1108 4042 eto·
1126 3982 1242 4041 Datum
1259 3982 1361 4040 Reate
1374 3982 1491 4056 quarto
1512 3981 1586 4042 idus
1604 3983 1694 4059 julii,
1708 3984 1843 4060 pontifi·

196 4085 321 4151 Primo,
336 4081 501 4153 videlicet,
522 4082 600 4159 quia
622 4097 696 4143 cum
718 4083 805 4144 idem
821 4085 991 4148 Johannes
1047 4079 1140 4145 catus
1155 4077 1260 4139 nostri
1275 4092 1363 4138 anno
1377 4077 1487 4139 tertio

196 4183 336 4243 mortem
351 4178 456 4256 ipsius
470 4177 599 4240 abbatis
614 4179 715 4241 fuerit
724 4181 944 4256 machinatus,
959 4186 992 4246 et

197 4275 419 4338 dictusabbas
434 4277 898 4352 securenonpoteratvivere
916 4296 990 4341 cum
1369 4274 1517 4362 GCLVI

197 4373 324 4444 eodem,
341 4371 373 4434 ct
383 4371 505 4432 fratres
518 4372 626 4432 scelus
639 4375 888 4447 committerent,
904 4378 989 4453 quod

198 4471 234 4531 in
259 4470 387 4547 patrem
418 4467 589 4528 audaciter
613 4469 766 4532 voluerat
786 4474 989 4549 perpetrare.
1389 4539 1395 4550 ,
1429 4540 1445 4551 ,,

200 4565 363 4638 Secundo,
380 4565 459 4642 quia
467 4580 527 4642 per
540 4565 611 4626 veri
620 4568 886 4643 suppressionem
897 4587 991 4648 apos·
1335 4539 1369 4598 ¹3
1384 4540 1446 4612 ”¹¹¹¹
1467 4539 1546 4598 ¹²¹⁰·

196 4665 315 4727 tolicas
330 4678 429 4740 super
442 4660 631 4740 receptione
646 4680 705 4724 sua
730 4664 857 4727 litteras
879 4667 989 4744 impe·
1076 4654 1249 4720 [asumma
1261 4654 1303 4711 ¹¹¹2
1316 4653 1521 4719 illim-¹¹⁸⁸·
1536 4655 1658 4706 ΜΡΝ
1669 4655 1705 4706 ‘¹¹¹
1717 4657 1811 4720 rnen]

196 4762 307 4824 travit.
324 4763 405 4821 Cum
423 4760 517 4820 enim
539 4759 618 4822 dicti
633 4760 734 4822 abbas
758 4765 791 4824 et
809 4767 990 4827 conventus
1045 4761 1322 4835 indulgetepiscopo
1334 4760 1591 4818 utamscanonicos
1607 4775 1709 4818 secum
1721 4765 1841 4820 retineat

196 4858 305 4936 ipsum
323 4857 513 4919 monuerint
528 4858 563 4919 ut
577 4858 783 4920 satisfaceret
797 4860 837 4921 de
850 4877 909 4922 suo
924 4878 988 4923 ex·
1079 4851 1162 4908 cristi
1178 4847 1480 4949 ὓῑῑῑῑῑθῑῦῑῐξΰῗῐῑῦθῑῑῑδ
1490 4849 1621 4921 ἱΠῑθΒῑθδ
1632 4864 1752 4908 &mrum
1768 4867 1839 4924 lm·

198 4971 294 5016 cessu
307 4956 341 5016 et
354 4955 582 5032 poenitentiam
597 4959 711 5031 ageret
725 4956 759 5017 in
775 4957 916 5035 quadam
933 4973 990 5020 ec-
1079 4937 1236 4996 bffldflfflffl
1250 4944 1416 5011 Pe'ffllfflmr

1144 4422 1196 4482 Ad
1224 4421 1420 4494 epicoenum
1436 4421 1743 4484 Ceramncaermenc

197 5051 311 5122 clesia,
341 5051 428 5112 idam
455 5051 589 5113 obedire
617 5054 824 5131 contempsit,
852 5070 990 5118 excom·
1083 5055 1263 5125 Honorius,
1280 5056 1356 5126 etc,
1384 5053 1567 5115 venerabili
1588 5052 1725 5116 fratri...
1750 5056 1840 5133 epis-

197 5149 383 5210 municatus
416 5149 564 5220 recessit,
602 5152 635 5211 et
668 5150 708 5211 ad
745 5152 904 5214 saeculum
939 5153 990 5215 est
1043 5169 1126 5231 copo
1142 5155 1363 5214 cenomanen.

197 5261 366 5308 reversus.
379 5245 501 5314 Tertio,
516 5245 593 5321 quia
617 5263 691 5306 cum
710 5247 806 5309 bonae
820 5251 988 5312 memoriae
1083 5249 1131 5311 nd
1147 5265 1247 5312 aures
1259 5251 1390 5310 nostras
1402 5249 1435 5309 te
1450 5247 1660 5324 significante
1676 5250 1839 5327 pervenit,

196 5346 235 5406 R.
261 5343 348 5404 tituli
367 5341 480 5405 Sancti
504 5343 663 5418 Stephani
689 5345 723 5405 in
745 5347 847 5408 Coelio
879 5349 988 5408 monte
1043 5348 1218 5426 quodcum
1234 5347 1269 5407 in
1294 5347 1516 5406 cenomanen.
1532 5344 1676 5407 ecclesia
1699 5362 1841 5408 consue·

195 5440 368 5519 presbyter
394 5438 573 5500 cardinalis
603 5440 710 5517 ipsum
736 5443 922 5504 iohannem
946 5444 987 5505 ad
1042 5450 1111 5506 turn
1139 5443 1239 5504 fuerit
1259 5441 1301 5504 ab
1328 5442 1477 5518 antiqno,
1495 5443 1532 5502 ut
1544 5440 1650 5518 ipsius
1671 5441 1738 5504 loci
1752 5445 1843 5521 epia·

195 5544 322 5613 angen.
339 5536 513 5598 ecclesiam
534 5536 667 5599 duxerit
685 5541 986 5613 transmittendum,
1043 5557 1144 5618 copus
1159 5541 1200 5601 de
1214 5540 1385 5601 canonicis
1399 5539 1548 5615 ejusdem
1562 5539 1716 5601 ecclesiae
1729 5556 1840 5602 secum

195 5635 313 5696 abbate
334 5637 367 5695 et
391 5635 554 5695 conventu
577 5635 723 5712 ejusdem
748 5637 897 5699 ecclesiae
922 5654 988 5699 non
1043 5640 1154 5716 posset
1167 5637 1301 5707 habere,
1317 5652 1358 5697 ac
1378 5651 1436 5711 pro
1451 5636 1557 5712 ipsius
1581 5637 1735 5699 ecclesiae
1759 5654 1840 5715 pro-
