3824 6180
127 300 185 360 im
758 301 987 361 EPISTOLAE.
1011 300 1088 363 LIB.
1112 302 1150 360 V.
1688 298 1775 361 *ihs

126 456 276 535 episcopi
287 459 408 521 statuta
420 443 573 535 recipere
586 460 772 531 teneantur,
788 460 925 537 excepto
979 474 1081 537 super
1095 461 1158 522 hoc
1181 461 1310 537 regium
1335 463 1504 539 accepisse
1523 460 1724 533 mandatum,
1742 463 1775 523 et

127 555 215 632 quod
250 558 556 618 excommunicatos
591 559 624 618 et
658 557 854 619 interdictos
882 556 924 618 ab
978 556 1087 618 dictus
1125 557 1348 618 subdiaconus
1383 559 1470 620 idem
1496 557 1593 619 nobis
1629 557 1775 619 scribere

127 653 284 729 episcope
303 654 431 714 Aretin.
456 654 601 715 scienter
621 669 687 714 non
707 654 870 731 recipient
882 654 923 715 ad
979 656 1201 731 procurasset,
1225 655 1339 716 mirati
1367 670 1480 716 sumus
1506 670 1572 716 nou
1595 655 1773 726 modicum',

129 751 255 810 divina.
272 752 341 811 Nes
360 751 462 825 igitur
483 751 755 828 compositionem
778 752 922 828 praedic-
979 751 1066 828 quod
1079 767 1180 828 quum
1192 754 1225 813 te
1238 753 1383 813 intrasse
1398 752 1661 814 intellexerimus
1671 755 1774 813 Lom-

127 850 196 909 tam
221 850 351 923 gratam
375 849 408 908 et
430 850 537 922 ratam
561 847 732 920 habentes,
762 849 868 925 ipsam
884 849 924 910 de
979 846 1141 920 bardiam,
1170 849 1254 909 nihil
1276 850 1327 909 est
1350 848 1445 910 nobis
1468 848 1508 909 de
1530 849 1583 910 his
1601 848 1773 933 pertessvel

127 947 269 1005 fratrum
293 946 483 1006 nostrorum
510 946 650 1006 oonsilio
674 945 830 1006 duximus
844 961 926 1007 con·
978 944 1101 1007 dictum
1117 945 1357 1006 subdiaconum
1378 947 1578 1007 nuntiatum.
1605 948 1650 1006 De
1666 947 1773 1023 ipsius

128 1041 338 1112 ilrmandam,
365 1040 595 1117 prohibentes,
626 1043 662 1102 ut
698 1042 922 1103 camaldulen.
977 1057 1057 1117 erge
1079 1043 1273 1104 subdiaconi
1297 1043 1448 1104 absentia
1472 1042 1660 1104 dubitantes
1675 1066 1692 1114 ‚·
1721 1042 1774 1103 di-

127 1139 257 1201 Aretin.
274 1139 428 1214 episcopo
443 1139 478 1198 in
493 1138 661 1214 praedictis
680 1138 923 1200 nihildiliicul-
978 1139 1099 1200 lectum
1115 1140 1220 1200 tilium
1234 1140 1441 1217 Raynaldum
1465 1139 1613 1200 Munaldi
1636 1139 1773 1200 subdia-

128 1236 208 1296 tatis
233 1238 411 1311 opponant,
439 1237 471 1295 et
499 1237 674 1312 episcopus
704 1236 860 1298 aretinus
889 1237 924 1296 in
978 1253 1098 1297 conum
1111 1238 1144 1298 et
1156 1237 1365 1312 capellanum
1378 1239 1538 1306 nostruin,
1567 1236 1675 1297 virum
1692 1252 1772 1314 pro·

131 1332 360 1392 camaldulen.
377 1332 533 1403 ecclesia,
544 1331 851 1409 ultrapraedictade
863 1348 925 1394 cae·
978 1334 1091 1394 vidum
1105 1335 1137 1394 et
1149 1333 1341 1405 discretum,
1358 1334 1454 1395 uobis
1468 1336 1501 1396 et
1515 1332 1673 1395 iratribus
1688 1350 1772 1395 uos·

132 1434 216 1500 tere,
230 1429 277 1488 nil
291 1430 430 1491 attentet
441 1429 534 1490 salvo
545 1433 622 1505 jure
635 1430 923 1506 utriusquepartis
977 1430 1039 1492 tris
1054 1447 1123 1492 suae
1144 1432 1263 1492 merite
1277 1430 1451 1508 probitatis
1476 1433 1659 1508 acceptum,
1681 1432 1722 1492 ad
1738 1436 1771 1493 te
1810 1453 1814 1461 ·

130 1543 233 1602 super
243 1526 425 1602 quaestione
440 1526 673 1589 membrorum.
687 1527 848 1598 Quocirca
861 1527 925 1588 dis·
978 1527 1133 1588 duximus
1148 1527 1391 1599 destinandum,
1418 1527 1659 1590 fraternitatem
1680 1530 1770 1590 tuam
1835 1540 1838 1547 ’

128 1624 270 1685 crationi
283 1624 401 1684 vestrae
417 1640 476 1700 per
490 1624 679 1700 apostolica
696 1625 818 1700 scripta
835 1640 926 1685 man·
978 1626 1145 1700 rogantes,
1171 1626 1342 1686 monentes
1366 1627 1400 1687 et
1411 1623 1583 1687 hortantes
1597 1627 1767 1698 attentius,

127 1720 264 1789 «lamus,
307 1722 470 1796 quatenus
515 1722 787 1798 compositionem
818 1722 924 1798 ipsam
978 1725 1084 1798 etper
1106 1723 1296 1798 Apostolica
1319 1721 1380 1784 tibi
1413 1723 1537 1799 scripta
1561 1723 1767 1795 mandantes,

127 1818 259 1878 faciatis
282 1818 479 1880 auctoritate
498 1823 623 1890 nostra,
651 1818 781 1880 sublato
804 1821 923 1895 appel·
978 1821 1142 1895 quatenus
1169 1835 1287 1894 ipsum,
1319 1819 1418 1880 immo
1442 1819 1552 1895 potius
1577 1836 1638 1881 nes
1667 1820 1702 1881 in
1730 1835 1770 1881 eo

127 1915 265 1975 lationis
283 1914 467 1987 obstaculo,
482 1916 722 1978 inviolabiliter
736 1915 921 1977 observari.
977 1914 1121 1991 benigne
1142 1916 1309 1991 recipiens
1333 1918 1366 1978 et
1385 1916 1525 1978 honeste
1549 1918 1767 1993 pertractans,

127 2014 247 2073 batum
272 2012 359 2087 apud
383 2013 504 2074 Urbem
519 2015 682 2084 Veterem,
700 2012 924 2077 secundone·
977 2014 1101 2074 terram
1137 2013 1315 2075 comitissae
1355 2013 1549 2086 Mathildis,
1586 2015 1767 2076 secundum

127 2109 341 2183 nasaugusti,
353 2110 564 2185 pontificatus
575 2111 681 2171 nostri
692 2125 780 2171 anno
795 2111 922 2186 quinte.
978 2111 1168 2173 mandatum
1188 2112 1316 2187 regium
1332 2112 1363 2172 ei
1376 2112 1510 2172 nornine
1527 2113 1642 2174 nostro
1664 2113 1696 2173 et
1713 2113 1770 2173 Ec·

978 2209 1090 2269 closiae
1116 2211 1286 2280 Romanae,
1314 2210 1404 2270 omni
1428 2223 1524 2270 mora·
1546 2212 1579 2271 et
1594 2210 1770 2271 occasione

488 2279 564 2365 XII
977 2305 1180 2382 postpositis,
1206 2307 1363 2367 restituas
1379 2309 1412 2367 et
1429 2307 1591 2381 resignes,
1616 2308 1663 2368 ita
1683 2306 1769 2384 quod
1850 2322 1861 2352 s

174 2405 226 2463 Ad
245 2405 442 2464 Ceutronum
457 2406 653 2477 episcopum
672 2402 874 2464 Meteonem.
978 2418 1037 2478 per
1051 2404 1237 2479 promptum
1252 2403 1407 2465 affectum
1422 2402 1463 2464 de
1474 2405 1531 2464 tue
1546 2404 1648 2479 regiis
1660 2403 1771 2464 videa·

278 2524 290 2554 ι
405 2505 549 2579 derigunt
561 2507 639 2563 libo.
976 2499 1023 2558 ris
1036 2498 1254 2575 beneplacitis
1269 2500 1442 2575 adjecisse,
1459 2500 1614 2576 perquod
1629 2499 1771 2576 gaudea-

206 2601 844 2667 [bieimann.diptoominnmmp.1,so‚e³.]
976 2612 1050 2656 mus
1065 2596 1238 2671 degrada,
1255 2611 1354 2673 quam
1377 2596 1437 2657 tibi
1455 2597 1644 2672 apostolica
1669 2597 1771 2657 Sedes

129 2699 166 2756 m
180 2699 308 2755 Aletrino
320 2698 506 2767 subdiacono,
519 2690 683 2757 secuudum
699 2700 864 2757 mandatum
879 2716 922 2758 re·
976 2694 1138 2765 exhibuit,
1155 2695 1392 2769 cognoscentes
1413 2697 1446 2754 te
1461 2695 1568 2770 ipsam
1583 2711 1648 2755 non
1664 2692 1698 2754 iu
1716 2709 1772 2754 va·

164 2788 255 2858 gium,
282 2796 386 2844 terram
410 2789 564 2845 comitisse
585 2788 738 2857 diethildis,
761 2789 823 2846 siue
843 2804 922 2848 mora
976 2807 1074 2853 cuum
1096 2791 1275 2868 accepisse,
1299 2806 1338 2851 ac
1359 2791 1400 2851 ad
1427 2791 1650 2851 exhibendum
1664 2791 1772 2852 abun·

165 2876 479 2949 ῑθῦῑῑῑῡθῑθῑΐθθῑθῦθῑ·
977 2889 1109 2949 dontius
1133 2889 1317 2950 sinceritati
1343 2891 1408 2949 tuae
1426 2888 1632 2949 commodum
1655 2891 1689 2950 et
1708 2888 1771 2949 ho·
1836 2880 1842 2905 ¹

168 2983 335 3042 Honorius
345 2984 532 3060 episcopus,
542 2999 658 3045 servus
672 3000 844 3046 serverum
851 2986 921 3053 Dei,
977 3002 1091 3046 norem
1106 2986 1348 3046 constituamur
1361 2984 1421 3045 tibi
1437 3002 1512 3046 cum
1540 2987 1689 3046 Romana
1708 2989 1771 3046 Ec-

129 3079 312 3140 venerabili
347 3081 443 3142 fratri
466 3082 621 3158 episcopo
645 3082 796 3153 Metensi,
817 3083 924 3159 impe-
976 3082 1080 3143 clesia
1096 3081 1270 3143 debitores.
1288 3085 1406 3142 Datum
1422 3066 1508 3157 apud
1530 3081 1651 3141 Urbem
1665 3083 1769 3142 Vete-
1837 3068 1840 3078 ⁴

129 3177 554 3250 rialisaulaecancellario,
577 3179 923 3256 salutemetaposte·
977 3195 1065 3249 rem,
1095 3179 1193 3238 nonis
1235 3178 1378 3254 augusti,
1423 3177 1633 3254 pontificatus
1664 3178 1781 3241 nostri¹

128 3274 226 3334 licam
239 3273 513 3337 benedictionem.
978 3291 1065 3337 alitro
1082 3276 1206 3352 quinte.

166 3373 247 3442 Tua,
274 3372 359 3433 sicut
394 3374 571 3446 credimus,
606 3374 798 3438 fraternitas
828 3391 924 3437 reco-
1326 3383 1423 3470 ΧῙΠ

128 3470 257 3543 gnoscit
266 3486 331 3547 qua
341 3471 374 3531 te
385 3472 604 3547 praerogativa
618 3472 806 3534 dilectionis
819 3474 924 3534 mater
1017 3508 1069 3571 Ad
1092 3507 1295 3582 Aymamm,
1324 3506 1583 3568 mmmmm
1605 3506 1732 3581 Templi

131 3569 187 3628 tua
214 3569 362 3628 Romana
407 3569 555 3629 Ecclesia
590 3568 692 3630 suerit
719 3570 921 3646 amplexata,
1261 3605 1485 3664 mmmm

129 3681 193 3740 qua
207 3665 253 3726 ita
269 3665 329 3726 tibi
347 3668 497 3774 januam
508 3682 577 3726 suae
593 3665 757 3774 ‘bonitatis
779 3667 921 3775 aperuit,
1242 3706 1259 3763 6
1285 3712 1399 3779 august.
1426 3705 1505 3763 mo·

128 3763 164 3822 ut
177 3762 319 3838 quadam
336 3762 500 3838 singulari
515 3765 624 3837 gratia
636 3764 669 3823 te
688 3763 821 3824 duxerit
837 3765 924 3824 mter
1009 3801 1146 3866 tamquo,
1159 3802 1260 3853 neuneu
1273 3802 1316 3851 des
1332 3802 1407 3860 Hm,
1419 3807 1437 3851 ἲ.
1452 3803 1519 3860 xlx,
1533 3801 1742 3866 mmm

128 3862 268 3921 caeteros
291 3859 521 3920 honorandum
543 3881 551 3919 ε
573 3862 688 3921 tenere
709 3861 846 3938 insuper
865 3861 924 3920 iir-
1308 3882 1437 3945 epatis]

127 3971 216 4016 mum
237 3955 348 4027 debes,
363 3957 449 4034 quod
464 3974 526 4018 110⁸
539 3972 578 4018 0³
594 3958 627 4018 ῒθ
649 3958 800 4019 caritatis
814 3957 923 4019 abnn-
977 3971 1143 4043 humarum,
1161 3969 1292 4027 laudibus
1317 3969 1492 4026 cumulatum
1521 3982 1598 4026 nune
1626 3970 1770 4026 llouorius
1897 3943 1902 3951 ’

127 4053 239 4115 dantia
256 4055 488 4130 praevenimus,
503 4055 539 4115 ut
548 4054 588 4116 de
601 4054 657 4116 tuo
673 4055 777 4115 simus
793 4056 920 4116 benere
1012 4059 1150 4130 increpat,
1179 4057 1254 4130 quod
1291 4058 1453 4129 apostolica
1480 4056 1559 4130 iussa
1582 4065 1771 4130 pretergres-

127 4151 260 4212 solliciti
276 4153 309 4215 et
321 4151 462 4213 libenter
476 4150 517 4212 de
531 4151 595 4219 his,
613 4168 686 4228 quae
701 4153 793 4215 tuum
809 4153 922 4214 incre·
1012 4163 1061 4203 sus
1074 4145 1168 4204 luerit.

130 4249 275 4309 mentum
290 4248 483 4325 respiciunt,
500 4249 695 4324 cogitemus.
711 4252 819 4322 Quare
835 4249 876 4310 de
891 4251 922 4311 te
1018 4246 1184 4307 Honorius
1222 4245 1409 4323 episcopus,
1440 4260 1557 4306 servus
1597 4260 1771 4310 servorum

129 4345 318 4421 apostolica
343 4346 445 4407 Sedes
466 4348 499 4407 et
523 4362 583 4407 uos
603 4347 762 4422 cumipse
778 4346 921 4408 contidi-
978 4342 1048 4414 Dei,
1063 4342 1185 4403 dilecto
1201 4341 1269 4403 dlio
1281 4342 1376 4404 fratri
1394 4345 1551 4419 Aymaro,
1563 4342 1773 4404 thesaurario

130 4457 213 4512 mus,
239 4442 325 4518 quod
348 4458 537 4504 memorans
558 4458 643 4514 eam,
666 4459 763 4519 quam
787 4441 827 4502 ab
852 4443 923 4519 ipsa
977 4439 1093 4499 domus
1109 4439 1236 4500 militiae
1249 4439 1376 4515 Templi
1400 4439 1613 4511 parisiensis,
1630 4440 1772 4500 salutem

128 4541 267 4612 gristasti
283 4539 507 4612 dulcedinem,
528 4542 561 4602 et
576 4541 792 4601 considerans
812 4556 921 4602 rerem
976 4539 1010 4598 et
1024 4537 1240 4613 apostolicam
1252 4534 1529 4599 benedictionem.

127 4638 188 4698 tibi
209 4654 278 4699 suae
301 4636 543 4701 benedictionis
570 4639 676 4716 magis
701 4654 741 4700 ac
757 4639 876 4712 magis,
893 4640 922 4700 si
1018 4634 1184 4710 Numquid
1201 4650 1267 4694 non
1282 4650 1325 4694 ex
1340 4650 1441 4695 causa
1460 4634 1631 4700 miramur,
1643 4632 1672 4692 si
1696 4631 1775 4692 abs-

128 4734 163 4795 in
178 4738 249 4811 ejus
264 4735 439 4797 devotione
457 4737 653 4813 perstiteris,
668 4736 920 4807 infundendum,
977 4747 1042 4809 que
1058 4731 1212 4792 mandate
1228 4733 1343 4794 nestro
1356 4747 1410 4792 res
1424 4746 1498 4808 quae
1520 4731 1561 4790 ad
1585 4745 1646 4790 nos
1669 4730 1775 4806 perti·

128 4848 245 4906 gerere
260 4834 295 4893 in
310 4837 443 4909 pectore
458 4839 514 4894 tue
530 4833 651 4895 debeas
676 4834 833 4895 Ecclesiae
856 4837 923 4895 Ro-
978 4832 1044 4900 net,
1059 4830 1180 4905 agatur
1192 4843 1251 4905 per
1275 4829 1391 4899 alium,
1405 4830 1439 4888 et
1452 4826 1539 4904 quod
1566 4824 1661 4886 nobis
1687 4826 1775 4887 duu-

127 4932 388 5007 manaenegotia,
413 4932 560 4993 etetiam
575 4931 923 4993 eauobistacentibus
976 4930 1070 4988 taxat
1100 4924 1272 4996 incumbit,
1303 4925 1376 4986 sine
1413 4926 1528 4985 nostro
1564 4922 1772 5001 beneplacito

128 5042 319 5104 procurare.
343 5030 448 5099 Quum
471 5031 582 5091 autem
597 5029 792 5106 jamdudum
811 5029 924 5104 regias
977 5026 1196 5101 disponaturi
1223 5023 1330 5095 Nosti,
1370 5022 1455 5099 quod
1492 5020 1588 5082 nobis
1624 5022 1775 5083 imminet

127 5127 354 5202 acceperimus
363 5125 493 5187 litteras
503 5127 723 5198 continentes,
736 5126 922 5203 quodragia
977 5123 1146 5199 negotium
1172 5123 1284 5182 Terre
1303 5122 1444 5191 Sanctae,
1468 5135 1595 5196 uosque
1617 5135 1676 5196 pre
1699 5121 1773 5196 eJus

127 5223 327 5284 arroteritate
339 5221 482 5284 debebas
501 5225 625 5285 terram
649 5223 826 5287 comitissae
846 5226 922 5286 Ma·
978 5220 1177 5280 liberatione
1196 5233 1256 5294 per
1281 5219 1383 5280 totum
1407 5217 1520 5279 orbem
1543 5216 1657 5293 colligi
1676 5231 1774 5277 man·
1858 5262 1863 5269 .

128 5319 243 5380 thildis
256 5319 381 5381 dilecte
403 5320 472 5382 filio
498 5320 649 5382 Alatrino
672 5320 876 5382 subdiacono
891 5322 925 5382 et
979 5316 1352 5389 davirnusvicesimam;
1370 5315 1460 5393 passi
1472 5313 1771 5393 prepterboc,uon
1890 5324 1892 5329 ⁴

129 5416 301 5493 capellano
314 5419 438 5488 nostro,
453 5419 586 5479 nomine
600 5417 695 5479 Sedis
709 5418 919 5494 apostolicae,
978 5415 1103 5493 absque
1127 5428 1228 5475 onere
1254 5415 1454 5490 sumptuum,
1482 5410 1629 5472 laborem
1660 5405 1786 5473 conti-⁶

132 5514 316 5589 assignare,
333 5516 435 5591 tuqus
455 5531 514 5591 per
528 5518 613 5586 tuas,
636 5516 766 5593 quasin
781 5516 925 5577 testimo·
979 5508 1769 5584 nuum,etsollicitudinemindefessam.'luvero,

127 5611 218 5672 nium
247 5627 477 5683 reservamus
511 5613 640 5674 litteras
675 5613 864 5675 intimasses
892 5614 925 5674 te
978 5609 1075 5671 nobis
1100 5609 1310 5681 inconsultis,
1337 5624 1397 5685 pro
1420 5607 1491 5667 sola
1516 5606 1687 5673 uoluntate
1717 5609 1773 5669 tua
