3774 6186
50 300 117 363 aas
668 250 898 360 urrsroun.
921 296 999 357 me.
1024 297 1080 357 111.
1639 296 1699 356 aar

53 477 76 524 a
105 460 247 525 rationis
268 460 401 522 tramite
426 474 492 520 non
516 458 717 531 discordant,
733 458 853 520 effectu
907 472 967 532 per
980 456 1235 534 quadriennium
1250 456 1335 519 ultra
1350 457 1526 519 terminum
1540 473 1642 535 usque
1657 458 1699 519 ad

55 561 280 637 prosequente
304 558 488 634 complere·
504 559 698 634 eapropter,
724 557 855 617 charis·
908 570 1005 631 quem
1030 554 1168 616 tirmatae
1192 554 1334 627 inerant,
1358 555 1597 632 prorogandas,
1614 555 1701 619 sicut

57 657 191 720 simeln
202 657 334 719 Christo
352 655 411 728 lili,
429 656 494 716 tuis
505 657 606 733 justis
622 655 855 733 postulationi·
907 654 973 714 tnae
984 652 1079 713 nobis
1095 653 1213 714 litterae
1229 652 1455 716 declararunt.

56 755 122 817 bus
155 757 249 831 grato
284 756 518 815 concurrentes
553 769 706 825 assensn,
739 754 854 814 villam
948 753 1052 812 Porro
1067 751 1153 828 quod
1174 751 1338 827 scripsisti
1356 753 1390 813 te
1410 752 1629 828 personaliter
1638 756 1700 831 ju-

57 851 366 929 Montispessulani‚
392 852 425 912 et
445 851 485 913 de
508 852 597 912 Latis
618 853 651 912 et
667 851 707 912 de
723 850 855 913 Omelar
909 864 985 909 rare
1010 864 1077 909 non
1102 848 1199 916 velle,
1224 864 1298 910 cum
1321 850 1377 910 tua
1401 853 1433 911 et
1458 850 1603 917 filiorum
1623 851 1701 914 dicti

59 954 184 1021 castra
207 967 282 1012 cum
303 949 456 1011 omnibus
474 949 573 1011 terris
593 949 627 1011 et
645 949 855 1026 pertinentiis
908 946 998 1021 regis
1012 949 1093 1007 aetas
1109 962 1176 1006 non
1191 946 1365 1023 aequaliter
1377 947 1572 1023 religionem
1588 949 1704 1013 timeat

58 1049 102 1111 ad
123 1048 390 1125 jurisdictionem
413 1046 580 1124 praedictae
599 1046 689 1108 villas
702 1048 856 1124 spectan-
904 1044 1098 1118 juramenti,
1112 1043 1330 1105 firmationem
1345 1047 1538 1121 treugarum
1553 1046 1701 1122 ipsarum

57 1146 160 1219 tibus,
177 1163 250 1224 quae
265 1146 307 1207 ad
325 1148 358 1207 te
371 1144 585 1207 haereditario
600 1147 677 1220 jure
689 1145 855 1221 pertinere
909 1141 1011 1216 regiae
1027 1142 1315 1218 circumspectioni
1331 1158 1369 1203 ac
1386 1144 1520 1219 puritati
1540 1145 1704 1222 relinqui-

58 1247 256 1316 noscuntur,
275 1243 361 1305 sicut
374 1258 414 1305 ea
429 1243 540 1304 omnia
554 1243 644 1318 juste
659 1242 808 1318 possides
822 1244 855 1303 et
909 1254 994 1311 mus,
1011 1240 1222 1301 serenitatem
1238 1242 1329 1302 tuam
1345 1242 1501 1316 rogantes
1514 1242 1649 1315 attente,
1663 1261 1704 1305 ac

60 1344 187 1420 quiete,
196 1343 395 1404 auctoritate
409 1339 666 1417 tibiApostolica
677 1339 857 1401 confirma·
911 1337 945 1397 in
973 1338 1112 1398 Domino
1138 1339 1217 1399 Jesu
1244 1338 1392 1410 Christo,
1419 1343 1515 1418 cujus
1541 1357 1636 1402 amor
1661 1343 1702 1404 ad

57 1458 134 1502 mus
147 1445 181 1504 et
191 1440 364 1518 praesentis
378 1439 494 1516 scripti
509 1438 694 1515 patrocinio
707 1453 856 1500 commu·
910 1435 1176 1511 prorogationem
1192 1437 1382 1497 earumdem
1401 1439 1592 1513 treugarum
1606 1440 1704 1515 prin-

57 1541 183 1601 nimus.
208 1539 300 1600 Nulli
315 1553 394 1614 ergo
414 1537 548 1599 omnino
563 1536 734 1597 bominum
757 1535 857 1597 liceat
911 1531 1064 1608 cipaliter
1078 1534 1110 1594 te
1133 1533 1277 1605 induxit,
1299 1533 1454 1595 obnixius
1478 1534 1704 1610 obsecrantes,

58 1638 148 1700 banc
160 1636 316 1716 paginam
330 1636 453 1698 nostrae
468 1634 729 1696 confirmationis
741 1633 858 1694 inirin·
911 1632 1073 1706 qnatenus
1084 1632 1220 1706 treugas
1235 1632 1323 1708 ipsas
1338 1648 1378 1693 ea
1394 1649 1473 1694 cura
1489 1635 1522 1695 et
1531 1633 1705 1710 diligentia

57 1751 151 1812 gere,
177 1735 230 1797 vel
253 1735 285 1796 ei
312 1749 397 1795 ausu
411 1733 588 1795 temerario
614 1732 792 1793 contraire.
822 1731 857 1791 Si
911 1728 1045 1789 studeas
1060 1728 1221 1800 stabilire,
1238 1730 1335 1806 quod,
1354 1733 1421 1792 Deo
1439 1734 1586 1804 auctore,
1602 1749 1706 1809 usque

58 1833 135 1910 quis
149 1834 262 1894 antem
277 1832 340 1892 boc
356 1832 519 1893 attentare
537 1829 795 1906 presumpserit,
810 1829 858 1888 in·
912 1825 953 1885 ad
967 1826 1145 1886 terminum
1159 1827 1357 1889 destinatum
1373 1829 1572 1891 inconcusse
1586 1832 1619 1891 et
1634 1831 1706 1892 illi·

58 1931 288 2007 dignationem
300 1929 535 2005 omnipotentis
555 1927 614 1988 Dei
636 1928 670 1988 et
685 1926 857 1988 beatorum
911 1921 986 1984 bate
1000 1924 1194 1996 consistant,
1204 1940 1264 1986 nec
1280 1925 1347 1986 ullo
1361 1927 1581 2004 temporedici
1591 1929 1705 2004 possit,

58 2029 151 2090 Petri
163 2031 198 2090 et
209 2027 316 2099 Pauli,
334 2027 558 2103 apostolorum
578 2028 662 2102 eJ'us,
677 2039 713 2085 se
728 2023 859 2085 noverit
912 2020 998 2097 quod
1025 2021 1150 2098 aliquid
1180 2022 1302 2085 sactum
1330 2023 1431 2086 fuerit
1458 2026 1620 2101 captiose,
1649 2026 1706 2088 sed

58 2125 285 2186 incursurum.
309 2126 427 2185 Datum
451 2124 564 2184 nome
588 2121 675 2199 apud
700 2122 857 2182 Sanctum
912 2118 1108 2195 simpliciter
1117 2123 1216 2196 atque
1231 2137 1323 2196 pure.
1339 2124 1408 2182 Hoc
1421 2125 1531 2184 autem
1543 2140 1608 2184 noo
1622 2124 1709 2185 dici-

58 2225 208 2293 Petrnm,
238 2224 282 2284 vt
301 2222 376 2282 idus
398 2221 490 2292 maii,
516 2219 728 2297 pontificatus
752 2218 858 2280 nostri
912 2233 995 2287 mus,
1012 2217 1098 2292 quod
1118 2217 1158 2277 de
1176 2220 1233 2279 tua
1249 2220 1440 2281 sinceritate
1459 2221 1548 2281 aliud
1576 2222 1706 2297 cogite-

58 2335 151 2382 anno
165 2320 279 2382 tertio.
913 2330 997 2386 mus,
1008 2315 1064 2376 sed
1081 2316 1117 2376 ut
1129 2315 1307 2377 reddamus
1323 2318 1355 2378 te
1366 2318 1547 2379 sollicitum
1558 2321 1590 2380 et
1598 2321 1709 2381 atten-

915 2414 992 2484 tum,
1006 2428 1048 2473 ue
1065 2429 1125 2487 per
1139 2413 1215 2474 illos
1228 2414 1284 2491 qui
1300 2413 1429 2476 litteras
1444 2415 1590 2478 scribent
1605 2432 1707 2493 super

388 2460 540 2548 CCXVI
664 2566 667 2571 ,
913 2511 976 2571 hoc
996 2510 1176 2581 faciendas,
1201 2511 1303 2572 verba
1323 2515 1489 2589 ponantur
1503 2514 1657 2590 ambigna
1673 2518 1708 2579 et

106 2682 110 2689 ,
132 2599 188 2658 Ad
203 2598 403 2671 Philippum
420 2600 639 2656 mmmm
653 2607 783 2670 tellem-
913 2608 1416 2686 alicujusversutiaeduplicitate
1425 2612 1578 2673 notanda.
1589 2614 1708 2673 Datum

347 2717 382 2774 ld
399 2717 465 2773 maii
483 2715 561 2773 lili.
914 2708 1039 2777 Romae,
1055 2706 1142 2782 apud
1152 2708 1308 2767 Sanctum
1317 2709 1514 2777 Petrum,VI
1524 2709 1599 2770 idus
1612 2711 1705 2784 maii,

59 2830 197 2899 mongum,
211 2831 313 2885 licensil
328 2832 371 2881 des
385 2832 490 2889 Histoe,
504 2835 524 2879 t.
542 2830 611 2888 lilii,
630 2842 655 2894 p.
675 2828 731 2880 cat.
751 2829 859 2893 liegest.,
914 2803 1123 2880 00011000ῑῦ5
1138 2804 1344 2868 11031111111110
1359 2806 1467 2869 101110·

324 2910 369 2961 lib.
380 2911 423 2968 111,
435 2911 509 2975 epist.
520 2909 588 2975 lid]

59 3022 173 3093 trega
188 3018 318 3091 Philippo
333 3019 482 3089 impetrata
495 3015 651 3089 proliberis
665 3017 793 3081 ioannis,
806 3017 861 3073 lto·
1227 2977 1400 3065 CCXVII

97 3109 167 3181 glise
180 3108 268 3179 regis,
284 3105 462 3164 induciarum
476 3104 678 3178 prorogatione
688 3103 723 3161 ad
739 3110 861 3176 quatuor
954 3110 1006 3169 Aa
1019 3111 1224 3183 episcopum,
1245 3115 1416 3174 decanum
1437 3113 1470 3174 et
1491 3114 1670 3175 cantorem

95 3195 241 3263 annos,id
263 3202 377 3268 gratum
404 3193 490 3250 babet
512 3193 666 3260 Honorius,
686 3206 859 3264 quamquam
1213 3212 1406 3272 precem,

96 3285 331 3358 prorogationem
343 3281 474 3340 eamdem
488 3296 537 3338 rex
550 3280 713 3353 iuramento
724 3296 780 3339 suo
795 3296 858 3354 per·
1191 3322 1222 3379 ss
1254 3323 1322 3379 maii
1354 3323 1432 3381 12¹9.

96 3374 237 3431 sonaliter
252 3373 366 3430 llrrnare
380 3371 510 3428 noluerit.
929 3426 1068 3492 [Romen
1079 3427 1136 3478 Rae.
1148 3427 1274 3485 desiliet,
1284 3435 1304 3481 t.
1317 3428 1386 3487 m,
1395 3429 1456 3491 ⁶853
1469 3430 1577 3495 Rom,
1588 3429 1633 3482 lib.
1645 3431 1689 3490 m.

103 3491 270 3552 Honorius
281 3490 467 3566 episcopus,
481 3503 597 3551 servus
608 3503 779 3549 servorum
788 3488 859 3555 Dei,
1234 3507 1388 3574 opstare]
1620 3503 1625 3514 '

60 3588 238 3649 carissimo
259 3588 295 3647 in
310 3587 441 3647 (11111810
456 3585 525 3647 11110
543 3589 658 3647 1108110
673 3585 745 3660 regi
760 3587 862 3646 Fran·
915 3605 1122 3663 dissidentibus
1146 3606 1233 3663 studii
1261 3608 1428 3665 parisiensis
1453 3608 1617 3668 doctoribus
1643 3625 1708 3669 cum
1751 3676 1758 3682 ⁸

60 3701 178 3746 corum
197 3684 332 3756 illustri,
351 3683 492 3745 salutem
516 3684 550 3744 et
566 3683 782 3760 apostolicam
798 3681 860 3744 be·
949 3695 1121 3751 cancellario
1144 3696 1312 3753 Parisiensis
1326 3697 1464 3766 eeclesia,
1488 3701 1537 3770 qui
1556 3701 1710 3772 magistros

60 3783 298 3844 bedictionem.
950 3796 1051 3840 omnes
1065 3791 1094 3840 et
1113 3782 1260 3841 scholares
1276 3787 1580 3844 excommunicationis
1596 3790 1709 3845 vinculo

103 3882 185 3949 Deo,
200 3880 236 3941 in
251 3881 345 3955 cujus
361 3877 601 3938 suntmanibus
616 3876 716 3938 corda
731 3892 858 3951 regum,
950 3870 1119 3942 perculerat,
1142 3871 1259 3929 mandat
1280 3875 1423 3931 Honorius
1446 3883 1478 3932 nt
1498 3890 1513 3932 a
1538 3877 1710 3935 cancellario

61 3979 97 4040 et
108 3979 176 4039 tnae
191 3974 387 4037 celsitudini
402 3976 523 4035 multas
537 3974 721 4048 gratiarnm
741 3973 861 4035 reteri·
948 3960 1005 4015 1110
1016 3960 1158 4016 senentis
1170 3961 1246 4016 nrita
1259 3960 1318 4018 ⁰³¹·

61 4090 138 4135 mus
160 4074 320 4143 actiones,
342 4072 426 4149 quod
443 4071 564 4132 fiducia
589 4086 687 4147 quam
702 4086 720 4131 a
738 4073 860 4132 nostrae
954 4068 1120 4129 Honorius
1133 4069 1624 4144 episcopusservusservornm
1634 4074 1706 4144 Dei,

62 4170 283 4248 promotionis
309 4169 472 4246 principio
501 4168 541 4228 de
568 4168 636 4229 tuae
670 4168 860 4229 serenitatis
915 4164 1098 4226 venerabili
1113 4164 1209 4227 tratri
1231 4168 1361 4229 Herveo
1375 4169 1542 4247 episcopo,
1558 4171 1723 4241 etdileo-¹

61 4269 240 4330 devotione
250 4266 437 4337 babuimus,
448 4281 509 4327 nos
524 4266 637 4343 utique
650 4281 717 4327 non
730 4264 858 4337 fefellit,
913 4263 956 4324 tis
969 4262 1049 4323 nliis
1064 4262 1189 4325 decano
1205 4264 1414 4340 Stephanoet
1423 4267 1551 4329 cantori
1561 4270 1708 4331 Trecen-

61 4365 122 4426 sed
149 4364 377 4442 multipliciter
402 4365 454 4424 est
486 4365 619 4425 tuorum
652 4362 860 4424 exhibitione
914 4359 1017 4432 sibus,
1034 4361 1176 4422 salutem
1203 4361 1237 4424 et
1263 4364 1480 4439 apostolicam
1503 4365 1710 4430 benedictio-

60 4478 202 4539 operum
217 4461 390 4534 roborata;
405 4461 635 4537 propterquod
647 4459 707 4520 illa
719 4460 859 4522 sincerae
914 4473 1000 4518 nem.
1714 4470 1716 4475 ·

59 4560 254 4621 dilectionis
264 4558 407 4628 affectio,
422 4573 520 4634 quam
528 4557 570 4618 ad
585 4572 761 4633 personam
769 4560 859 4619 tuam
955 4555 990 4616 Si
1018 4554 1189 4618 doctorum
1213 4559 1247 4619 et
1268 4557 1506 4635 discipulorum
1533 4563 1709 4626 Parisien·

60 4652 353 4715 babuimusetiam
367 4653 402 4712 in
413 4652 535 4713 minori
557 4652 665 4713 olilcio
677 4652 858 4722 constituti,
914 4652 1001 4713 sium
1015 4653 1217 4715 universitas
1235 4658 1408 4732 perspicue
1425 4659 1474 4719 sic
1486 4660 1634 4734 graviter
1648 4676 1709 4721 ex-

59 4751 185 4812 merito
193 4750 234 4812 de
247 4750 302 4811 die
310 4749 345 4811 in
356 4749 443 4811 diem
455 4749 597 4825 suscipit
606 4749 857 4810 incrementum.
914 4751 1080 4821 cessisset,
1098 4753 1261 4812 uteorum
1283 4755 1381 4831 culpa
1402 4770 1464 4817 nec
1483 4756 1615 4831 palliari
1631 4773 1709 4835 pos-

61 4851 157 4911 Inter
175 4849 296 4909 caetara
315 4863 405 4917 vero,
426 4862 500 4923 quae
524 4846 564 4906 ad
593 4861 709 4922 preces
728 4848 860 4908 nostras
915 4848 974 4918 set,
993 4862 1055 4908 nec
1079 4848 1241 4924 impunita
1261 4850 1415 4927 relinqui,
1431 4853 1532 4913 onte
1550 4855 1660 4916 tamen
1676 4857 1710 4917 et

60 4947 257 5023 requenter
270 4944 348 5006 iecit
370 4947 427 5006 tua
447 4944 622 5010 serenitas,
645 4944 730 5004 nibil
753 4944 860 5020 magis
914 4947 980 5005 tam
994 4945 1179 5006 venerabili
1193 4946 1398 5008 multitudini
1417 4947 1584 5012 decuisset
1597 4951 1633 5012 in
1646 4952 1710 5013 boc
1751 4978 1753 4983 v

60 5045 239 5119 gratanter
258 5043 457 5119 accepimus,
478 5057 577 5119 quam
601 5041 688 5118 quod
711 5041 753 5102 ad
778 5057 859 5119 pre·
915 5042 1032 5103 saltem
1047 5041 1180 5113 deterri,
1198 5045 1233 5104 ut
1247 5043 1288 5104 ad
1312 5060 1444 5120 poenam
1463 5063 1529 5108 non
1546 5049 1708 5124 procede-

61 5156 141 5202 cum
166 5140 355 5202 nostrarum
377 5139 580 5210 instantiam,
604 5141 715 5199 Terrae
730 5141 861 5201 Sanctae
914 5140 1006 5200 retur
1027 5139 1187 5216 ipsorum,
1209 5141 1275 5201 nisi
1298 5143 1497 5218 apostolicae
1523 5146 1618 5206 Sedis
1632 5162 1712 5207 sen-

60 5235 320 5300 necassitatibus
334 5238 367 5298 et
378 5237 510 5310 negotio
522 5236 764 5311 albigensium,
774 5237 861 5298 sicut
914 5237 1018 5298 tentia
1040 5237 1212 5314 requisita.
1237 5239 1300 5300 Sed
1319 5242 1439 5303 vicarii
1461 5258 1522 5303 seu
1550 5258 1712 5320 procura-

60 5335 276 5398 clementiam
289 5336 378 5394 tuam
390 5332 512 5404 decuit,
530 5333 584 5409 pia
601 5335 634 5394 et
646 5333 861 5409 providame-
915 5336 1003 5395 tores
1028 5335 1229 5398 venerabilis
1252 5337 1365 5400 fratris
1390 5341 1495 5400 nostri
1510 5341 1711 5401 parisiensis

61 5431 227 5493 ditatione
241 5430 399 5507 pensatis,
414 5431 552 5507 treugas
566 5429 645 5490 olim
664 5430 753 5491 inter
775 5433 808 5492 te
820 5446 861 5493 ac
914 5431 1062 5508 episcopi
1079 5431 1185 5510 (Petri
1200 5433 1240 5494 de
1260 5435 1444 5514 Nemosio),
1461 5452 1500 5497 ac
1522 5438 1713 5514 specialiter

61 5531 166 5591 claras
192 5528 361 5589 memoriae
385 5527 570 5590 iohannem
594 5542 707 5602 regem
731 5528 860 5603 angliae
915 5528 1136 5589 cancellarius
1161 5532 1374 5604 Parisiensis,
1389 5533 1444 5611 qui
1472 5550 1556 5595 nnus
1578 5535 1711 5596 illorum

61 5626 167 5687 initas
181 5625 307 5688 duxisti
330 5625 521 5703 specialiter
535 5641 595 5702 pro
619 5623 731 5686 divino
747 5640 861 5687 amore
914 5626 1040 5697 existit,
1054 5625 1117 5688 troc
1132 5642 1339 5706 nequaquam
1356 5633 1391 5694 nt
1411 5630 1523 5693 decuit
1537 5634 1712 5697 attenden-

191 5778 308 5823 rnrnoc.
327 5779 400 5822 rotas
415 5766 464 5822 lll.
1521 5773 1538 5828 g
