3774 6186
72 238 134 300 799

71 396 249 479 provideas
260 394 476 476 prebendati,
491 396 529 459 ut
542 411 586 459 ex
599 395 736 459 bocatii
750 395 792 459 ad
803 394 867 460 ob-

70 495 223 573 seqrrinm
252 500 344 559 tuum
372 493 490 557 fortius
516 494 723 567 animentur,
750 494 783 557 et
805 509 868 556 nos

70 592 281 657 devotionem
291 595 381 654 trram
393 593 559 669 possimus
572 592 690 654 merito
704 606 868 653 commen·

70 688 163 751 dare.
179 691 298 752 Datum
314 690 483 762 Laterani,
498 688 607 751 idibus
618 688 742 762 martii,
756 687 869 767 ponti-

70 785 188 849 ficatus
200 786 307 851 nostri
321 801 410 848 anno
425 786 554 865 quinto.

389 1000 553 1089 CCXCV

157 1144 211 1207 Ad
223 1146 519 1221 orsrbtrptscopurn
532 1144 776 1204 senonensem.

354 1266 389 1325 rs
403 1274 487 1324 mart.
504 1262 585 1324 lffl.

98 1383 224 1449 sstem,
233 1382 280 1434 lib.
293 1384 327 1442 f,
339 1382 414 1447 epist.
424 1381 480 1432 mr.
491 1383 550 1433 llas.
563 1382 600 1433 La
608 1381 686 1432 Porta
695 1378 730 1431 dn
739 1378 835 1443 fissit]

67 1500 186 1563 blandai
205 1500 232 1559 et
250 1504 283 1558 ut
301 1499 448 1572 querelam
471 1498 546 1556 luter
563 1498 719 1572 capitulum
740 1504 770 1555 et
787 1497 866 1572 epis·

164 1603 270 1662 capum
285 1588 478 1647 parisiensem
492 1586 586 1660 sopiat
597 1593 626 1644 ct
640 1584 768 1644 definiat.

105 1715 287 1786 Honorius,
310 1715 387 1788 ete,
414 1711 600 1776 venerabili
628 1711 725 1775 fratri
753 1710 868 1775 archi-

63 1813 224 1890 episcopo
244 1815 412 1874 senonen.

105 1913 213 2004 qum
222 1908 863 1988 capitulumParisiendeceatomninm,

64 2020 107 2072 ac
126 2008 320 2087 specialiter
335 2007 538 2070 venerabilis
559 2007 674 2070 fratris
695 2005 801 2068 nostri
803 2049 864 2066 .....

65 2106 215 2185 episcopi
241 2107 406 2173 Parisieu.
437 2106 596 2167 affectare
623 2105 808 2177 caritatem,
832 2105 867 2165 et

65 2219 195 2283 pacem,
209 2204 260 2266 eis
276 2219 336 2281 per
349 2205 483 2267 nostras
497 2203 627 2265 litteras
642 2201 797 2264 duximus
809 2201 866 2262 in·

64 2301 259 2375 hibendum,
282 2317 326 2365 ne
353 2299 531 2364 occasione
556 2300 700 2378 alicujus
726 2301 864 2361 contro-

63 2399 185 2463 versiae
199 2400 368 2472 intereos,
385 2400 419 2462 et
432 2400 541 2476 ipsum
554 2398 746 2475 episcopum
761 2411 866 2458 emer·

63 2499 176 2575 gentis
203 2514 224 2560 a
248 2497 373 2559 divinis
401 2499 534 2559 cessent
552 2495 684 2566 officiis,
706 2493 864 2571 quamdiu

63 2596 152 2659 idem
173 2595 350 2673 episcopus
372 2595 508 2670 paratus
532 2592 596 2654 erit
613 2592 703 2652 stare
721 2590 862 2666 justitiae

63 2710 179 2758 eoram
203 2694 247 2765 te,
268 2691 321 2753 vel
343 2690 478 2751 arbitris
498 2688 718 2749 communiter
734 2686 863 2762 eligen-

63 2791 133 2864 dis;
149 2788 292 2865 ideoque
299 2784 502 2847 fraternitati
515 2786 582 2846 tue
597 2799 657 2861 per
670 2783 860 2861 apostolica

61 2887 188 2962 scripta
198 2883 406 2953 mandamus,
416 2884 581 2959 quatenus
596 2880 626 2942 si
639 2881 762 2943 dictum
773 2881 861 2959 eapi-

60 2985 167 3047 tulum
180 2995 288 3051 saeue,
299 2979 385 3057 quod
401 2995 469 3041 non
486 2979 664 3050 credimus,
676 2994 862 3075 praespmp-

62 3073 860 3151 serintattentare,tueosadquerelamejusdem

61 3172 210 3253 episcopi
231 3173 354 3245 taliter,
382 3172 607 3250 appellatione
630 3173 769 3243 remota,
791 3186 861 3232 cas·

59 3273 157 3349 figes,
181 3271 267 3348 quod
296 3271 421 3331 similia
446 3272 536 3332 metu
559 3285 667 3346 poenae
694 3270 859 3331 attentare

61 3367 252 3432 formident.
276 3369 394 3429 Datum
414 3367 583 3439 Laterani,
600 3366 710 3427 idibus
733 3366 858 3435 martii,

61 3482 151 3531 anno
165 3465 293 3542 quinto.
423 3511 429 3519 .

382 3631 567 3718 CCXCVI

73 3854 77 3863 Ι
132 3779 185 3840 Ad
204 3771 449 3850 hisembertum
474 3774 782 3850 archiepiscopum.

347 3891 480 3951 ismara
496 3892 577 3951 lffl.

224 4006 325 4072 [blansi
336 4006 434 4060 Concil.
447 4007 608 4069 ooll.,1Xll,
620 4009 702 4075 1099]

691 235 868 300 HONORII
890 235 934 297 111
955 234 1105 297 OPERA.

1574 200 1579 205 ’
1661 238 1724 299 rm

922 392 1003 455 dare
1014 392 1133 456 merito
1148 390 1337 457 debeamus.
1354 396 1403 458 sd
1419 394 1492 460 baec
1507 395 1539 458 si
1557 411 1645 475 quas
1659 396 1724 459 ad-

922 489 1071 552 vocatias
1089 506 1210 554 vacare
1231 494 1416 570 contigerit,
1442 510 1603 572 expresse
1628 496 1724 557 inbi-

922 587 1029 651 beatis
1051 589 1202 651 ecclesiis
1221 582 1262 651 aa
1285 607 1368 668 quas
1390 594 1552 669 spectant,
1575 609 1621 654 ne
1643 593 1721 656 illas

921 685 1074 747 conferre
1084 688 1296 763 presumant,
1310 688 1366 750 sed
1380 690 1451 750 suis
1465 692 1585 753 curent
1601 691 1721 754 usibus

922 783 1109 860 applicare3
1134 784 1214 845 illud
1243 785 1427 849 districtius
1456 788 1654 850 inhibentes
1677 805 1721 852 ne

922 895 989 941 una
1019 881 1161 943 eeclesia
1193 883 1305 960 plures
1330 884 1508 948 advocatos
1544 890 1719 963 assumat;

922 994 1023 1055 quum
1032 978 1252 1041 ministerium
1263 980 1499 1044 advocatorum
1509 983 1718 1060 hujusmodi,

921 1074 1008 1150 qued
1022 1074 1064 1136 ad
1078 1076 1294 1139 ecclesiarum
1310 1079 1589 1156 tranquillitatem
1605 1083 1719 1142 nosci-

920 1171 976 1235 tur
1002 1171 1106 1235 fuisse
1135 1175 1315 1252 provisum,
1343 1177 1384 1238 ad
1412 1179 1631 1240 vexationem
1658 1195 1719 1256 per

921 1282 1036 1329 eorum
1060 1271 1293 1347 usurpationes
1318 1275 1445 1336 constet
1470 1289 1547 1336 esse
1573 1291 1719 1336 conver-

921 1380 1006 1426 sum.
1025 1368 1144 1429 Datum
1158 1369 1326 1442 Laterani,
1346 1370 1420 1432 idus
1434 1372 1561 1446 martii,
1579 1373 1718 1448 pontili-

921 1463 1015 1525 catus
1029 1464 1135 1526 nostri
1149 1480 1237 1528 anno
1252 1467 1378 1544 quinto.

1211 1662 1413 1752 CCXCVII

919 1805 972 1865 Ad
981 1805 1139 1879 priorem
1153 1807 1290 1869 Sonetoe
1304 1810 1493 1884 Genoeesce,
1505 1811 1713 1884 Goaasridnm

958 1904 1237 1964 archidiaconum
1252 1905 1287 1967 et
1299 1907 1509 1983 magristrum
1520 1909 1714 1971 Gtroudum

958 2003 1161 2062 corrosionem
1174 2005 1422 2066 Peristernem.

1202 2120 1237 2181 {5
1251 2133 1334 2182 marl.
1348 2125 1426 2184 iffi.

1005 2236 1073 2303 [Has
1084 2237 1149 2288 latin
1163 2237 1226 2290 sebe
1239 2240 1271 2299 Α,
1283 2240 1460 2306 bibliotheque
1471 2237 1632 2310 Nationale]
1702 2310 1706 2317 Ι

983 2356 1020 2415 Ut
1033 2356 1067 2414 G.
1086 2355 1123 2413 de
1135 2356 1319 2416 calvimontis
1333 2372 1349 2415 a
1361 2357 1486 2416 Blaneba
1498 2362 1650 2420 comitissa

1024 2445 1221 2518 resipiscerea
1237 2448 1391 2519 premissis
1403 2449 1609 2521 compellatur.

956 2562 1124 2622 Honorius
1134 2563 1320 2639 episeopus,
1330 2580 1446 2627 servus
1456 2570 1709 2642 servorumltci,

916 2656 1048 2719 dilectis
1063 2659 1142 2720 tiliis
1157 2661 1261 2737 priori
1277 2664 1406 2724 sancte
1421 2666 1617 2739 Genovefae,
1632 2671 1712 2728 Gau·

916 2753 1002 2817 frido
1016 2756 1254 2819 archidiacono
1269 2763 1302 2821 et
1314 2761 1475 2836 magistro
1490 2763 1643 2827 Giraudo
1657 2782 1712 2827 ca·

916 2853 1038 2914 nonico
1050 2854 1230 2924 Parisien„
1243 2856 1396 2928 salutem,
1411 2860 1478 2920 ete.

955 2950 1074 3012 Dilecti
1098 2952 1160 3012 filii
1184 2952 1305 3015 fratres
1326 2955 1454 3016 militiae
1476 2958 1599 3034 templi
1621 2959 1712 3035 regni

914 3048 1065 3110 Franciae
1096 3050 1193 3111 nobis
1224 3051 1396 3113 insinuare
1429 3056 1599 3118 curarunt
1628 3057 1709 3134 quod

914 3145 952 3203 G.
972 3145 1200 3219 calvimontis,
1223 3148 1361 3224 Lingon.
1387 3149 1561 3224 dioecesis,
1586 3170 1712 3231 praepo-

914 3241 998 3304 situs
1027 3243 1150 3306 nobilis
1179 3246 1329 3307 mulieris
1352 3248 1537 3310 comitissae
1570 3253 1710 3328 Campa-

914 3339 991 3414 niae,
1005 3343 1180 3404 sententiis
1201 3342 1427 3419 delegatorum
1442 3349 1641 3410 nostrorum
1656 3365 1710 3427 pa·

914 3453 989 3499 rere
1020 3441 1147 3502 temere
1171 3441 1419 3515 contradicens,
1449 3448 1708 3523 compositiones

913 3534 1045 3596 babilas
1059 3553 1133 3598 cum
1145 3538 1269 3599 eisdem
1280 3539 1392 3601 renuit
1400 3540 1601 3606 observare.
1610 3548 1708 3618 Quan-

914 3648 1013 3709 quam
1028 3638 1163 3712 propter
1175 3635 1239 3698 boc
1260 3640 1625 3705 excommunicationis
1639 3646 1707 3705 vin-

913 3731 1705 3806 eulefuitinnodatus‚insuatamencentumacia

912 3843 1143 3905 perseverans,
1159 3832 1358 3893 sententiam
1376 3833 1488 3910 ipsam
1509 3837 1548 3899 in
1568 3856 1639 3902 suae
1658 3856 1706 3901 sa·

913 3926 993 3988 lutis
1007 3926 1216 4005 dispendium
1232 3931 1265 3992 et
1276 3930 1499 4007 plurimorum
1518 3939 1704 4001 scandalum

911 4024 1099 4100 vilipendit.
1121 4027 1283 4099 Quocirca
1303 4027 1502 4093 discretioni
1517 4039 1641 4098 vestrae
1654 4051 1705 4114 per

114 4114 376 4177 Dendrocatorum
392 4115 594 4174 vexationibus
603 4123 634 4174 et
648 4115 807 4176 advesariis
912 4123 1104 4199 apostolica
1137 4124 1261 4200 scripta
1297 4125 1516 4201 mandamus,
1549 4139 1703 4211 quatenus

367 4204 549 4263 Wfflsstibffl·
911 4219 1062 4281 eamdem
1076 4222 1279 4284 comitissam
1300 4226 1468 4289 moneatis
1484 4232 1665 4306 prudenter
1676 4234 1703 4293 et

100 4324 183 4385 Cum
207 4320 357 4399 plerique
377 4320 531 4383 advocati
551 4321 770 4385 ecelesiarum
792 4323 857 4386 ad·
911 4315 1701 4405 efficaciterinducatis,uteumdemapremissis

60 4419 247 4486 vocationis
269 4417 465 4495 obsequium
488 4420 722 4482 convertentes
739 4421 776 4482 in
797 4421 859 4485 do-
911 4415 1121 4492 resipiscere‚
1145 4419 1308 4494 potestate
1328 4418 1393 4481 sihi
1415 4423 1544 4488 tradita
1566 4426 1702 4505 compel-

60 4515 255 4580 minauoms
276 4513 428 4585 abusum,
450 4513 612 4575 ecclesias
633 4515 723 4594 ipsas
743 4518 860 4595 oppri-
912 4512 1022 4585 lende,
1030 4512 1155 4574 eisdem
1166 4513 1325 4577 fratribus
1337 4516 1384 4578 ita
1395 4519 1534 4596 plenam
1545 4526 1701 4603 justitiam

61 4614 156 4677 mant
172 4612 206 4674 et
228 4610 391 4688 affligant,
419 4608 622 4674 fraternitati
649 4615 771 4677 vestrae
797 4631 859 4693 per
911 4609 1065 4672 exbiberi
1087 4610 1189 4674 faciat
1206 4613 1249 4675 ab
1272 4614 1388 4677 eodem
1412 4620 1502 4696 quod
1528 4622 1596 4700 ipsi
1617 4639 1701 4701 prop

60 4709 251 4790 apostolica
283 4710 409 4787 scripta
445 4708 659 4783 mandamus,
694 4713 858 4788 quatenus
911 4709 963 4770 ter
979 4707 1043 4769 hoe
1063 4724 1158 4770 suam
1178 4710 1220 4770 ad
1240 4727 1302 4774 nos
1319 4729 1385 4774 non
1405 4720 1575 4792 cogantur
1587 4721 1700 4784 iterare

60 4807 223 4871 eeclesias
245 4810 433 4870 vestrarum
459 4807 639 4869 dioecesum
667 4805 766 4888 (stc),
794 4809 859 4871 bu·
911 4803 1081 4883 querelam
1096 4822 1223 4884 nosque
1241 4809 1453 4874 devotionem
1473 4815 1583 4893 ipsius
1596 4818 1699 4896 possi-

60 4918 162 4967 mano
187 4919 302 4965 amore
324 4920 365 4966 ac
386 4904 554 4966 mundano
575 4904 694 4966 timore
722 4907 859 4983 postpo-
911 4918 985 4964 mus
998 4903 1118 4966 merito
1132 4907 1377 4970 commendare.
1398 4912 1495 4982 Quod
1510 4915 1542 4976 si
1556 4932 1623 4978 non
1637 4932 1701 4977 onr-

61 5001 149 5071 sitis,
166 5000 208 5061 ab
227 5001 464 5075 advocatorum
483 5001 717 5063 vexationibus
745 5001 858 5065 taliter
910 5017 971 5062 nes
994 5000 1048 5063 bis
1075 5004 1297 5082 exsequendis
1322 5008 1503 5084 potueritis
1532 5013 1698 5085 interesse,

61 5096 241 5160 defendere
256 5097 428 5173 studeatis,
442 5099 529 5176 qued
545 5115 605 5176 per
616 5099 762 5160 studium
780 5116 858 5163 ves-
911 5099 976 5161 duo
996 5100 1144 5162 vestrum
1165 5118 1206 5163 ea
1226 5103 1447 5169 nibilominus
1470 5116 1699 5190 exsequantur.

12 5200 23 5209 “
61 5196 153 5259 trum
179 5210 199 5256 a
226 5194 297 5256 suis
325 5196 455 5272 possint
481 5196 645 5274 angustiis
670 5196 855 5275 respirare,
910 5197 1029 5259 Datum
1044 5200 1213 5270 Laterani,
1226 5199 1338 5264 idibus
1351 5206 1478 5282 martii,
1494 5211 1700 5287 pontificatus

62 5306 190 5368 nosque
217 5292 478 5355 sollicitudinem
507 5295 653 5357 vestram
685 5309 857 5359 commen·
911 5294 1117 5359 nostrianno
1130 5298 1258 5376 quinto.
