<?xml version="1.0" encoding="UTF-8"?>
<!DOCTYPE html PUBLIC "-//W3C//DTD XHTML 1.0 Transitional//EN"
    "http://www.w3.org/TR/xhtml1/DTD/xhtml1-transitional.dtd">
<html xmlns="http://www.w3.org/1999/xhtml" xml:lang="en" lang="en">
 <head>
  <title>
</title>
<meta http-equiv="Content-Type" content="text/html;charset=utf-8" />
  <meta name='ocr-system' content='tesseract 3.04.00' />
  <meta name='ocr-capabilities' content='ocr_page ocr_carea ocr_par ocr_line ocrx_word'/>
</head>
<body>
  <div class='ocr_page' id='page_1' title='image "./mediiaevibiblio00horogoog_0082.png"; bbox 0 0 3774 6186; ppageno 0'>
   <div class='ocr_carea' id='block_1_1' title="bbox 122 264 1773 348">
    <p class='ocr_par' dir='ltr' id='par_1_1' title="bbox 122 264 1773 348">
     <span class='ocr_line' id='line_1_1' title="bbox 122 264 1773 348; baseline 0.003 -6"><span class='ocrx_word' id='word_1_1' title='bbox 122 283 180 342; x_wconf 70' lang='lat' dir='ltr'><strong>rao</strong></span> <span class='ocrx_word' id='word_1_2' title='bbox 744 287 970 348; x_wconf 70' lang='lat' dir='ltr'><strong>nrrs&#39;ronm.</strong></span> <span class='ocrx_word' id='word_1_3' title='bbox 995 264 1072 347; x_wconf 74' lang='lat' dir='ltr'><strong>niu.</strong></span> <span class='ocrx_word' id='word_1_4' title='bbox 1098 287 1152 348; x_wconf 88' lang='lat'>111.</span> <span class='ocrx_word' id='word_1_5' title='bbox 1716 289 1773 347; x_wconf 75' lang='lat'><strong>130</strong></span> 
     </span>
    </p>
   </div>
   <div class='ocr_carea' id='block_1_2' title="bbox 118 430 1772 719">
    <p class='ocr_par' dir='ltr' id='par_1_2' title="bbox 118 430 1772 719">
     <span class='ocr_line' id='line_1_2' title="bbox 119 430 1770 523; baseline 0.002 -19"><span class='ocrx_word' id='word_1_6' title='bbox 119 442 351 515; x_wconf 69' lang='lat' dir='ltr'><strong>conderemus</strong></span> <span class='ocrx_word' id='word_1_7' title='bbox 369 443 528 507; x_wconf 84' lang='lat' dir='ltr'><strong>habentes</strong></span> <span class='ocrx_word' id='word_1_8' title='bbox 547 445 731 523; x_wconf 88' lang='lat' dir='ltr'><strong>utriusque,</strong></span> <span class='ocrx_word' id='word_1_9' title='bbox 751 447 830 508; x_wconf 85' lang='lat' dir='ltr'><strong>lieet</strong></span> <span class='ocrx_word' id='word_1_10' title='bbox 853 446 919 507; x_wconf 90' lang='lat' dir='ltr'><strong>im·</strong></span> <span class='ocrx_word' id='word_1_11' title='bbox 972 445 1147 510; x_wconf 86' lang='lat' dir='ltr'><strong>Henricus.</strong></span> <span class='ocrx_word' id='word_1_12' title='bbox 1173 444 1348 516; x_wconf 84' lang='lat' dir='ltr'><strong>Ricardus,</strong></span> <span class='ocrx_word' id='word_1_13' title='bbox 1377 445 1561 514; x_wconf 81' lang='lat' dir='ltr'><strong>lohannes,</strong></span> <span class='ocrx_word' id='word_1_14' title='bbox 1589 430 1770 522; x_wconf 71' lang='lat' dir='ltr'><strong>anglorum</strong></span> 
     </span>
     <span class='ocr_line' id='line_1_3' title="bbox 118 537 1772 622; baseline 0.005 -25"><span class='ocrx_word' id='word_1_15' title='bbox 118 537 245 609; x_wconf 91' lang='lat' dir='ltr'><strong>meriti,</strong></span> <span class='ocrx_word' id='word_1_16' title='bbox 263 539 469 615; x_wconf 85' lang='lat' dir='ltr'><strong>potestatem,</strong></span> <span class='ocrx_word' id='word_1_17' title='bbox 490 539 687 602; x_wconf 80' lang='lat' dir='ltr'><strong>auctoritate</strong></span> <span class='ocrx_word' id='word_1_18' title='bbox 704 541 918 618; x_wconf 77' lang='lat' dir='ltr'><strong>praesentium</strong></span> <span class='ocrx_word' id='word_1_19' title='bbox 973 557 1080 620; x_wconf 91' lang='lat' dir='ltr'><strong>reges,</strong></span> <span class='ocrx_word' id='word_1_20' title='bbox 1115 545 1174 605; x_wconf 90' lang='lat' dir='ltr'><strong>aut</strong></span> <span class='ocrx_word' id='word_1_21' title='bbox 1199 543 1256 603; x_wconf 87' lang='lat' dir='ltr'><strong>alii</strong></span> <span class='ocrx_word' id='word_1_22' title='bbox 1286 543 1399 605; x_wconf 88' lang='lat' dir='ltr'><strong>lideles</strong></span> <span class='ocrx_word' id='word_1_23' title='bbox 1426 544 1466 605; x_wconf 90' lang='lat' dir='ltr'><strong>de</strong></span> <span class='ocrx_word' id='word_1_24' title='bbox 1495 560 1555 606; x_wconf 90' lang='lat' dir='ltr'><strong>suo</strong></span> <span class='ocrx_word' id='word_1_25' title='bbox 1569 547 1647 622; x_wconf 84' lang='lat' dir='ltr'><strong>jure</strong></span> <span class='ocrx_word' id='word_1_26' title='bbox 1663 545 1772 606; x_wconf 89' lang='lat' dir='ltr'><strong>vestro</strong></span> 
     </span>
     <span class='ocr_line' id='line_1_4' title="bbox 118 634 1771 719; baseline 0.004 -24"><span class='ocrx_word' id='word_1_27' title='bbox 118 634 343 708; x_wconf 80' lang='lat' dir='ltr'>declaramus,</span> <span class='ocrx_word' id='word_1_28' title='bbox 369 637 454 714; x_wconf 88' lang='lat' dir='ltr'><strong>quod</strong></span> <span class='ocrx_word' id='word_1_29' title='bbox 482 638 560 699; x_wconf 88' lang='lat' dir='ltr'><strong>licet</strong></span> <span class='ocrx_word' id='word_1_30' title='bbox 579 640 737 700; x_wconf 83' lang='lat' dir='ltr'><strong>statutum</strong></span> <span class='ocrx_word' id='word_1_31' title='bbox 759 639 861 700; x_wconf 88' lang='lat' dir='ltr'><strong>luerit</strong></span> <span class='ocrx_word' id='word_1_32' title='bbox 883 640 918 700; x_wconf 90' lang='lat' dir='ltr'><strong>iu</strong></span> <span class='ocrx_word' id='word_1_33' title='bbox 974 641 1176 702; x_wconf 89' lang='lat' dir='ltr'><strong>monasterio</strong></span> <span class='ocrx_word' id='word_1_34' title='bbox 1199 642 1420 712; x_wconf 84' lang='lat' dir='ltr'><strong>contulerunt,</strong></span> <span class='ocrx_word' id='word_1_35' title='bbox 1437 658 1652 719; x_wconf 85' lang='lat' dir='ltr'><strong>quaecumque</strong></span> <span class='ocrx_word' id='word_1_36' title='bbox 1672 643 1771 704; x_wconf 86' lang='lat' dir='ltr'><strong>etiarn</strong></span> 
     </span>
    </p>
   </div>
   <div class='ocr_carea' id='block_1_3' title="bbox 114 732 1852 5407">
    <p class='ocr_par' dir='ltr' id='par_1_3' title="bbox 117 732 1775 2405">
     <span class='ocr_line' id='line_1_5' title="bbox 118 732 1772 817; baseline 0.004 -23"><span class='ocrx_word' id='word_1_37' title='bbox 118 732 272 794; x_wconf 85' lang='lat' dir='ltr'><strong>Concilio</strong></span> <span class='ocrx_word' id='word_1_38' title='bbox 299 733 460 810; x_wconf 88' lang='lat' dir='ltr'><strong>generali,</strong></span> <span class='ocrx_word' id='word_1_39' title='bbox 477 738 514 797; x_wconf 95' lang='lat' dir='ltr'><strong>ut</strong></span> <span class='ocrx_word' id='word_1_40' title='bbox 539 736 661 797; x_wconf 84' lang='lat' dir='ltr'><strong>fratres</strong></span> <span class='ocrx_word' id='word_1_41' title='bbox 677 736 804 797; x_wconf 82' lang='lat' dir='ltr'>ordinis</span> <span class='ocrx_word' id='word_1_42' title='bbox 826 739 920 797; x_wconf 77' lang='lat' dir='ltr'><strong>Prae·</strong></span> <span class='ocrx_word' id='word_1_43' title='bbox 973 737 1080 814; x_wconf 92' lang='lat' dir='ltr'><strong>ipsum</strong></span> <span class='ocrx_word' id='word_1_44' title='bbox 1090 739 1772 817; x_wconf 80' lang='lat' dir='ltr'><strong>monasteriuminpraesentiarumjusteac</strong></span> 
     </span>
     <span class='ocr_line' id='line_1_6' title="bbox 118 832 1772 913; baseline 0.005 -22"><span class='ocrx_word' id='word_1_45' title='bbox 118 832 375 894; x_wconf 84' lang='lat' dir='ltr'><strong>monstratensis</strong></span> <span class='ocrx_word' id='word_1_46' title='bbox 386 832 427 894; x_wconf 91' lang='lat' dir='ltr'><strong>de</strong></span> <span class='ocrx_word' id='word_1_47' title='bbox 437 833 557 895; x_wconf 88' lang='lat' dir='ltr'><strong>alienis</strong></span> <span class='ocrx_word' id='word_1_48' title='bbox 570 834 680 906; x_wconf 89' lang='lat' dir='ltr'><strong>terris,</strong></span> <span class='ocrx_word' id='word_1_49' title='bbox 695 836 759 896; x_wconf 89' lang='lat' dir='ltr'><strong>eta</strong></span> <span class='ocrx_word' id='word_1_50' title='bbox 771 837 919 911; x_wconf 89' lang='lat' dir='ltr'><strong>tempore</strong></span> <span class='ocrx_word' id='word_1_51' title='bbox 973 837 1352 913; x_wconf 86' lang='lat' dir='ltr'><strong>eanonicepossidetaul</strong></span> <span class='ocrx_word' id='word_1_52' title='bbox 1362 838 1394 898; x_wconf 91' lang='lat' dir='ltr'><strong>in</strong></span> <span class='ocrx_word' id='word_1_53' title='bbox 1404 837 1772 899; x_wconf 85' lang='lat' dir='ltr'><strong>luturumconcessione</strong></span> 
     </span>
     <span class='ocr_line' id='line_1_7' title="bbox 117 929 1770 1014; baseline 0.005 -26"><span class='ocrx_word' id='word_1_54' title='bbox 117 929 273 1006; x_wconf 82' lang='lat' dir='ltr'><strong>praedicti</strong></span> <span class='ocrx_word' id='word_1_55' title='bbox 281 929 420 991; x_wconf 81' lang='lat' dir='ltr'><strong>concilii</strong></span> <span class='ocrx_word' id='word_1_56' title='bbox 428 931 650 1008; x_wconf 88' lang='lat' dir='ltr'><strong>acquirendis,</strong></span> <span class='ocrx_word' id='word_1_57' title='bbox 661 932 690 993; x_wconf 92' lang='lat' dir='ltr'><strong>si</strong></span> <span class='ocrx_word' id='word_1_58' title='bbox 702 948 759 994; x_wconf 87' lang='lat' dir='ltr'><strong>eas</strong></span> <span class='ocrx_word' id='word_1_59' title='bbox 775 932 919 1009; x_wconf 88' lang='lat' dir='ltr'><strong>propriis</strong></span> <span class='ocrx_word' id='word_1_60' title='bbox 974 934 1176 1010; x_wconf 85' lang='lat' dir='ltr'><strong>pontificum,</strong></span> <span class='ocrx_word' id='word_1_61' title='bbox 1192 935 1369 1011; x_wconf 80' lang='lat' dir='ltr'>largitione</span> <span class='ocrx_word' id='word_1_62' title='bbox 1384 951 1499 1011; x_wconf 90' lang='lat' dir='ltr'><strong>regum</strong></span> <span class='ocrx_word' id='word_1_63' title='bbox 1511 937 1561 996; x_wconf 91' lang='lat' dir='ltr'><strong>vel</strong></span> <span class='ocrx_word' id='word_1_64' title='bbox 1571 937 1770 1014; x_wconf 80' lang='lat' dir='ltr'><strong>principum,</strong></span> 
     </span>
     <span class='ocr_line' id='line_1_8' title="bbox 118 1026 1770 1110; baseline 0.004 -24"><span class='ocrx_word' id='word_1_65' title='bbox 118 1026 277 1088; x_wconf 88' lang='lat' dir='ltr'><strong>manibus</strong></span> <span class='ocrx_word' id='word_1_66' title='bbox 287 1030 345 1090; x_wconf 89' lang='lat' dir='ltr'><strong>aut</strong></span> <span class='ocrx_word' id='word_1_67' title='bbox 359 1029 543 1105; x_wconf 88' lang='lat' dir='ltr'><strong>sumptibus</strong></span> <span class='ocrx_word' id='word_1_68' title='bbox 554 1030 772 1102; x_wconf 81' lang='lat' dir='ltr'><strong>excoluerint,</strong></span> <span class='ocrx_word' id='word_1_69' title='bbox 788 1030 921 1092; x_wconf 86' lang='lat' dir='ltr'><strong>solvant</strong></span> <span class='ocrx_word' id='word_1_70' title='bbox 974 1029 1140 1092; x_wconf 89' lang='lat' dir='ltr'><strong>oblatione</strong></span> <span class='ocrx_word' id='word_1_71' title='bbox 1168 1031 1325 1103; x_wconf 82' lang='lat' dir='ltr'><strong>fidelium,</strong></span> <span class='ocrx_word' id='word_1_72' title='bbox 1348 1033 1505 1093; x_wconf 80' lang='lat' dir='ltr'><strong>serraliis</strong></span> <span class='ocrx_word' id='word_1_73' title='bbox 1524 1033 1625 1110; x_wconf 89' lang='lat' dir='ltr'><strong>justis</strong></span> <span class='ocrx_word' id='word_1_74' title='bbox 1654 1033 1770 1100; x_wconf 89' lang='lat' dir='ltr'><strong>modis,</strong></span> 
     </span>
     <span class='ocr_line' id='line_1_9' title="bbox 117 1125 1774 1207; baseline 0.004 -22"><span class='ocrx_word' id='word_1_75' title='bbox 117 1125 269 1186; x_wconf 84' lang='lat' dir='ltr'><strong>decimas</strong></span> <span class='ocrx_word' id='word_1_76' title='bbox 295 1126 458 1199; x_wconf 88' lang='lat' dir='ltr'><strong>ecclesiis,</strong></span> <span class='ocrx_word' id='word_1_77' title='bbox 485 1127 604 1204; x_wconf 87' lang='lat' dir='ltr'><strong>quibus</strong></span> <span class='ocrx_word' id='word_1_78' title='bbox 623 1129 752 1189; x_wconf 85' lang='lat' dir='ltr'><strong>ratione</strong></span> <span class='ocrx_word' id='word_1_79' title='bbox 770 1127 918 1205; x_wconf 84' lang='lat' dir='ltr'><strong>praedio-</strong></span> <span class='ocrx_word' id='word_1_80' title='bbox 974 1129 1310 1204; x_wconf 80' lang='lat' dir='ltr'><strong>praestauteDominO,</strong></span> <span class='ocrx_word' id='word_1_81' title='bbox 1320 1131 1441 1207; x_wconf 90' lang='lat' dir='ltr'><strong>poterit</strong></span> <span class='ocrx_word' id='word_1_82' title='bbox 1455 1130 1774 1207; x_wconf 68' lang='lat' dir='ltr'><strong>adipiscillrmavo·</strong></span> 
     </span>
     <span class='ocr_line' id='line_1_10' title="bbox 119 1224 1773 1307; baseline 0.004 -23"><span class='ocrx_word' id='word_1_83' title='bbox 119 1239 197 1284; x_wconf 89' lang='lat' dir='ltr'><strong>rum</strong></span> <span class='ocrx_word' id='word_1_84' title='bbox 209 1225 286 1285; x_wconf 86' lang='lat' dir='ltr'><strong>ante</strong></span> <span class='ocrx_word' id='word_1_85' title='bbox 302 1224 526 1292; x_wconf 78' lang='lat' dir='ltr'><strong>solvebantur,</strong></span> <span class='ocrx_word' id='word_1_86' title='bbox 539 1225 605 1285; x_wconf 92' lang='lat' dir='ltr'><strong>nisi</strong></span> <span class='ocrx_word' id='word_1_87' title='bbox 621 1242 695 1285; x_wconf 86' lang='lat' dir='ltr'><strong>cum</strong></span> <span class='ocrx_word' id='word_1_88' title='bbox 715 1225 796 1302; x_wconf 92' lang='lat' dir='ltr'><strong>ipsis</strong></span> <span class='ocrx_word' id='word_1_89' title='bbox 812 1226 921 1287; x_wconf 85' lang='lat' dir='ltr'><strong>ecule-</strong></span> <span class='ocrx_word' id='word_1_90' title='bbox 974 1224 1025 1286; x_wconf 90' lang='lat' dir='ltr'><strong>bis</strong></span> <span class='ocrx_word' id='word_1_91' title='bbox 1036 1227 1222 1304; x_wconf 87' lang='lat' dir='ltr'><strong>vestrisque</strong></span> <span class='ocrx_word' id='word_1_92' title='bbox 1245 1228 1497 1289; x_wconf 88' lang='lat' dir='ltr'><strong>successorihus</strong></span> <span class='ocrx_word' id='word_1_93' title='bbox 1511 1229 1680 1291; x_wconf 84' lang='lat' dir='ltr'><strong>etillibata</strong></span> <span class='ocrx_word' id='word_1_94' title='bbox 1696 1245 1773 1307; x_wconf 86' lang='lat' dir='ltr'><strong>per-</strong></span> 
     </span>
     <span class='ocr_line' id='line_1_11' title="bbox 120 1321 1772 1403; baseline 0.003 -22"><span class='ocrx_word' id='word_1_95' title='bbox 120 1322 195 1394; x_wconf 90' lang='lat' dir='ltr'><strong>siis,</strong></span> <span class='ocrx_word' id='word_1_96' title='bbox 220 1321 321 1382; x_wconf 86' lang='lat' dir='ltr'><strong>aliter</strong></span> <span class='ocrx_word' id='word_1_97' title='bbox 349 1322 506 1384; x_wconf 86' lang='lat' dir='ltr'><strong>duxerint</strong></span> <span class='ocrx_word' id='word_1_98' title='bbox 536 1323 818 1400; x_wconf 84' lang='lat' dir='ltr'><strong>componendum,</strong></span> <span class='ocrx_word' id='word_1_99' title='bbox 853 1339 919 1384; x_wconf 90' lang='lat' dir='ltr'><strong>nou</strong></span> <span class='ocrx_word' id='word_1_100' title='bbox 975 1326 1141 1395; x_wconf 88' lang='lat' dir='ltr'><strong>maneant,</strong></span> <span class='ocrx_word' id='word_1_101' title='bbox 1170 1324 1339 1402; x_wconf 86' lang='lat' dir='ltr'><strong>inquibus</strong></span> <span class='ocrx_word' id='word_1_102' title='bbox 1362 1326 1433 1386; x_wconf 85' lang='lat' dir='ltr'><strong>haec</strong></span> <span class='ocrx_word' id='word_1_103' title='bbox 1453 1328 1598 1403; x_wconf 89' lang='lat' dir='ltr'><strong>propriis</strong></span> <span class='ocrx_word' id='word_1_104' title='bbox 1618 1327 1772 1389; x_wconf 87' lang='lat' dir='ltr'><strong>duximus</strong></span> 
     </span>
     <span class='ocr_line' id='line_1_12' title="bbox 119 1419 1775 1499; baseline 0.001 -17"><span class='ocrx_word' id='word_1_105' title='bbox 119 1422 235 1482; x_wconf 81' lang='lat' dir='ltr'><strong>tamen</strong></span> <span class='ocrx_word' id='word_1_106' title='bbox 260 1419 512 1495; x_wconf 88' lang='lat' dir='ltr'><strong>intelligendum</strong></span> <span class='ocrx_word' id='word_1_107' title='bbox 527 1422 578 1482; x_wconf 89' lang='lat' dir='ltr'><strong>est</strong></span> <span class='ocrx_word' id='word_1_108' title='bbox 603 1436 662 1481; x_wconf 89' lang='lat' dir='ltr'><strong>vos</strong></span> <span class='ocrx_word' id='word_1_109' title='bbox 679 1421 787 1482; x_wconf 89' lang='lat' dir='ltr'><strong>teneri</strong></span> <span class='ocrx_word' id='word_1_110' title='bbox 807 1421 847 1481; x_wconf 93' lang='lat' dir='ltr'><strong>ad</strong></span> <span class='ocrx_word' id='word_1_111' title='bbox 861 1421 921 1482; x_wconf 87' lang='lat' dir='ltr'><strong>do-</strong></span> <span class='ocrx_word' id='word_1_112' title='bbox 975 1422 1190 1499; x_wconf 88' lang='lat' dir='ltr'><strong>exprimenda</strong></span> <span class='ocrx_word' id='word_1_113' title='bbox 1211 1424 1383 1484; x_wconf 83' lang='lat' dir='ltr'><strong>vocabulis</strong></span> <span class='ocrx_word' id='word_1_114' title='bbox 1396 1440 1403 1484; x_wconf 94' lang='lat'>:</span> <span class='ocrx_word' id='word_1_115' title='bbox 1418 1425 1584 1496; x_wconf 84' lang='lat' dir='ltr'><strong>videlieet,</strong></span> <span class='ocrx_word' id='word_1_116' title='bbox 1606 1427 1775 1487; x_wconf 87' lang='lat' dir='ltr'><strong>monaste-</strong></span> 
     </span>
     <span class='ocr_line' id='line_1_13' title="bbox 120 1516 1771 1601; baseline 0.005 -23"><span class='ocrx_word' id='word_1_117' title='bbox 120 1518 227 1578; x_wconf 89' lang='lat' dir='ltr'><strong>cimas</strong></span> <span class='ocrx_word' id='word_1_118' title='bbox 257 1517 299 1576; x_wconf 91' lang='lat' dir='ltr'><strong>de</strong></span> <span class='ocrx_word' id='word_1_119' title='bbox 338 1516 513 1578; x_wconf 87' lang='lat' dir='ltr'><strong>novalibus</strong></span> <span class='ocrx_word' id='word_1_120' title='bbox 549 1518 796 1594; x_wconf 80' lang='lat' dir='ltr'><strong>persolvendas.</strong></span> <span class='ocrx_word' id='word_1_121' title='bbox 827 1518 920 1580; x_wconf 87' lang='lat' dir='ltr'><strong>Unde</strong></span> <span class='ocrx_word' id='word_1_122' title='bbox 975 1520 1061 1579; x_wconf 92' lang='lat' dir='ltr'><strong>rium</strong></span> <span class='ocrx_word' id='word_1_123' title='bbox 1091 1520 1197 1601; x_wconf 86' lang='lat' dir='ltr'><strong>ipsum</strong></span> <span class='ocrx_word' id='word_1_124' title='bbox 1225 1520 1312 1583; x_wconf 91' lang='lat' dir='ltr'><strong>beati</strong></span> <span class='ocrx_word' id='word_1_125' title='bbox 1335 1521 1464 1582; x_wconf 80' lang='lat' dir='ltr'><strong>Albani·</strong></span> <span class='ocrx_word' id='word_1_126' title='bbox 1485 1539 1559 1584; x_wconf 90' lang='lat' dir='ltr'><strong>eum</strong></span> <span class='ocrx_word' id='word_1_127' title='bbox 1587 1523 1665 1586; x_wconf 83' lang='lat' dir='ltr'><strong>villa</strong></span> <span class='ocrx_word' id='word_1_128' title='bbox 1686 1524 1771 1593; x_wconf 86' lang='lat' dir='ltr'><strong>tota,</strong></span> 
     </span>
     <span class='ocr_line' id='line_1_14' title="bbox 120 1604 1773 1699; baseline 0.004 -24"><span class='ocrx_word' id='word_1_129' title='bbox 120 1614 299 1677; x_wconf 82' lang='lat' dir='ltr'><strong>statuimus</strong></span> <span class='ocrx_word' id='word_1_130' title='bbox 316 1615 405 1677; x_wconf 89' lang='lat' dir='ltr'><strong>utde</strong></span> <span class='ocrx_word' id='word_1_131' title='bbox 430 1615 604 1677; x_wconf 81' lang='lat' dir='ltr'><strong>novalibus</strong></span> <span class='ocrx_word' id='word_1_132' title='bbox 630 1616 750 1677; x_wconf 90' lang='lat' dir='ltr'><strong>vestris</strong></span> <span class='ocrx_word' id='word_1_133' title='bbox 778 1616 920 1678; x_wconf 82' lang='lat' dir='ltr'><strong>excultis</strong></span> <span class='ocrx_word' id='word_1_134' title='bbox 975 1618 1149 1678; x_wconf 82' lang='lat' dir='ltr'><strong>ecelesiam</strong></span> <span class='ocrx_word' id='word_1_135' title='bbox 1171 1604 1273 1680; x_wconf 82' lang='lat' dir='ltr'><strong>¹beati</strong></span> <span class='ocrx_word' id='word_1_136' title='bbox 1307 1621 1408 1690; x_wconf 88' lang='lat' dir='ltr'><strong>Petri,</strong></span> <span class='ocrx_word' id='word_1_137' title='bbox 1435 1621 1609 1682; x_wconf 81' lang='lat' dir='ltr'><strong>ecelesiam</strong></span> <span class='ocrx_word' id='word_1_138' title='bbox 1644 1637 1773 1699; x_wconf 84' lang='lat' dir='ltr'><strong>quoque</strong></span> 
     </span>
     <span class='ocr_line' id='line_1_15' title="bbox 120 1713 1773 1797; baseline 0.004 -24"><span class='ocrx_word' id='word_1_139' title='bbox 120 1715 303 1789; x_wconf 86' lang='lat' dir='ltr'><strong>atempore</strong></span> <span class='ocrx_word' id='word_1_140' title='bbox 332 1713 471 1774; x_wconf 83' lang='lat' dir='ltr'><strong>concilii</strong></span> <span class='ocrx_word' id='word_1_141' title='bbox 486 1715 663 1789; x_wconf 87' lang='lat' dir='ltr'><strong>generalis,</strong></span> <span class='ocrx_word' id='word_1_142' title='bbox 681 1715 786 1776; x_wconf 91' lang='lat' dir='ltr'><strong>autin</strong></span> <span class='ocrx_word' id='word_1_143' title='bbox 810 1719 922 1791; x_wconf 90' lang='lat' dir='ltr'><strong>poste-</strong></span> <span class='ocrx_word' id='word_1_144' title='bbox 975 1716 1011 1775; x_wconf 90' lang='lat' dir='ltr'><strong>B.</strong></span> <span class='ocrx_word' id='word_1_145' title='bbox 1020 1716 1177 1792; x_wconf 90' lang='lat' dir='ltr'><strong>Stephani</strong></span> <span class='ocrx_word' id='word_1_146' title='bbox 1192 1717 1224 1776; x_wconf 91' lang='lat' dir='ltr'><strong>et</strong></span> <span class='ocrx_word' id='word_1_147' title='bbox 1240 1717 1450 1778; x_wconf 80' lang='lat' dir='ltr'><strong>ecclesiasde</strong></span> <span class='ocrx_word' id='word_1_148' title='bbox 1467 1718 1675 1797; x_wconf 87' lang='lat' dir='ltr'><strong>Ryngeshyri</strong></span> <span class='ocrx_word' id='word_1_149' title='bbox 1688 1723 1721 1780; x_wconf 89' lang='lat' dir='ltr'><strong>et</strong></span> <span class='ocrx_word' id='word_1_150' title='bbox 1733 1718 1773 1780; x_wconf 85' lang='lat' dir='ltr'><strong>de</strong></span> 
     </span>
     <span class='ocr_line' id='line_1_16' title="bbox 120 1810 1771 1894; baseline 0.005 -24"><span class='ocrx_word' id='word_1_151' title='bbox 120 1826 197 1870; x_wconf 90' lang='lat' dir='ltr'><strong>rum</strong></span> <span class='ocrx_word' id='word_1_152' title='bbox 226 1810 429 1883; x_wconf 80' lang='lat' dir='ltr'><strong>excolendis,</strong></span> <span class='ocrx_word' id='word_1_153' title='bbox 462 1811 574 1872; x_wconf 90' lang='lat' dir='ltr'><strong>nullus</strong></span> <span class='ocrx_word' id='word_1_154' title='bbox 609 1827 628 1873; x_wconf 92' lang='lat' dir='ltr'><strong>a</strong></span> <span class='ocrx_word' id='word_1_155' title='bbox 657 1811 750 1873; x_wconf 87' lang='lat' dir='ltr'><strong>vohis</strong></span> <span class='ocrx_word' id='word_1_156' title='bbox 773 1811 920 1873; x_wconf 85' lang='lat' dir='ltr'><strong>decimas</strong></span> <span class='ocrx_word' id='word_1_157' title='bbox 975 1812 1138 1884; x_wconf 85' lang='lat' dir='ltr'><strong>Watlord,</strong></span> <span class='ocrx_word' id='word_1_158' title='bbox 1161 1813 1492 1887; x_wconf 85' lang='lat' dir='ltr'><strong>Riclremareswithe,</strong></span> <span class='ocrx_word' id='word_1_159' title='bbox 1513 1817 1553 1877; x_wconf 86' lang='lat' dir='ltr'><strong>de</strong></span> <span class='ocrx_word' id='word_1_160' title='bbox 1572 1817 1771 1894; x_wconf 85' lang='lat' dir='ltr'><strong>Laugeleya,</strong></span> 
     </span>
     <span class='ocr_line' id='line_1_17' title="bbox 121 1908 1774 1987; baseline 0.004 -19"><span class='ocrx_word' id='word_1_161' title='bbox 121 1908 271 1984; x_wconf 78' lang='lat' dir='ltr'><strong>exigere,</strong></span> <span class='ocrx_word' id='word_1_162' title='bbox 294 1909 348 1969; x_wconf 82' lang='lat' dir='ltr'><strong>rel</strong></span> <span class='ocrx_word' id='word_1_163' title='bbox 383 1911 582 1985; x_wconf 87' lang='lat' dir='ltr'><strong>extorquere</strong></span> <span class='ocrx_word' id='word_1_164' title='bbox 609 1912 799 1986; x_wconf 86' lang='lat' dir='ltr'><strong>praesumat.</strong></span> <span class='ocrx_word' id='word_1_165' title='bbox 829 1909 920 1971; x_wconf 93' lang='lat' dir='ltr'><strong>Nulli</strong></span> <span class='ocrx_word' id='word_1_166' title='bbox 976 1910 1016 1971; x_wconf 90' lang='lat' dir='ltr'><strong>de</strong></span> <span class='ocrx_word' id='word_1_167' title='bbox 1031 1910 1233 1983; x_wconf 86' lang='lat' dir='ltr'><strong>Rethburne,</strong></span> <span class='ocrx_word' id='word_1_168' title='bbox 1257 1913 1298 1972; x_wconf 90' lang='lat' dir='ltr'><strong>de</strong></span> <span class='ocrx_word' id='word_1_169' title='bbox 1312 1911 1479 1985; x_wconf 82' lang='lat' dir='ltr'><strong>Cudieote,</strong></span> <span class='ocrx_word' id='word_1_170' title='bbox 1492 1914 1533 1976; x_wconf 92' lang='lat' dir='ltr'><strong>de</strong></span> <span class='ocrx_word' id='word_1_171' title='bbox 1548 1915 1720 1987; x_wconf 83' lang='lat' dir='ltr'><strong>waldene,</strong></span> <span class='ocrx_word' id='word_1_172' title='bbox 1734 1914 1774 1975; x_wconf 88' lang='lat' dir='ltr'><strong>de</strong></span> 
     </span>
     <span class='ocr_line' id='line_1_18' title="bbox 119 2007 1774 2084; baseline 0.004 -18"><span class='ocrx_word' id='word_1_173' title='bbox 119 2021 202 2081; x_wconf 85' lang='lat' dir='ltr'><strong>ergo</strong></span> <span class='ocrx_word' id='word_1_174' title='bbox 216 2007 372 2078; x_wconf 90' lang='lat' dir='ltr'><strong>ommino,</strong></span> <span class='ocrx_word' id='word_1_175' title='bbox 389 2008 495 2068; x_wconf 73' lang='lat' dir='ltr'><strong>etesi</strong></span> <span class='ocrx_word' id='word_1_176' title='bbox 507 2007 581 2084; x_wconf 88' lang='lat' dir='ltr'><strong>quis</strong></span> <span class='ocrx_word' id='word_1_177' title='bbox 592 2008 713 2078; x_wconf 89' lang='lat' dir='ltr'><strong>autem,</strong></span> <span class='ocrx_word' id='word_1_178' title='bbox 724 2010 785 2069; x_wconf 86' lang='lat' dir='ltr'><strong>eto.</strong></span> <span class='ocrx_word' id='word_1_179' title='bbox 803 2010 920 2070; x_wconf 85' lang='lat' dir='ltr'><strong>Datum</strong></span> <span class='ocrx_word' id='word_1_180' title='bbox 975 2009 1229 2079; x_wconf 86' lang='lat' dir='ltr'><strong>Heostonestuu‚</strong></span> <span class='ocrx_word' id='word_1_181' title='bbox 1244 2009 1284 2070; x_wconf 94' lang='lat' dir='ltr'><strong>de</strong></span> <span class='ocrx_word' id='word_1_182' title='bbox 1296 2010 1481 2079; x_wconf 82' lang='lat' dir='ltr'><strong>Nortlruna,</strong></span> <span class='ocrx_word' id='word_1_183' title='bbox 1498 2013 1539 2073; x_wconf 88' lang='lat' dir='ltr'><strong>de</strong></span> <span class='ocrx_word' id='word_1_184' title='bbox 1553 2012 1717 2083; x_wconf 85' lang='lat' dir='ltr'><strong>Neullam,</strong></span> <span class='ocrx_word' id='word_1_185' title='bbox 1734 2011 1774 2073; x_wconf 90' lang='lat' dir='ltr'><strong>de</strong></span> 
     </span>
     <span class='ocr_line' id='line_1_19' title="bbox 122 2104 1771 2185; baseline 0.003 -21"><span class='ocrx_word' id='word_1_186' title='bbox 122 2104 280 2166; x_wconf 85' lang='lat' dir='ltr'><strong>Laterani</strong></span> <span class='ocrx_word' id='word_1_187' title='bbox 295 2106 357 2165; x_wconf 84' lang='lat' dir='ltr'><strong>XII</strong></span> <span class='ocrx_word' id='word_1_188' title='bbox 379 2104 446 2166; x_wconf 89' lang='lat' dir='ltr'><strong>kal.</strong></span> <span class='ocrx_word' id='word_1_189' title='bbox 463 2105 575 2166; x_wconf 86' lang='lat' dir='ltr'><strong>martii</strong></span> <span class='ocrx_word' id='word_1_190' title='bbox 590 2105 800 2182; x_wconf 81' lang='lat' dir='ltr'><strong>pontificatus</strong></span> <span class='ocrx_word' id='word_1_191' title='bbox 816 2107 919 2169; x_wconf 89' lang='lat' dir='ltr'><strong>nostri</strong></span> <span class='ocrx_word' id='word_1_192' title='bbox 976 2107 1298 2177; x_wconf 61' lang='lat' dir='ltr'><strong>astunensem-net,</strong></span> <span class='ocrx_word' id='word_1_193' title='bbox 1307 2107 1348 2169; x_wconf 89' lang='lat' dir='ltr'><strong>de</strong></span> <span class='ocrx_word' id='word_1_194' title='bbox 1360 2108 1529 2185; x_wconf 71' lang='lat' dir='ltr'><strong>scepealu</strong></span> <span class='ocrx_word' id='word_1_195' title='bbox 1545 2109 1771 2182; x_wconf 79' lang='lat' dir='ltr'><strong>de&#39;lhinllirlt,</strong></span> 
     </span>
     <span class='ocr_line' id='line_1_20' title="bbox 120 2202 1774 2278; baseline 0.005 -17"><span class='ocrx_word' id='word_1_196' title='bbox 120 2202 332 2263; x_wconf 88' lang='lat' dir='ltr'><strong>annotertio.</strong></span> <span class='ocrx_word' id='word_1_197' title='bbox 976 2203 1774 2278; x_wconf 81' lang='lat' dir='ltr'><strong>deBrauteleld,destanmere,cumeisdemvillis</strong></span> 
     </span>
     <span class='ocr_line' id='line_1_21' title="bbox 444 2301 1774 2405; baseline 0.006 -46"><span class='ocrx_word' id='word_1_198' title='bbox 444 2318 601 2405; x_wconf 69' lang='lat' dir='ltr'>CXXIX</span> <span class='ocrx_word' id='word_1_199' title='bbox 975 2301 1774 2385; x_wconf 73' lang='lat' dir='ltr'><strong>etomniliusearumpertinentiisltdsusoeptio-</strong></span> 
     </span>
    </p>

    <p class='ocr_par' dir='ltr' id='par_1_4' title="bbox 114 2399 1852 5407">
     <span class='ocr_line' id='line_1_22' title="bbox 977 2399 1775 2480; baseline 0.008 -20"><span class='ocrx_word' id='word_1_200' title='bbox 977 2416 1051 2460; x_wconf 90' lang='lat' dir='ltr'><strong>uem</strong></span> <span class='ocrx_word' id='word_1_201' title='bbox 1071 2399 1249 2477; x_wconf 89' lang='lat' dir='ltr'><strong>hospitum,</strong></span> <span class='ocrx_word' id='word_1_202' title='bbox 1271 2402 1447 2462; x_wconf 83' lang='lat' dir='ltr'><strong>eeclesiam</strong></span> <span class='ocrx_word' id='word_1_203' title='bbox 1461 2402 1501 2464; x_wconf 88' lang='lat' dir='ltr'><strong>de</strong></span> <span class='ocrx_word' id='word_1_204' title='bbox 1518 2403 1727 2480; x_wconf 87' lang='lat' dir='ltr'><strong>Podesgrave</strong></span> <span class='ocrx_word' id='word_1_205' title='bbox 1741 2408 1775 2466; x_wconf 85' lang='lat' dir='ltr'><strong>et</strong></span> 
     </span>
     <span class='ocr_line' id='line_1_23' title="bbox 976 2497 1775 2563; baseline 0.006 -5"><span class='ocrx_word' id='word_1_206' title='bbox 976 2497 1150 2559; x_wconf 87' lang='lat' dir='ltr'><strong>ecelesiam</strong></span> <span class='ocrx_word' id='word_1_207' title='bbox 1167 2498 1207 2560; x_wconf 89' lang='lat' dir='ltr'><strong>de</strong></span> <span class='ocrx_word' id='word_1_208' title='bbox 1234 2501 1362 2561; x_wconf 85' lang='lat' dir='ltr'><strong>Lutuue</strong></span> <span class='ocrx_word' id='word_1_209' title='bbox 1386 2517 1459 2562; x_wconf 88' lang='lat' dir='ltr'><strong>cum</strong></span> <span class='ocrx_word' id='word_1_210' title='bbox 1475 2501 1617 2562; x_wconf 86' lang='lat' dir='ltr'><strong>eeclesia</strong></span> <span class='ocrx_word' id='word_1_211' title='bbox 1632 2501 1673 2562; x_wconf 90' lang='lat' dir='ltr'><strong>de</strong></span> <span class='ocrx_word' id='word_1_212' title='bbox 1685 2504 1775 2563; x_wconf 85' lang='lat' dir='ltr'><strong>Hoc-</strong></span> 
     </span>
     <span class='ocr_line' id='line_1_24' title="bbox 401 2564 1774 2684; baseline 0.004 -28"><span class='ocrx_word' id='word_1_213' title='bbox 401 2564 535 2681; x_wconf 34' lang='lat' dir='ltr'><strong>·20s3b&#39;·</strong></span> <span class='ocrx_word' id='word_1_214' title='bbox 551 2567 630 2684; x_wconf 35' lang='lat'><strong>¹¹²¹&amp;</strong></span> <span class='ocrx_word' id='word_1_215' title='bbox 976 2598 1056 2658; x_wconf 84' lang='lat' dir='ltr'><strong>tune</strong></span> <span class='ocrx_word' id='word_1_216' title='bbox 1079 2600 1112 2658; x_wconf 87' lang='lat' dir='ltr'><strong>et</strong></span> <span class='ocrx_word' id='word_1_217' title='bbox 1138 2614 1212 2658; x_wconf 91' lang='lat' dir='ltr'><strong>cum</strong></span> <span class='ocrx_word' id='word_1_218' title='bbox 1240 2600 1310 2660; x_wconf 85' lang='lat' dir='ltr'><strong>tota</strong></span> <span class='ocrx_word' id='word_1_219' title='bbox 1335 2601 1424 2660; x_wconf 85' lang='lat' dir='ltr'><strong>terra</strong></span> <span class='ocrx_word' id='word_1_220' title='bbox 1451 2615 1549 2675; x_wconf 86' lang='lat' dir='ltr'><strong>quarn</strong></span> <span class='ocrx_word' id='word_1_221' title='bbox 1574 2599 1774 2662; x_wconf 89' lang='lat' dir='ltr'><strong>Willielmus</strong></span> 
     </span>
     <span class='ocr_line' id='line_1_25' title="bbox 152 2671 1772 2778; baseline 0.003 -25"><span class='ocrx_word' id='word_1_222' title='bbox 152 2671 468 2735; x_wconf 64' lang='lat' dir='ltr'><strong>[nogdalsllonasucum</strong></span> <span class='ocrx_word' id='word_1_223' title='bbox 488 2672 710 2736; x_wconf 60' lang='lat' dir='ltr'><strong>⁸⁰⁸¹¹m¹¹¹¹¹·¹¹‘</strong></span> <span class='ocrx_word' id='word_1_224' title='bbox 723 2671 779 2733; x_wconf 76' lang='lat'><strong>¹³¹·</strong></span> <span class='ocrx_word' id='word_1_225' title='bbox 794 2689 820 2724; x_wconf 84' lang='lat'><strong>¹¹·</strong></span> <span class='ocrx_word' id='word_1_226' title='bbox 836 2674 889 2739; x_wconf 53' lang='grc' dir='ltr'><strong>Ἀ]</strong></span> <span class='ocrx_word' id='word_1_227' title='bbox 977 2695 1181 2756; x_wconf 86' lang='lat' dir='ltr'><strong>camerarius</strong></span> <span class='ocrx_word' id='word_1_228' title='bbox 1202 2696 1309 2758; x_wconf 89' lang='lat' dir='ltr'><strong>tenuit</strong></span> <span class='ocrx_word' id='word_1_229' title='bbox 1324 2696 1357 2756; x_wconf 93' lang='lat' dir='ltr'><strong>iu</strong></span> <span class='ocrx_word' id='word_1_230' title='bbox 1373 2713 1448 2758; x_wconf 89' lang='lat' dir='ltr'><strong>soca</strong></span> <span class='ocrx_word' id='word_1_231' title='bbox 1467 2697 1609 2758; x_wconf 89' lang='lat' dir='ltr'><strong>Lutuuie</strong></span> <span class='ocrx_word' id='word_1_232' title='bbox 1624 2697 1672 2778; x_wconf 92' lang='lat' dir='ltr'><strong>(l)</strong></span> <span class='ocrx_word' id='word_1_233' title='bbox 1688 2698 1720 2758; x_wconf 91' lang='lat' dir='ltr'><strong>et</strong></span> <span class='ocrx_word' id='word_1_234' title='bbox 1738 2699 1772 2759; x_wconf 90' lang='lat' dir='ltr'><strong>in</strong></span> 
     </span>
     <span class='ocr_line' id='line_1_26' title="bbox 120 2778 1776 2857; baseline 0.004 -22"><span class='ocrx_word' id='word_1_235' title='bbox 120 2779 309 2852; x_wconf 83' lang='lat' dir='ltr'><strong>Privilegium</strong></span> <span class='ocrx_word' id='word_1_236' title='bbox 331 2778 367 2836; x_wconf 89' lang='lat' dir='ltr'><strong>de</strong></span> <span class='ocrx_word' id='word_1_237' title='bbox 379 2780 513 2837; x_wconf 82' lang='lat' dir='ltr'><strong>omnibus</strong></span> <span class='ocrx_word' id='word_1_238' title='bbox 528 2780 704 2838; x_wconf 84' lang='lat' dir='ltr'><strong>libertatibus</strong></span> <span class='ocrx_word' id='word_1_239' title='bbox 714 2782 810 2840; x_wconf 83' lang='lat' dir='ltr'><strong>Sancti</strong></span> <span class='ocrx_word' id='word_1_240' title='bbox 819 2782 921 2840; x_wconf 81' lang='lat' dir='ltr'><strong>Albani</strong></span> <span class='ocrx_word' id='word_1_241' title='bbox 976 2793 1058 2854; x_wconf 70' lang='lat' dir='ltr'><strong>villa</strong></span> <span class='ocrx_word' id='word_1_242' title='bbox 1072 2793 1112 2854; x_wconf 72' lang='lat' dir='ltr'><strong>de</strong></span> <span class='ocrx_word' id='word_1_243' title='bbox 1138 2795 1287 2855; x_wconf 67' lang='lat' dir='ltr'><strong>Hoetupp</strong></span> <span class='ocrx_word' id='word_1_244' title='bbox 1302 2795 1335 2855; x_wconf 67' lang='lat' dir='ltr'><strong>et</strong></span> <span class='ocrx_word' id='word_1_245' title='bbox 1353 2795 1558 2856; x_wconf 68' lang='lat' dir='ltr'><strong>infleptwell</strong></span> <span class='ocrx_word' id='word_1_246' title='bbox 1576 2797 1653 2857; x_wconf 69' lang='lat' dir='ltr'><strong>etin</strong></span> <span class='ocrx_word' id='word_1_247' title='bbox 1669 2795 1776 2857; x_wconf 63' lang='lat' dir='ltr'><strong>Rape.</strong></span> 
     </span>
     <span class='ocr_line' id='line_1_27' title="bbox 193 2868 1774 2969; baseline 0.003 -20"><span class='ocrx_word' id='word_1_248' title='bbox 193 2868 627 2940; x_wconf 63' lang='lat' dir='ltr'><strong>⁰¹P⁰⁸⁸0⁸⁸¹⁰¹¹ib¹¹⁸⁰¹¹ffl⁰0¹¹i⁸</strong></span> <span class='ocrx_word' id='word_1_249' title='bbox 641 2868 849 2944; x_wconf 55' lang='grc' dir='ltr'><strong>θᾱὶθθθῦῑῑῦυθ·</strong></span> <span class='ocrx_word' id='word_1_250' title='bbox 977 2891 1114 2952; x_wconf 82' lang='lat' dir='ltr'><strong>losduno</strong></span> <span class='ocrx_word' id='word_1_251' title='bbox 1129 2895 1161 2954; x_wconf 88' lang='lat' dir='ltr'><strong>et</strong></span> <span class='ocrx_word' id='word_1_252' title='bbox 1190 2892 1225 2952; x_wconf 92' lang='lat' dir='ltr'><strong>in</strong></span> <span class='ocrx_word' id='word_1_253' title='bbox 1245 2892 1457 2969; x_wconf 88' lang='lat' dir='ltr'><strong>Podesgrane</strong></span> <span class='ocrx_word' id='word_1_254' title='bbox 1480 2897 1513 2957; x_wconf 89' lang='lat' dir='ltr'><strong>et</strong></span> <span class='ocrx_word' id='word_1_255' title='bbox 1532 2911 1606 2955; x_wconf 90' lang='lat' dir='ltr'><strong>cum</strong></span> <span class='ocrx_word' id='word_1_256' title='bbox 1622 2894 1774 2955; x_wconf 85' lang='lat' dir='ltr'><strong>omnibus</strong></span> 
     </span>
     <span class='ocr_line' id='line_1_28' title="bbox 161 2986 1773 3067; baseline 0.002 -21"><span class='ocrx_word' id='word_1_257' title='bbox 161 2986 343 3053; x_wconf 86' lang='lat' dir='ltr'><strong>Honorius.</strong></span> <span class='ocrx_word' id='word_1_258' title='bbox 379 2988 454 3058; x_wconf 78' lang='lat' dir='ltr'><strong>elo..</strong></span> <span class='ocrx_word' id='word_1_259' title='bbox 492 2986 621 3049; x_wconf 87' lang='lat' dir='ltr'><strong>dilectis</strong></span> <span class='ocrx_word' id='word_1_260' title='bbox 652 2987 730 3048; x_wconf 84' lang='lat' dir='ltr'><strong>liliis</strong></span> <span class='ocrx_word' id='word_1_261' title='bbox 752 2989 921 3051; x_wconf 89' lang='lat' dir='ltr'><strong>Willelmo</strong></span> <span class='ocrx_word' id='word_1_262' title='bbox 977 2988 1075 3050; x_wconf 87' lang='lat' dir='ltr'><strong>terris</strong></span> <span class='ocrx_word' id='word_1_263' title='bbox 1088 2989 1120 3049; x_wconf 87' lang='lat' dir='ltr'><strong>et</strong></span> <span class='ocrx_word' id='word_1_264' title='bbox 1133 2987 1271 3049; x_wconf 84' lang='lat' dir='ltr'><strong>decimis</strong></span> <span class='ocrx_word' id='word_1_265' title='bbox 1293 2990 1326 3049; x_wconf 90' lang='lat' dir='ltr'><strong>et</strong></span> <span class='ocrx_word' id='word_1_266' title='bbox 1343 2989 1604 3067; x_wconf 87' lang='lat' dir='ltr'><strong>quibuscumque</strong></span> <span class='ocrx_word' id='word_1_267' title='bbox 1618 2989 1718 3051; x_wconf 87' lang='lat' dir='ltr'><strong>rebus</strong></span> <span class='ocrx_word' id='word_1_268' title='bbox 1732 2991 1773 3051; x_wconf 88' lang='lat' dir='ltr'><strong>ad</strong></span> 
     </span>
     <span class='ocr_line' id='line_1_29' title="bbox 118 3083 1852 3164; baseline 0.001 -18"><span class='ocrx_word' id='word_1_269' title='bbox 118 3083 235 3146; x_wconf 85' lang='lat' dir='ltr'><strong>abbati</strong></span> <span class='ocrx_word' id='word_1_270' title='bbox 246 3085 439 3146; x_wconf 91' lang='lat' dir='ltr'><strong>monasterii</strong></span> <span class='ocrx_word' id='word_1_271' title='bbox 456 3085 844 3164; x_wconf 74' lang='lat' dir='ltr'><strong>SanetidlbanieJusque</strong></span> <span class='ocrx_word' id='word_1_272' title='bbox 859 3088 923 3149; x_wconf 87' lang='lat' dir='ltr'><strong>lra-</strong></span> <span class='ocrx_word' id='word_1_273' title='bbox 976 3100 1033 3145; x_wconf 88' lang='lat' dir='ltr'><strong>eas</strong></span> <span class='ocrx_word' id='word_1_274' title='bbox 1055 3085 1307 3162; x_wconf 88' lang='lat' dir='ltr'><strong>pertinentibus,</strong></span> <span class='ocrx_word' id='word_1_275' title='bbox 1323 3086 1408 3148; x_wconf 88' lang='lat' dir='ltr'><strong>sieut</strong></span> <span class='ocrx_word' id='word_1_276' title='bbox 1423 3088 1512 3163; x_wconf 90' lang='lat' dir='ltr'><strong>regis</strong></span> <span class='ocrx_word' id='word_1_277' title='bbox 1527 3088 1664 3149; x_wconf 89' lang='lat' dir='ltr'><strong>Heurioi</strong></span> <span class='ocrx_word' id='word_1_278' title='bbox 1682 3089 1773 3149; x_wconf 85' lang='lat' dir='ltr'><strong>carta</strong></span> <span class='ocrx_word' id='word_1_279' title='bbox 1851 3101 1852 3104; x_wconf 69' lang='grc'>’</span> 
     </span>
     <span class='ocr_line' id='line_1_30' title="bbox 118 3181 1776 3262; baseline 0.001 -18"><span class='ocrx_word' id='word_1_280' title='bbox 118 3181 229 3244; x_wconf 87' lang='lat' dir='ltr'><strong>tribus</strong></span> <span class='ocrx_word' id='word_1_281' title='bbox 248 3183 316 3243; x_wconf 89' lang='lat' dir='ltr'><strong>tam</strong></span> <span class='ocrx_word' id='word_1_282' title='bbox 340 3183 559 3259; x_wconf 81' lang='lat' dir='ltr'><strong>praesentibus</strong></span> <span class='ocrx_word' id='word_1_283' title='bbox 575 3199 672 3261; x_wconf 88' lang='lat' dir='ltr'><strong>quam</strong></span> <span class='ocrx_word' id='word_1_284' title='bbox 687 3183 807 3245; x_wconf 86' lang='lat' dir='ltr'><strong>futuris</strong></span> <span class='ocrx_word' id='word_1_285' title='bbox 822 3200 923 3262; x_wconf 86' lang='lat' dir='ltr'><strong>regu-</strong></span> <span class='ocrx_word' id='word_1_286' title='bbox 975 3184 1126 3245; x_wconf 87' lang='lat' dir='ltr'><strong>testatur.</strong></span> <span class='ocrx_word' id='word_1_287' title='bbox 1142 3183 1191 3244; x_wconf 77' lang='lat' dir='ltr'><strong>Ad</strong></span> <span class='ocrx_word' id='word_1_288' title='bbox 1208 3184 1383 3260; x_wconf 88' lang='lat' dir='ltr'><strong>coquinam</strong></span> <span class='ocrx_word' id='word_1_289' title='bbox 1399 3185 1649 3257; x_wconf 85' lang='lat' dir='ltr'><strong>monachorum,</strong></span> <span class='ocrx_word' id='word_1_290' title='bbox 1666 3185 1776 3247; x_wconf 87' lang='lat' dir='ltr'><strong>eccle·</strong></span> 
     </span>
     <span class='ocr_line' id='line_1_31' title="bbox 118 3280 1772 3358; baseline 0.003 -18"><span class='ocrx_word' id='word_1_291' title='bbox 118 3280 227 3340; x_wconf 91' lang='lat' dir='ltr'><strong>larem</strong></span> <span class='ocrx_word' id='word_1_292' title='bbox 244 3280 346 3341; x_wconf 89' lang='lat' dir='ltr'><strong>vitam</strong></span> <span class='ocrx_word' id='word_1_293' title='bbox 362 3281 522 3357; x_wconf 87' lang='lat' dir='ltr'><strong>protessis</strong></span> <span class='ocrx_word' id='word_1_294' title='bbox 532 3281 565 3341; x_wconf 89' lang='lat' dir='ltr'><strong>in</strong></span> <span class='ocrx_word' id='word_1_295' title='bbox 580 3284 786 3358; x_wconf 88' lang='lat' dir='ltr'><strong>perpetuum.</strong></span> <span class='ocrx_word' id='word_1_296' title='bbox 975 3280 1059 3342; x_wconf 85' lang='lat' dir='ltr'><strong>siam</strong></span> <span class='ocrx_word' id='word_1_297' title='bbox 1088 3281 1234 3342; x_wconf 88' lang='lat' dir='ltr'><strong>omnium</strong></span> <span class='ocrx_word' id='word_1_298' title='bbox 1262 3284 1452 3343; x_wconf 86' lang='lat' dir='ltr'><strong>sanctorum</strong></span> <span class='ocrx_word' id='word_1_299' title='bbox 1477 3283 1511 3342; x_wconf 92' lang='lat' dir='ltr'><strong>in</strong></span> <span class='ocrx_word' id='word_1_300' title='bbox 1536 3283 1676 3344; x_wconf 87' lang='lat' dir='ltr'><strong>suberia</strong></span> <span class='ocrx_word' id='word_1_301' title='bbox 1698 3299 1772 3345; x_wconf 87' lang='lat' dir='ltr'><strong>oum</strong></span> 
     </span>
     <span class='ocr_line' id='line_1_32' title="bbox 163 3377 1839 3457; baseline 0.002 -19"><span class='ocrx_word' id='word_1_302' title='bbox 163 3377 368 3453; x_wconf 81' lang='lat' dir='ltr'><strong>Religiosam</strong></span> <span class='ocrx_word' id='word_1_303' title='bbox 382 3378 483 3439; x_wconf 86' lang='lat' dir='ltr'><strong>vitam</strong></span> <span class='ocrx_word' id='word_1_304' title='bbox 491 3379 691 3454; x_wconf 86' lang='lat' dir='ltr'><strong>eligentibus</strong></span> <span class='ocrx_word' id='word_1_305' title='bbox 702 3380 920 3456; x_wconf 89' lang='lat' dir='ltr'><strong>apostolieum</strong></span> <span class='ocrx_word' id='word_1_306' title='bbox 976 3378 1103 3455; x_wconf 86' lang='lat' dir='ltr'><strong>capella</strong></span> <span class='ocrx_word' id='word_1_307' title='bbox 1122 3379 1163 3439; x_wconf 88' lang='lat' dir='ltr'><strong>de</strong></span> <span class='ocrx_word' id='word_1_308' title='bbox 1182 3378 1370 3440; x_wconf 88' lang='lat' dir='ltr'><strong>Berluduue</strong></span> <span class='ocrx_word' id='word_1_309' title='bbox 1386 3381 1419 3441; x_wconf 89' lang='lat' dir='ltr'><strong>et</strong></span> <span class='ocrx_word' id='word_1_310' title='bbox 1433 3381 1606 3457; x_wconf 84' lang='lat' dir='ltr'><strong>adjacente</strong></span> <span class='ocrx_word' id='word_1_311' title='bbox 1625 3383 1727 3453; x_wconf 82' lang='lat' dir='ltr'><strong>terra,</strong></span> <span class='ocrx_word' id='word_1_312' title='bbox 1740 3387 1774 3442; x_wconf 93' lang='lat' dir='ltr'><strong>et</strong></span> <span class='ocrx_word' id='word_1_313' title='bbox 1836 3423 1839 3429; x_wconf 83' lang='lat'>-</span> 
     </span>
     <span class='ocr_line' id='line_1_33' title="bbox 118 3475 1773 3556; baseline 0.002 -19"><span class='ocrx_word' id='word_1_314' title='bbox 118 3477 282 3537; x_wconf 79' lang='lat' dir='ltr'><strong>convenit</strong></span> <span class='ocrx_word' id='word_1_315' title='bbox 295 3475 411 3536; x_wconf 88' lang='lat' dir='ltr'><strong>adesse</strong></span> <span class='ocrx_word' id='word_1_316' title='bbox 424 3476 628 3552; x_wconf 88' lang='lat' dir='ltr'><strong>praesidium,</strong></span> <span class='ocrx_word' id='word_1_317' title='bbox 644 3494 685 3539; x_wconf 89' lang='lat' dir='ltr'><strong>ue</strong></span> <span class='ocrx_word' id='word_1_318' title='bbox 708 3478 791 3540; x_wconf 82' lang='lat' dir='ltr'><strong>sorte</strong></span> <span class='ocrx_word' id='word_1_319' title='bbox 807 3482 922 3556; x_wconf 82' lang='lat' dir='ltr'><strong>ouJ&#39;us-</strong></span> <span class='ocrx_word' id='word_1_320' title='bbox 975 3475 1149 3538; x_wconf 82' lang='lat' dir='ltr'><strong>ecelesiam</strong></span> <span class='ocrx_word' id='word_1_321' title='bbox 1178 3476 1218 3536; x_wconf 93' lang='lat' dir='ltr'><strong>de</strong></span> <span class='ocrx_word' id='word_1_322' title='bbox 1243 3478 1455 3538; x_wconf 87' lang='lat' dir='ltr'><strong>Lethewrtha</strong></span> <span class='ocrx_word' id='word_1_323' title='bbox 1483 3494 1557 3538; x_wconf 87' lang='lat' dir='ltr'><strong>cum</strong></span> <span class='ocrx_word' id='word_1_324' title='bbox 1582 3480 1709 3556; x_wconf 79' lang='lat' dir='ltr'><strong>capella</strong></span> <span class='ocrx_word' id='word_1_325' title='bbox 1732 3479 1773 3541; x_wconf 89' lang='lat' dir='ltr'><strong>de</strong></span> 
     </span>
     <span class='ocr_line' id='line_1_34' title="bbox 119 3572 1770 3654; baseline 0.005 -20"><span class='ocrx_word' id='word_1_326' title='bbox 119 3572 210 3634; x_wconf 89' lang='lat' dir='ltr'><strong>libet</strong></span> <span class='ocrx_word' id='word_1_327' title='bbox 220 3574 417 3636; x_wconf 88' lang='lat' dir='ltr'><strong>temeritatis</strong></span> <span class='ocrx_word' id='word_1_328' title='bbox 444 3575 610 3645; x_wconf 89' lang='lat' dir='ltr'><strong>incursus,</strong></span> <span class='ocrx_word' id='word_1_329' title='bbox 632 3578 922 3654; x_wconf 87' lang='lat' dir='ltr'><strong>auteosapropo-</strong></span> <span class='ocrx_word' id='word_1_330' title='bbox 975 3574 1175 3648; x_wconf 86' lang='lat' dir='ltr'><strong>Burgalexa.</strong></span> <span class='ocrx_word' id='word_1_331' title='bbox 1200 3573 1248 3635; x_wconf 79' lang='lat' dir='ltr'><strong>ld</strong></span> <span class='ocrx_word' id='word_1_332' title='bbox 1281 3576 1554 3638; x_wconf 83' lang='lat' dir='ltr'><strong>sustentationem</strong></span> <span class='ocrx_word' id='word_1_333' title='bbox 1577 3592 1770 3654; x_wconf 84' lang='lat' dir='ltr'><strong>pauperum.</strong></span> 
     </span>
     <span class='ocr_line' id='line_1_35' title="bbox 116 3670 1773 3750; baseline 0.003 -19"><span class='ocrx_word' id='word_1_334' title='bbox 116 3670 187 3732; x_wconf 87' lang='lat' dir='ltr'><strong>sito</strong></span> <span class='ocrx_word' id='word_1_335' title='bbox 211 3673 356 3743; x_wconf 84' lang='lat' dir='ltr'><strong>revocet,</strong></span> <span class='ocrx_word' id='word_1_336' title='bbox 380 3671 438 3732; x_wconf 90' lang='lat' dir='ltr'><strong>aut</strong></span> <span class='ocrx_word' id='word_1_337' title='bbox 462 3671 574 3743; x_wconf 85' lang='lat' dir='ltr'><strong>robur,</strong></span> <span class='ocrx_word' id='word_1_338' title='bbox 591 3672 677 3750; x_wconf 87' lang='lat' dir='ltr'><strong>quod</strong></span> <span class='ocrx_word' id='word_1_339' title='bbox 699 3672 797 3745; x_wconf 89' lang='lat' dir='ltr'><strong>absit,</strong></span> <span class='ocrx_word' id='word_1_340' title='bbox 815 3690 920 3736; x_wconf 87' lang='lat' dir='ltr'><strong>saurae</strong></span> <span class='ocrx_word' id='word_1_341' title='bbox 975 3671 1149 3733; x_wconf 85' lang='lat' dir='ltr'><strong>ecclesiam</strong></span> <span class='ocrx_word' id='word_1_342' title='bbox 1165 3671 1206 3732; x_wconf 93' lang='lat' dir='ltr'><strong>de</strong></span> <span class='ocrx_word' id='word_1_343' title='bbox 1231 3674 1466 3735; x_wconf 86' lang='lat' dir='ltr'><strong>Heveresdune</strong></span> <span class='ocrx_word' id='word_1_344' title='bbox 1486 3677 1518 3735; x_wconf 91' lang='lat' dir='ltr'><strong>et</strong></span> <span class='ocrx_word' id='word_1_345' title='bbox 1531 3675 1710 3736; x_wconf 74' lang='lat' dir='ltr'><strong>‘ecclesiam</strong></span> <span class='ocrx_word' id='word_1_346' title='bbox 1732 3675 1773 3736; x_wconf 90' lang='lat' dir='ltr'><strong>de</strong></span> 
     </span>
     <span class='ocr_line' id='line_1_36' title="bbox 116 3767 1772 3848; baseline 0.003 -19"><span class='ocrx_word' id='word_1_347' title='bbox 116 3767 298 3843; x_wconf 86' lang='lat' dir='ltr'><strong>religionis</strong></span> <span class='ocrx_word' id='word_1_348' title='bbox 310 3769 522 3844; x_wconf 75' lang='lat' dir='ltr'><strong>infringatur.</strong></span> <span class='ocrx_word' id='word_1_349' title='bbox 545 3771 739 3848; x_wconf 81' lang='lat' dir='ltr'><strong>Fapropter,</strong></span> <span class='ocrx_word' id='word_1_350' title='bbox 758 3771 869 3832; x_wconf 87' lang='lat' dir='ltr'><strong>dilecti</strong></span> <span class='ocrx_word' id='word_1_351' title='bbox 884 3773 919 3832; x_wconf 92' lang='lat' dir='ltr'><strong>in</strong></span> <span class='ocrx_word' id='word_1_352' title='bbox 974 3768 1238 3831; x_wconf 85' lang='lat' dir='ltr'><strong>Henebellaoum</strong></span> <span class='ocrx_word' id='word_1_353' title='bbox 1254 3770 1426 3846; x_wconf 82' lang='lat' dir='ltr'><strong>adjacente</strong></span> <span class='ocrx_word' id='word_1_354' title='bbox 1437 3773 1537 3843; x_wconf 86' lang='lat' dir='ltr'><strong>terra,</strong></span> <span class='ocrx_word' id='word_1_355' title='bbox 1552 3774 1585 3833; x_wconf 91' lang='lat' dir='ltr'><strong>et</strong></span> <span class='ocrx_word' id='word_1_356' title='bbox 1597 3773 1772 3834; x_wconf 84' lang='lat' dir='ltr'><strong>ecclesiam</strong></span> 
     </span>
     <span class='ocr_line' id='line_1_37' title="bbox 117 3866 1774 3941; baseline 0.003 -14"><span class='ocrx_word' id='word_1_357' title='bbox 117 3867 263 3927; x_wconf 85' lang='lat' dir='ltr'><strong>Domino</strong></span> <span class='ocrx_word' id='word_1_358' title='bbox 288 3866 359 3937; x_wconf 84' lang='lat' dir='ltr'><strong>dlii,</strong></span> <span class='ocrx_word' id='word_1_359' title='bbox 385 3866 425 3927; x_wconf 89' lang='lat' dir='ltr'><strong>ob</strong></span> <span class='ocrx_word' id='word_1_360' title='bbox 453 3867 674 3929; x_wconf 84' lang='lat' dir='ltr'><strong>reverentiam</strong></span> <span class='ocrx_word' id='word_1_361' title='bbox 694 3867 782 3929; x_wconf 87' lang='lat' dir='ltr'><strong>beati</strong></span> <span class='ocrx_word' id='word_1_362' title='bbox 802 3868 920 3929; x_wconf 75' lang='lat' dir='ltr'><strong>Albani</strong></span> <span class='ocrx_word' id='word_1_363' title='bbox 975 3867 1015 3927; x_wconf 92' lang='lat' dir='ltr'><strong>de</strong></span> <span class='ocrx_word' id='word_1_364' title='bbox 1031 3868 1218 3941; x_wconf 88' lang='lat' dir='ltr'><strong>Wengrave</strong></span> <span class='ocrx_word' id='word_1_365' title='bbox 1242 3884 1316 3928; x_wconf 83' lang='lat' dir='ltr'><strong>oum</strong></span> <span class='ocrx_word' id='word_1_366' title='bbox 1333 3867 1459 3929; x_wconf 85' lang='lat' dir='ltr'><strong>decima</strong></span> <span class='ocrx_word' id='word_1_367' title='bbox 1475 3869 1515 3929; x_wconf 90' lang='lat' dir='ltr'><strong>de</strong></span> <span class='ocrx_word' id='word_1_368' title='bbox 1530 3872 1652 3931; x_wconf 85' lang='lat' dir='ltr'><strong>Heswa</strong></span> <span class='ocrx_word' id='word_1_369' title='bbox 1677 3872 1711 3932; x_wconf 87' lang='lat' dir='ltr'><strong>et</strong></span> <span class='ocrx_word' id='word_1_370' title='bbox 1731 3869 1774 3931; x_wconf 88' lang='lat' dir='ltr'><strong>de</strong></span> 
     </span>
     <span class='ocr_line' id='line_1_38' title="bbox 116 3963 1772 4043; baseline 0.004 -21"><span class='ocrx_word' id='word_1_371' title='bbox 116 3963 261 4040; x_wconf 78' lang='lat' dir='ltr'><strong>gloriosi</strong></span> <span class='ocrx_word' id='word_1_372' title='bbox 279 3965 460 4039; x_wconf 86' lang='lat' dir='ltr'><strong>Anglorum</strong></span> <span class='ocrx_word' id='word_1_373' title='bbox 477 3965 740 4042; x_wconf 84' lang='lat' dir='ltr'><strong>protomartyris,</strong></span> <span class='ocrx_word' id='word_1_374' title='bbox 753 3968 849 4041; x_wconf 83' lang='lat' dir='ltr'><strong>eujus</strong></span> <span class='ocrx_word' id='word_1_375' title='bbox 864 3981 921 4026; x_wconf 91' lang='lat' dir='ltr'><strong>sa·</strong></span> <span class='ocrx_word' id='word_1_376' title='bbox 975 3966 1181 4041; x_wconf 87' lang='lat' dir='ltr'><strong>Ryngetuue,</strong></span> <span class='ocrx_word' id='word_1_377' title='bbox 1192 3965 1225 4024; x_wconf 91' lang='lat' dir='ltr'><strong>et</strong></span> <span class='ocrx_word' id='word_1_378' title='bbox 1234 3965 1395 4026; x_wconf 82' lang='lat' dir='ltr'><strong>decimam</strong></span> <span class='ocrx_word' id='word_1_379' title='bbox 1407 3965 1447 4025; x_wconf 91' lang='lat' dir='ltr'><strong>de</strong></span> <span class='ocrx_word' id='word_1_380' title='bbox 1459 3969 1623 4043; x_wconf 85' lang='lat' dir='ltr'><strong>Royuges.</strong></span> <span class='ocrx_word' id='word_1_381' title='bbox 1633 3969 1772 4029; x_wconf 81' lang='lat' dir='ltr'><strong>Terram</strong></span> 
     </span>
     <span class='ocr_line' id='line_1_39' title="bbox 116 4061 1770 4140; baseline 0.002 -18"><span class='ocrx_word' id='word_1_382' title='bbox 116 4061 346 4123; x_wconf 87' lang='lat' dir='ltr'><strong>cratissimum</strong></span> <span class='ocrx_word' id='word_1_383' title='bbox 362 4078 484 4140; x_wconf 87' lang='lat' dir='ltr'><strong>corpus</strong></span> <span class='ocrx_word' id='word_1_384' title='bbox 503 4063 539 4123; x_wconf 90' lang='lat' dir='ltr'><strong>in</strong></span> <span class='ocrx_word' id='word_1_385' title='bbox 554 4063 627 4125; x_wconf 81' lang='lat' dir='ltr'><strong>loeo</strong></span> <span class='ocrx_word' id='word_1_386' title='bbox 642 4064 753 4124; x_wconf 88' lang='lat' dir='ltr'><strong>vestro</strong></span> <span class='ocrx_word' id='word_1_387' title='bbox 774 4063 921 4139; x_wconf 85' lang='lat' dir='ltr'><strong>requies·</strong></span> <span class='ocrx_word' id='word_1_388' title='bbox 975 4077 1105 4138; x_wconf 86' lang='lat' dir='ltr'><strong>quoque</strong></span> <span class='ocrx_word' id='word_1_389' title='bbox 1117 4077 1216 4138; x_wconf 86' lang='lat' dir='ltr'><strong>quam</strong></span> <span class='ocrx_word' id='word_1_390' title='bbox 1229 4061 1431 4122; x_wconf 89' lang='lat' dir='ltr'><strong>Willielmus</strong></span> <span class='ocrx_word' id='word_1_391' title='bbox 1447 4063 1535 4123; x_wconf 79' lang='lat' dir='ltr'><strong>itlius</strong></span> <span class='ocrx_word' id='word_1_392' title='bbox 1546 4064 1696 4125; x_wconf 76' lang='lat' dir='ltr'><strong>Gauliidi</strong></span> <span class='ocrx_word' id='word_1_393' title='bbox 1707 4065 1770 4126; x_wconf 85' lang='lat' dir='ltr'><strong>de-</strong></span> 
     </span>
     <span class='ocr_line' id='line_1_40' title="bbox 116 4158 1773 4235; baseline 0.002 -16"><span class='ocrx_word' id='word_1_394' title='bbox 116 4173 200 4219; x_wconf 89' lang='lat' dir='ltr'><strong>oere</strong></span> <span class='ocrx_word' id='word_1_395' title='bbox 212 4158 427 4234; x_wconf 85' lang='lat' dir='ltr'><strong>dignoscitur,</strong></span> <span class='ocrx_word' id='word_1_396' title='bbox 439 4159 918 4235; x_wconf 85' lang='lat' dir='ltr'><strong>praedecessorumnostrorum</strong></span> <span class='ocrx_word' id='word_1_397' title='bbox 974 4159 1033 4227; x_wconf 89' lang='lat' dir='ltr'><strong>dit,</strong></span> <span class='ocrx_word' id='word_1_398' title='bbox 1049 4159 1176 4220; x_wconf 85' lang='lat' dir='ltr'><strong>scilicet</strong></span> <span class='ocrx_word' id='word_1_399' title='bbox 1205 4174 1305 4219; x_wconf 91' lang='lat' dir='ltr'><strong>unam</strong></span> <span class='ocrx_word' id='word_1_400' title='bbox 1329 4159 1441 4221; x_wconf 88' lang='lat' dir='ltr'><strong>hidam</strong></span> <span class='ocrx_word' id='word_1_401' title='bbox 1457 4161 1491 4220; x_wconf 92' lang='lat' dir='ltr'><strong>in</strong></span> <span class='ocrx_word' id='word_1_402' title='bbox 1506 4160 1713 4224; x_wconf 85' lang='lat' dir='ltr'><strong>Heleshurne</strong></span> <span class='ocrx_word' id='word_1_403' title='bbox 1738 4164 1773 4223; x_wconf 92' lang='lat' dir='ltr'><strong>iu</strong></span> 
     </span>
     <span class='ocr_line' id='line_1_41' title="bbox 114 4254 1770 4336; baseline 0.004 -21"><span class='ocrx_word' id='word_1_404' title='bbox 114 4254 229 4318; x_wconf 80' lang='lat' dir='ltr'><strong>felicis</strong></span> <span class='ocrx_word' id='word_1_405' title='bbox 242 4257 410 4319; x_wconf 75' lang='lat' dir='ltr'><strong>memoriae</strong></span> <span class='ocrx_word' id='word_1_406' title='bbox 425 4257 558 4329; x_wconf 85' lang='lat' dir='ltr'><strong>calixti,</strong></span> <span class='ocrx_word' id='word_1_407' title='bbox 568 4257 749 4329; x_wconf 82' lang='lat' dir='ltr'><strong>coelestini,</strong></span> <span class='ocrx_word' id='word_1_408' title='bbox 766 4257 917 4334; x_wconf 78' lang='lat' dir='ltr'><strong>Eugenii,</strong></span> <span class='ocrx_word' id='word_1_409' title='bbox 974 4256 1073 4319; x_wconf 87' lang='lat' dir='ltr'><strong>sartis</strong></span> <span class='ocrx_word' id='word_1_410' title='bbox 1085 4255 1126 4317; x_wconf 87' lang='lat' dir='ltr'><strong>de</strong></span> <span class='ocrx_word' id='word_1_411' title='bbox 1148 4256 1342 4333; x_wconf 82' lang='lat' dir='ltr'><strong>Wydeliale,</strong></span> <span class='ocrx_word' id='word_1_412' title='bbox 1370 4259 1403 4319; x_wconf 89' lang='lat' dir='ltr'><strong>et</strong></span> <span class='ocrx_word' id='word_1_413' title='bbox 1424 4272 1524 4319; x_wconf 89' lang='lat' dir='ltr'><strong>unam</strong></span> <span class='ocrx_word' id='word_1_414' title='bbox 1552 4258 1717 4336; x_wconf 80' lang='lat' dir='ltr'><strong>virgatam</strong></span> <span class='ocrx_word' id='word_1_415' title='bbox 1736 4263 1770 4322; x_wconf 92' lang='lat' dir='ltr'><strong>in</strong></span> 
     </span>
     <span class='ocr_line' id='line_1_42' title="bbox 114 4353 1771 4432; baseline 0.001 -17"><span class='ocrx_word' id='word_1_416' title='bbox 114 4353 271 4426; x_wconf 80' lang='lat' dir='ltr'><strong>Adriani,</strong></span> <span class='ocrx_word' id='word_1_417' title='bbox 285 4353 477 4427; x_wconf 76' lang='lat' dir='ltr'><strong>Alexandri,</strong></span> <span class='ocrx_word' id='word_1_418' title='bbox 492 4355 597 4426; x_wconf 88' lang='lat' dir='ltr'><strong>Lucii,</strong></span> <span class='ocrx_word' id='word_1_419' title='bbox 614 4355 792 4417; x_wconf 86' lang='lat' dir='ltr'><strong>Clementis</strong></span> <span class='ocrx_word' id='word_1_420' title='bbox 804 4357 837 4417; x_wconf 89' lang='lat' dir='ltr'><strong>et</strong></span> <span class='ocrx_word' id='word_1_421' title='bbox 851 4357 920 4417; x_wconf 69' lang='grc' dir='ltr'><strong>(ἓω-</strong></span> <span class='ocrx_word' id='word_1_422' title='bbox 974 4368 1109 4416; x_wconf 90' lang='lat' dir='ltr'><strong>nemore</strong></span> <span class='ocrx_word' id='word_1_423' title='bbox 1124 4354 1270 4430; x_wconf 79' lang='lat' dir='ltr'><strong>ejusdem</strong></span> <span class='ocrx_word' id='word_1_424' title='bbox 1291 4354 1479 4432; x_wconf 82' lang='lat' dir='ltr'><strong>Wydeliall,</strong></span> <span class='ocrx_word' id='word_1_425' title='bbox 1497 4356 1582 4419; x_wconf 86' lang='lat' dir='ltr'><strong>siout</strong></span> <span class='ocrx_word' id='word_1_426' title='bbox 1601 4357 1771 4420; x_wconf 78' lang='lat' dir='ltr'><strong>donatoris</strong></span> 
     </span>
     <span class='ocr_line' id='line_1_43' title="bbox 115 4450 1768 4522; baseline 0.005 -10"><span class='ocrx_word' id='word_1_427' title='bbox 115 4450 232 4512; x_wconf 88' lang='lat' dir='ltr'><strong>lestini</strong></span> <span class='ocrx_word' id='word_1_428' title='bbox 252 4452 354 4522; x_wconf 87' lang='lat' dir='ltr'><strong>tertii,</strong></span> <span class='ocrx_word' id='word_1_429' title='bbox 372 4455 595 4514; x_wconf 87' lang='lat' dir='ltr'><strong>Romanorum</strong></span> <span class='ocrx_word' id='word_1_430' title='bbox 623 4453 821 4515; x_wconf 78' lang='lat' dir='ltr'><strong>Pontificrun</strong></span> <span class='ocrx_word' id='word_1_431' title='bbox 842 4469 921 4514; x_wconf 84' lang='lat' dir='ltr'><strong>ves·</strong></span> <span class='ocrx_word' id='word_1_432' title='bbox 974 4454 1066 4515; x_wconf 84' lang='lat' dir='ltr'><strong>carta</strong></span> <span class='ocrx_word' id='word_1_433' title='bbox 1089 4451 1272 4513; x_wconf 82' lang='lat' dir='ltr'><strong>coufirmat.</strong></span> <span class='ocrx_word' id='word_1_434' title='bbox 1285 4453 1507 4514; x_wconf 83' lang='lat' dir='ltr'><strong>Aduameram</strong></span> <span class='ocrx_word' id='word_1_435' title='bbox 1519 4457 1768 4521; x_wconf 77' lang='lat' dir='ltr'><strong>monachorum.</strong></span> 
     </span>
     <span class='ocr_line' id='line_1_44' title="bbox 118 4548 1771 4628; baseline 0.002 -19"><span class='ocrx_word' id='word_1_436' title='bbox 118 4548 212 4623; x_wconf 87' lang='lat' dir='ltr'><strong>tigiis</strong></span> <span class='ocrx_word' id='word_1_437' title='bbox 228 4548 444 4622; x_wconf 83' lang='lat' dir='ltr'><strong>inlraerentes,</strong></span> <span class='ocrx_word' id='word_1_438' title='bbox 472 4551 593 4612; x_wconf 88' lang='lat' dir='ltr'><strong>vestris</strong></span> <span class='ocrx_word' id='word_1_439' title='bbox 604 4552 706 4628; x_wconf 86' lang='lat' dir='ltr'><strong>justis</strong></span> <span class='ocrx_word' id='word_1_440' title='bbox 722 4550 921 4628; x_wconf 84' lang='lat' dir='ltr'><strong>postulatio-</strong></span> <span class='ocrx_word' id='word_1_441' title='bbox 974 4548 1441 4611; x_wconf 79' lang='lat' dir='ltr'><strong>ecclesiamdeTllireleld.Ad</strong></span> <span class='ocrx_word' id='word_1_442' title='bbox 1457 4553 1655 4625; x_wconf 85' lang='lat' dir='ltr'><strong>sacristiam,</strong></span> <span class='ocrx_word' id='word_1_443' title='bbox 1668 4554 1771 4615; x_wconf 85' lang='lat' dir='ltr'><strong>ecole-</strong></span> 
     </span>
     <span class='ocr_line' id='line_1_45' title="bbox 116 4644 1771 4719; baseline 0.004 -14"><span class='ocrx_word' id='word_1_444' title='bbox 116 4644 219 4706; x_wconf 84' lang='lat' dir='ltr'><strong>nibus</strong></span> <span class='ocrx_word' id='word_1_445' title='bbox 233 4647 416 4709; x_wconf 85' lang='lat' dir='ltr'><strong>elementer</strong></span> <span class='ocrx_word' id='word_1_446' title='bbox 427 4648 616 4719; x_wconf 89' lang='lat' dir='ltr'><strong>annuimus,</strong></span> <span class='ocrx_word' id='word_1_447' title='bbox 632 4650 666 4710; x_wconf 87' lang='lat' dir='ltr'><strong>et</strong></span> <span class='ocrx_word' id='word_1_448' title='bbox 682 4649 919 4709; x_wconf 83' lang='lat' dir='ltr'><strong>monasterium</strong></span> <span class='ocrx_word' id='word_1_449' title='bbox 975 4648 1059 4709; x_wconf 87' lang='lat' dir='ltr'><strong>siam</strong></span> <span class='ocrx_word' id='word_1_450' title='bbox 1070 4646 1110 4707; x_wconf 88' lang='lat' dir='ltr'><strong>de</strong></span> <span class='ocrx_word' id='word_1_451' title='bbox 1123 4647 1260 4714; x_wconf 76' lang='lat' dir='ltr'><strong>bechet,</strong></span> <span class='ocrx_word' id='word_1_452' title='bbox 1276 4647 1309 4708; x_wconf 93' lang='lat' dir='ltr'><strong>et</strong></span> <span class='ocrx_word' id='word_1_453' title='bbox 1321 4662 1364 4709; x_wconf 89' lang='lat' dir='ltr'><strong>ex</strong></span> <span class='ocrx_word' id='word_1_454' title='bbox 1376 4648 1462 4709; x_wconf 92' lang='lat' dir='ltr'><strong>dono</strong></span> <span class='ocrx_word' id='word_1_455' title='bbox 1472 4651 1631 4711; x_wconf 82' lang='lat' dir='ltr'><strong>Hemonis</strong></span> <span class='ocrx_word' id='word_1_456' title='bbox 1641 4651 1676 4711; x_wconf 92' lang='lat' dir='ltr'><strong>in</strong></span> <span class='ocrx_word' id='word_1_457' title='bbox 1692 4651 1771 4712; x_wconf 84' lang='lat' dir='ltr'><strong>villa</strong></span> 
     </span>
     <span class='ocr_line' id='line_1_46' title="bbox 117 4743 1770 4823; baseline 0.004 -20"><span class='ocrx_word' id='word_1_458' title='bbox 117 4743 243 4819; x_wconf 90' lang='lat' dir='ltr'><strong>ipsum,</strong></span> <span class='ocrx_word' id='word_1_459' title='bbox 256 4744 290 4805; x_wconf 93' lang='lat' dir='ltr'><strong>iu</strong></span> <span class='ocrx_word' id='word_1_460' title='bbox 305 4762 369 4822; x_wconf 82' lang='lat' dir='ltr'><strong>quo</strong></span> <span class='ocrx_word' id='word_1_461' title='bbox 382 4745 495 4806; x_wconf 83' lang='lat' dir='ltr'><strong>divino</strong></span> <span class='ocrx_word' id='word_1_462' title='bbox 508 4746 635 4807; x_wconf 82' lang='lat' dir='ltr'><strong>vacatis</strong></span> <span class='ocrx_word' id='word_1_463' title='bbox 648 4744 818 4822; x_wconf 88' lang='lat' dir='ltr'><strong>obsequio,</strong></span> <span class='ocrx_word' id='word_1_464' title='bbox 833 4745 919 4823; x_wconf 89' lang='lat' dir='ltr'><strong>quod</strong></span> <span class='ocrx_word' id='word_1_465' title='bbox 974 4745 1014 4807; x_wconf 88' lang='lat' dir='ltr'><strong>de</strong></span> <span class='ocrx_word' id='word_1_466' title='bbox 1032 4744 1207 4805; x_wconf 87' lang='lat' dir='ltr'><strong>Challunte</strong></span> <span class='ocrx_word' id='word_1_467' title='bbox 1221 4759 1320 4805; x_wconf 90' lang='lat' dir='ltr'><strong>unam</strong></span> <span class='ocrx_word' id='word_1_468' title='bbox 1335 4746 1499 4821; x_wconf 83' lang='lat' dir='ltr'><strong>virgatam</strong></span> <span class='ocrx_word' id='word_1_469' title='bbox 1510 4749 1610 4809; x_wconf 90' lang='lat' dir='ltr'><strong>terrae</strong></span> <span class='ocrx_word' id='word_1_470' title='bbox 1625 4748 1770 4810; x_wconf 91' lang='lat' dir='ltr'><strong>etdimi·</strong></span> 
     </span>
     <span class='ocr_line' id='line_1_47' title="bbox 116 4841 1771 4921; baseline 0.004 -19"><span class='ocrx_word' id='word_1_471' title='bbox 116 4841 160 4902; x_wconf 91' lang='lat' dir='ltr'><strong>ad</strong></span> <span class='ocrx_word' id='word_1_472' title='bbox 165 4844 222 4918; x_wconf 90' lang='lat' dir='ltr'><strong>jus</strong></span> <span class='ocrx_word' id='word_1_473' title='bbox 232 4842 417 4904; x_wconf 89' lang='lat' dir='ltr'><strong>beatiPeiri</strong></span> <span class='ocrx_word' id='word_1_474' title='bbox 429 4843 619 4920; x_wconf 90' lang='lat' dir='ltr'><strong>specialiter</strong></span> <span class='ocrx_word' id='word_1_475' title='bbox 629 4845 778 4919; x_wconf 86' lang='lat' dir='ltr'><strong>spectare</strong></span> <span class='ocrx_word' id='word_1_476' title='bbox 790 4843 920 4919; x_wconf 83' lang='lat' dir='ltr'><strong>dignos·</strong></span> <span class='ocrx_word' id='word_1_477' title='bbox 974 4843 1062 4903; x_wconf 88' lang='lat' dir='ltr'><strong>diam</strong></span> <span class='ocrx_word' id='word_1_478' title='bbox 1078 4843 1111 4903; x_wconf 89' lang='lat' dir='ltr'><strong>et</strong></span> <span class='ocrx_word' id='word_1_479' title='bbox 1124 4857 1224 4901; x_wconf 90' lang='lat' dir='ltr'><strong>unam</strong></span> <span class='ocrx_word' id='word_1_480' title='bbox 1242 4844 1405 4903; x_wconf 79' lang='lat' dir='ltr'><strong>assertam</strong></span> <span class='ocrx_word' id='word_1_481' title='bbox 1420 4860 1495 4904; x_wconf 88' lang='lat' dir='ltr'><strong>cum</strong></span> <span class='ocrx_word' id='word_1_482' title='bbox 1512 4843 1618 4906; x_wconf 89' lang='lat' dir='ltr'><strong>libera</strong></span> <span class='ocrx_word' id='word_1_483' title='bbox 1635 4848 1771 4921; x_wconf 85' lang='lat' dir='ltr'><strong>pastura</strong></span> 
     </span>
     <span class='ocr_line' id='line_1_48' title="bbox 115 4938 1769 5018; baseline 0.002 -18"><span class='ocrx_word' id='word_1_484' title='bbox 115 4938 217 5011; x_wconf 86' lang='lat' dir='ltr'><strong>citur,</strong></span> <span class='ocrx_word' id='word_1_485' title='bbox 244 4956 318 5001; x_wconf 88' lang='lat' dir='ltr'><strong>cum</strong></span> <span class='ocrx_word' id='word_1_486' title='bbox 339 4941 568 5018; x_wconf 77' lang='lat' dir='ltr'><strong>adjacentibus</strong></span> <span class='ocrx_word' id='word_1_487' title='bbox 595 4941 688 5003; x_wconf 84' lang='lat' dir='ltr'><strong>cellis</strong></span> <span class='ocrx_word' id='word_1_488' title='bbox 714 4943 748 5003; x_wconf 91' lang='lat' dir='ltr'><strong>et</strong></span> <span class='ocrx_word' id='word_1_489' title='bbox 768 4942 920 5003; x_wconf 85' lang='lat' dir='ltr'><strong>ecelesiis</strong></span> <span class='ocrx_word' id='word_1_490' title='bbox 974 4938 1135 5017; x_wconf 91' lang='lat' dir='ltr'><strong>pecudum</strong></span> <span class='ocrx_word' id='word_1_491' title='bbox 1144 4940 1177 5000; x_wconf 85' lang='lat' dir='ltr'><strong>et</strong></span> <span class='ocrx_word' id='word_1_492' title='bbox 1187 4954 1374 5016; x_wconf 89' lang='lat' dir='ltr'><strong>porcorum.</strong></span> <span class='ocrx_word' id='word_1_493' title='bbox 1385 4942 1421 5000; x_wconf 91' lang='lat' dir='ltr'><strong>ln</strong></span> <span class='ocrx_word' id='word_1_494' title='bbox 1431 4939 1640 5003; x_wconf 81' lang='lat' dir='ltr'><strong>Eboraoisira</strong></span> <span class='ocrx_word' id='word_1_495' title='bbox 1650 4945 1769 5006; x_wconf 84' lang='lat' dir='ltr'><strong>eccles.</strong></span> 
     </span>
     <span class='ocr_line' id='line_1_49' title="bbox 115 5037 1770 5119; baseline 0.004 -22"><span class='ocrx_word' id='word_1_496' title='bbox 115 5040 151 5098; x_wconf 88' lang='lat' dir='ltr'><strong>et</strong></span> <span class='ocrx_word' id='word_1_497' title='bbox 164 5038 319 5099; x_wconf 88' lang='lat' dir='ltr'><strong>omnibus</strong></span> <span class='ocrx_word' id='word_1_498' title='bbox 332 5039 440 5101; x_wconf 83' lang='lat' dir='ltr'><strong>eidem</strong></span> <span class='ocrx_word' id='word_1_499' title='bbox 449 5039 651 5102; x_wconf 87' lang='lat' dir='ltr'><strong>monasterio</strong></span> <span class='ocrx_word' id='word_1_500' title='bbox 664 5039 917 5115; x_wconf 87' lang='lat' dir='ltr'><strong>pertinentibus,</strong></span> <span class='ocrx_word' id='word_1_501' title='bbox 974 5038 1014 5099; x_wconf 88' lang='lat' dir='ltr'><strong>de</strong></span> <span class='ocrx_word' id='word_1_502' title='bbox 1040 5037 1227 5114; x_wconf 87' lang='lat' dir='ltr'><strong>Hapeltune</strong></span> <span class='ocrx_word' id='word_1_503' title='bbox 1247 5052 1321 5096; x_wconf 90' lang='lat' dir='ltr'><strong>cum</strong></span> <span class='ocrx_word' id='word_1_504' title='bbox 1346 5037 1488 5100; x_wconf 87' lang='lat' dir='ltr'><strong>ecelesia</strong></span> <span class='ocrx_word' id='word_1_505' title='bbox 1513 5041 1770 5119; x_wconf 73' lang='lat' dir='ltr'><strong>llaymundesby</strong></span> 
     </span>
     <span class='ocr_line' id='line_1_50' title="bbox 116 5133 1769 5214; baseline 0.004 -20"><span class='ocrx_word' id='word_1_506' title='bbox 116 5134 182 5195; x_wconf 86' lang='lat' dir='ltr'><strong>sub</strong></span> <span class='ocrx_word' id='word_1_507' title='bbox 194 5135 283 5197; x_wconf 85' lang='lat' dir='ltr'><strong>beati</strong></span> <span class='ocrx_word' id='word_1_508' title='bbox 299 5138 389 5199; x_wconf 86' lang='lat' dir='ltr'><strong>Petri</strong></span> <span class='ocrx_word' id='word_1_509' title='bbox 403 5140 436 5199; x_wconf 89' lang='lat' dir='ltr'><strong>et</strong></span> <span class='ocrx_word' id='word_1_510' title='bbox 455 5139 569 5199; x_wconf 88' lang='lat' dir='ltr'><strong>nostra</strong></span> <span class='ocrx_word' id='word_1_511' title='bbox 586 5137 790 5214; x_wconf 81' lang='lat' dir='ltr'><strong>protectione</strong></span> <span class='ocrx_word' id='word_1_512' title='bbox 807 5137 918 5199; x_wconf 84' lang='lat' dir='ltr'><strong>susci·</strong></span> <span class='ocrx_word' id='word_1_513' title='bbox 974 5135 1007 5196; x_wconf 90' lang='lat' dir='ltr'><strong>et</strong></span> <span class='ocrx_word' id='word_1_514' title='bbox 1032 5133 1184 5195; x_wconf 89' lang='lat' dir='ltr'><strong>omuibus</strong></span> <span class='ocrx_word' id='word_1_515' title='bbox 1208 5149 1322 5195; x_wconf 90' lang='lat' dir='ltr'><strong>earum</strong></span> <span class='ocrx_word' id='word_1_516' title='bbox 1349 5136 1571 5211; x_wconf 88' lang='lat' dir='ltr'><strong>pertinentiis.</strong></span> <span class='ocrx_word' id='word_1_517' title='bbox 1602 5141 1769 5202; x_wconf 85' lang='lat' dir='ltr'><strong>Praeterea</strong></span> 
     </span>
     <span class='ocr_line' id='line_1_51' title="bbox 116 5231 1769 5314; baseline 0.005 -22"><span class='ocrx_word' id='word_1_518' title='bbox 116 5232 227 5308; x_wconf 89' lang='lat' dir='ltr'><strong>pimus</strong></span> <span class='ocrx_word' id='word_1_519' title='bbox 242 5236 276 5293; x_wconf 87' lang='lat' dir='ltr'><strong>et</strong></span> <span class='ocrx_word' id='word_1_520' title='bbox 290 5234 465 5310; x_wconf 82' lang='lat' dir='ltr'><strong>praesentis</strong></span> <span class='ocrx_word' id='word_1_521' title='bbox 491 5235 607 5310; x_wconf 83' lang='lat' dir='ltr'><strong>scripti</strong></span> <span class='ocrx_word' id='word_1_522' title='bbox 633 5234 808 5311; x_wconf 86' lang='lat' dir='ltr'><strong>privilegio</strong></span> <span class='ocrx_word' id='word_1_523' title='bbox 827 5248 920 5294; x_wconf 87' lang='lat' dir='ltr'><strong>eom-</strong></span> <span class='ocrx_word' id='word_1_524' title='bbox 974 5231 1148 5293; x_wconf 82' lang='lat' dir='ltr'><strong>ecelesiam</strong></span> <span class='ocrx_word' id='word_1_525' title='bbox 1162 5232 1202 5292; x_wconf 92' lang='lat' dir='ltr'><strong>de</strong></span> <span class='ocrx_word' id='word_1_526' title='bbox 1214 5233 1544 5309; x_wconf 77' lang='lat' dir='ltr'><strong>Tyuemulle,cellam</strong></span> <span class='ocrx_word' id='word_1_527' title='bbox 1557 5237 1769 5314; x_wconf 85' lang='lat' dir='ltr'><strong>deByulram.</strong></span> 
     </span>
     <span class='ocr_line' id='line_1_52' title="bbox 116 5328 1770 5407; baseline 0.004 -18"><span class='ocrx_word' id='word_1_528' title='bbox 116 5330 298 5391; x_wconf 87' lang='lat' dir='ltr'><strong>munimus.</strong></span> <span class='ocrx_word' id='word_1_529' title='bbox 336 5332 546 5397; x_wconf 83' lang='lat' dir='ltr'><strong>statuentes,</strong></span> <span class='ocrx_word' id='word_1_530' title='bbox 582 5333 619 5393; x_wconf 92' lang='lat' dir='ltr'><strong>ut</strong></span> <span class='ocrx_word' id='word_1_531' title='bbox 655 5331 812 5392; x_wconf 84' lang='lat' dir='ltr'><strong>universa</strong></span> <span class='ocrx_word' id='word_1_532' title='bbox 845 5345 919 5407; x_wconf 71' lang='lat' dir='ltr'><strong>quaa</strong></span> <span class='ocrx_word' id='word_1_533' title='bbox 974 5329 1092 5390; x_wconf 87' lang='lat' dir='ltr'><strong>cellam</strong></span> <span class='ocrx_word' id='word_1_534' title='bbox 1111 5328 1151 5390; x_wconf 88' lang='lat' dir='ltr'><strong>de</strong></span> <span class='ocrx_word' id='word_1_535' title='bbox 1166 5330 1424 5407; x_wconf 87' lang='lat' dir='ltr'><strong>Wymundham,</strong></span> <span class='ocrx_word' id='word_1_536' title='bbox 1441 5333 1559 5394; x_wconf 85' lang='lat' dir='ltr'><strong>cellam</strong></span> <span class='ocrx_word' id='word_1_537' title='bbox 1579 5333 1621 5394; x_wconf 91' lang='lat' dir='ltr'><strong>de</strong></span> <span class='ocrx_word' id='word_1_538' title='bbox 1637 5335 1770 5396; x_wconf 89' lang='lat' dir='ltr'><strong>Waliu-</strong></span> 
     </span>
    </p>
   </div>
   <div class='ocr_carea' id='block_1_4' title="bbox 132 2452 898 2527">
    <p class='ocr_par' dir='ltr' id='par_1_5' title="bbox 132 2452 898 2527">
     <span class='ocr_line' id='line_1_53' title="bbox 132 2452 898 2527; baseline 0.003 -15"><span class='ocrx_word' id='word_1_539' title='bbox 132 2453 187 2513; x_wconf 75' lang='lat' dir='ltr'><strong>Ad</strong></span> <span class='ocrx_word' id='word_1_540' title='bbox 205 2452 417 2513; x_wconf 73' lang='lat' dir='ltr'><strong>willielmum</strong></span> <span class='ocrx_word' id='word_1_541' title='bbox 431 2452 585 2513; x_wconf 74' lang='lat' dir='ltr'><strong>abbatem</strong></span> <span class='ocrx_word' id='word_1_542' title='bbox 601 2454 741 2527; x_wconf 56' lang='lat' dir='ltr'><strong>diuque</strong></span> <span class='ocrx_word' id='word_1_543' title='bbox 753 2452 898 2527; x_wconf 77' lang='lat' dir='ltr'><strong>fratres.</strong></span> 
     </span>
    </p>
   </div>
   <div class='ocr_carea' id='block_1_5' title="bbox 114 5425 1768 5602">
    <p class='ocr_par' dir='ltr' id='par_1_6' title="bbox 114 5425 1768 5602">
     <span class='ocr_line' id='line_1_54' title="bbox 116 5425 1768 5508; baseline 0.007 -21"><span class='ocrx_word' id='word_1_544' title='bbox 116 5426 262 5489; x_wconf 85' lang='lat' dir='ltr'><strong>illustris</strong></span> <span class='ocrx_word' id='word_1_545' title='bbox 283 5428 453 5490; x_wconf 79' lang='lat' dir='ltr'><strong>memorie</strong></span> <span class='ocrx_word' id='word_1_546' title='bbox 477 5428 549 5491; x_wconf 77' lang='lat' dir='ltr'><strong>Otia</strong></span> <span class='ocrx_word' id='word_1_547' title='bbox 573 5428 740 5500; x_wconf 84' lang='lat' dir='ltr'><strong>videlieet,</strong></span> <span class='ocrx_word' id='word_1_548' title='bbox 768 5431 800 5490; x_wconf 89' lang='lat' dir='ltr'><strong>et</strong></span> <span class='ocrx_word' id='word_1_549' title='bbox 829 5427 918 5489; x_wconf 84' lang='lat' dir='ltr'><strong>tilius</strong></span> <span class='ocrx_word' id='word_1_550' title='bbox 974 5425 1057 5497; x_wconf 85' lang='lat' dir='ltr'><strong>iord,</strong></span> <span class='ocrx_word' id='word_1_551' title='bbox 1072 5425 1189 5488; x_wconf 84' lang='lat' dir='ltr'><strong>cellam</strong></span> <span class='ocrx_word' id='word_1_552' title='bbox 1204 5426 1244 5487; x_wconf 91' lang='lat' dir='ltr'><strong>de</strong></span> <span class='ocrx_word' id='word_1_553' title='bbox 1258 5428 1410 5499; x_wconf 88' lang='lat' dir='ltr'><strong>Benwer,</strong></span> <span class='ocrx_word' id='word_1_554' title='bbox 1425 5429 1544 5490; x_wconf 85' lang='lat' dir='ltr'><strong>cellam</strong></span> <span class='ocrx_word' id='word_1_555' title='bbox 1560 5431 1600 5490; x_wconf 88' lang='lat' dir='ltr'><strong>de</strong></span> <span class='ocrx_word' id='word_1_556' title='bbox 1616 5433 1768 5508; x_wconf 83' lang='lat' dir='ltr'><strong>Hersord.</strong></span> 
     </span>
     <span class='ocr_line' id='line_1_55' title="bbox 114 5520 1768 5602; baseline 0.006 -18"><span class='ocrx_word' id='word_1_557' title='bbox 114 5528 191 5600; x_wconf 84' lang='lat' dir='ltr'><strong>ejus</strong></span> <span class='ocrx_word' id='word_1_558' title='bbox 228 5523 400 5602; x_wconf 75' lang='lat' dir='ltr'><strong>Egiricius,</strong></span> <span class='ocrx_word' id='word_1_559' title='bbox 438 5526 602 5599; x_wconf 84' lang='lat' dir='ltr'><strong>lidredus,</strong></span> <span class='ocrx_word' id='word_1_560' title='bbox 633 5526 851 5598; x_wconf 87' lang='lat' dir='ltr'><strong>Willielmus,</strong></span> <span class='ocrx_word' id='word_1_561' title='bbox 887 5527 920 5587; x_wconf 82' lang='lat' dir='ltr'><strong>et</strong></span> <span class='ocrx_word' id='word_1_562' title='bbox 974 5520 1093 5588; x_wconf 84' lang='lat' dir='ltr'><strong>cellam</strong></span> <span class='ocrx_word' id='word_1_563' title='bbox 1117 5522 1158 5585; x_wconf 88' lang='lat' dir='ltr'><strong>de</strong></span> <span class='ocrx_word' id='word_1_564' title='bbox 1180 5523 1271 5585; x_wconf 87' lang='lat' dir='ltr'><strong>Bello</strong></span> <span class='ocrx_word' id='word_1_565' title='bbox 1298 5526 1395 5596; x_wconf 85' lang='lat' dir='ltr'><strong>Loco,</strong></span> <span class='ocrx_word' id='word_1_566' title='bbox 1413 5525 1531 5588; x_wconf 85' lang='lat' dir='ltr'><strong>cellam</strong></span> <span class='ocrx_word' id='word_1_567' title='bbox 1547 5525 1587 5590; x_wconf 88' lang='lat' dir='ltr'><strong>de</strong></span> <span class='ocrx_word' id='word_1_568' title='bbox 1603 5529 1768 5601; x_wconf 84' lang='lat' dir='ltr'><strong>Hethseld,</strong></span> 
     </span>
    </p>
   </div>
   <div class='ocr_carea' id='block_1_6' title="bbox 153 5639 1630 5825">
    <p class='ocr_par' dir='ltr' id='par_1_7' title="bbox 153 5639 1630 5825">
     <span class='ocr_line' id='line_1_56' title="bbox 153 5639 486 5713; baseline 0.012 -19"><span class='ocrx_word' id='word_1_569' title='bbox 153 5639 195 5713; x_wconf 87' lang='lat' dir='ltr'><strong>(l)</strong></span> <span class='ocrx_word' id='word_1_570' title='bbox 217 5641 285 5698; x_wconf 84' lang='lat' dir='ltr'><strong>llss.</strong></span> <span class='ocrx_word' id='word_1_571' title='bbox 303 5641 486 5701; x_wconf 73' lang='lat' dir='ltr'><strong>somlutinie.</strong></span> 
     </span>
     <span class='ocr_line' id='line_1_57' title="bbox 261 5767 1630 5825; baseline 0.001 -2"><span class='ocrx_word' id='word_1_572' title='bbox 261 5778 377 5825; x_wconf 68' lang='lat' dir='ltr'><strong>airuns.</strong></span> <span class='ocrx_word' id='word_1_573' title='bbox 397 5778 471 5823; x_wconf 76' lang='lat' dir='ltr'><strong>ruite</strong></span> <span class='ocrx_word' id='word_1_574' title='bbox 488 5767 538 5824; x_wconf 89' lang='lat' dir='ltr'><strong>lll.</strong></span> <span class='ocrx_word' id='word_1_575' title='bbox 1613 5768 1630 5824; x_wconf 79' lang='lat' dir='ltr'><strong>t</strong></span> 
     </span>
    </p>
   </div>
   <div class='ocr_carea' id='block_1_7' title="bbox 0 0 1892 6181">
    <p class='ocr_par' dir='ltr' id='par_1_8' title="bbox 0 0 1892 6181">
     <span class='ocr_line' id='line_1_58' title="bbox 0 0 1892 6181; baseline 0 0"><span class='ocrx_word' id='word_1_576' title='bbox 0 0 1892 6181; x_wconf 95' lang='lat' dir='ltr'><strong> </strong></span> 
     </span>
    </p>
   </div>
  </div>
 </body>
</html>
