3774 6186
133 292 186 351 rar
554 303 562 311 ·
751 292 923 351 llthtlilll
947 292 989 350 ιιι
1012 274 1158 351 oraria.
1322 316 1331 323 -
1724 294 1777 357 132

131 468 205 513 cum
221 450 374 512 omnibus
400 451 546 511 omnium
571 466 685 511 aarum
706 450 924 527 pertinentiis,
979 448 1177 510 clericorum
1190 452 1222 511 et
1235 448 1423 511 claustralis
1438 451 1532 528 quies
1546 450 1712 525 turbetur,
1722 470 1775 519 nec

131 548 358 626 dignitatibus,
369 565 408 610 ac
416 548 530 609 liberis
546 548 853 618 consuetudinibus,
865 546 927 610 nec'
980 563 1046 608 nou
1068 549 1100 609 et
1114 548 1279 624 regularis
1295 547 1515 610 observantiae
1531 549 1714 627 disciplina
1734 554 1775 615 si·

129 663 196 708 non
212 647 297 708 alias
310 647 481 719 ecclesias
507 647 665 718 decimae,
682 647 791 713 villas,
805 648 924 716 terras,
980 645 1046 705 mul
1060 662 1135 706 cum
1150 626 1346 718 substantia,
1369 648 1564 708 monasterii
1589 649 1771 727 minuatur;

129 761 243 822 aquas,
259 746 646 822 prata,pascna,sylvas
664 744 925 806 redditusetiam
978 741 1035 803 sed
1062 744 1190 805 cunctis
1222 744 1258 804 in
1287 746 1454 820 posterum
1485 745 1603 806 diebus
1639 746 1771 810 ecclesia

129 845 162 904 et
178 843 289 903 omnia
318 842 426 903 eidem
443 842 645 903 monasterio
671 842 723 903 vel
744 841 837 903 cellis
853 844 925 918 ejus
980 840 1092 902 Sancti
1107 840 1226 902 Albani
1243 857 1309 902 non
1325 841 1515 919 episcopum
1526 843 1585 903 sed
1600 842 1771 907 abbatema

23 976 30 987 κ
128 941 339 1017 pertinentia,
357 941 443 1001 sicut
463 941 499 1000 in
514 940 699 1016 privilegiis
720 939 922 1017 pontificum,
979 953 1042 1013 qrro
1053 940 1189 1014 regatur
1202 939 1331 1010 babeat,
1342 941 1398 1016 qui
1408 939 1449 1000 ob
1462 942 1688 1003 reverentiam
1698 944 1772 1019 oJus·

127 1053 241 1113 regum
264 1038 317 1098 vel
334 1038 476 1098 aliorum
493 1037 627 1113 scriptis
650 1037 796 1098 fidelium
817 1037 926 1099 conti·
978 1035 1052 1096 dem
1065 1036 1203 1114 pretiosi
1215 1038 1371 1114 martyris
1382 1039 1584 1114 pontificalis
1595 1039 1770 1116 dignitatis,

129 1135 411 1214 netur3quidquid
426 1137 586 1212 praeterea
600 1134 781 1211 dignitatis,
794 1135 925 1197 liberta·
978 1134 1012 1194 in
1035 1137 1193 1211 quantum
1216 1134 1327 1196 abbati
1348 1137 1485 1197 concedi
1506 1136 1556 1198 sas
1581 1139 1644 1209 est,
1665 1137 1772 1203 debeat

124 1234 168 1295 tis
184 1239 216 1295 et
237 1234 452 1311 competentis
477 1234 628 1294 eeclesiae
656 1250 694 1294 ac
723 1233 923 1295 monasterio
977 1231 1126 1292 obtinere
1138 1233 1294 1294 uidelicet
1308 1234 1344 1294 ut
1359 1233 1445 1294 sicut
1458 1235 1667 1311 pontificalia
1683 1236 1771 1300 babet

125 1333 374 1393 consuetudinis
391 1349 449 1409 per
473 1347 589 1406 regum
616 1330 667 1392 vel
683 1331 825 1392 aliorum
842 1331 925 1392 iide-
973 1331 1063 1406 jura,
1079 1331 1170 1392 itaet
1193 1331 1396 1406 pontificalia
1426 1331 1546 1393 babeat
1570 1337 1769 1410 ornamenta,

123 1430 204 1490 lium
218 1430 351 1506 scripto,
367 1429 439 1490 loco
451 1429 557 1490 eidem
572 1430 604 1491 et
616 1428 710 1490 cellis
726 1432 797 1506 ejus
812 1429 921 1490 colla·
977 1428 1108 1488 mitram
1124 1427 1262 1500 scilicet,
1280 1429 1453 1501 cirotecas,
1476 1430 1640 1491 annulum
1652 1432 1685 1492 et
1702 1448 1772 1494 san·

123 1530 192 1589 tum
217 1529 276 1598 est,
299 1543 360 1588 nos
387 1543 516 1604 quoqne
544 1527 643 1603 liujus
670 1526 787 1603 scripti
815 1527 923 1587 nostri
977 1524 1076 1596 dalla,
1092 1525 1204 1586 tunica
1220 1542 1349 1603 quoque
1365 1528 1397 1587 et
1417 1526 1595 1588 dalmatica
1623 1529 1659 1589 in
1689 1530 1772 1592 cele·

123 1625 243 1687 robore
267 1625 513 1696 confirmamus,
533 1626 567 1686 ut
586 1623 742 1684 videlicet
763 1622 923 1684 ecclesias
976 1621 1183 1683 locationibus
1199 1624 1376 1684 missarum
1395 1627 1518 1696 utatur,
1536 1641 1611 1702 quae
1627 1626 1727 1689 liceat
1746 1628 1771 1689 ei

27 1700 34 1716 ’
123 1723 237 1783 Sancti
250 1722 371 1783 Albani
395 1724 428 1783 et
439 1701 531 1783 ceslae
542 1725 615 1798 ejus
634 1723 667 1782 et
681 1721 793 1782 omnia
808 1721 848 1782 ad
865 1738 923 1783 eas
977 1735 1043 1780 non
1059 1722 1186 1781 tanturn
1198 1721 1232 1780 in
1249 1721 1384 1797 propria
1397 1723 1539 1784 ecclesia
1553 1723 1606 1784 vel
1626 1723 1662 1783 in
1686 1725 1771 1786 cellis

122 1821 324 1897 pertinentia
339 1819 447 1881 libera
463 1820 529 1880 sint
544 1818 585 1879 ab
606 1819 695 1880 omni
713 1819 835 1881 tributo
851 1820 922 1881 sive
976 1817 1096 1878 restris
1121 1817 1179 1878 sed
1196 1820 1228 1879 et
1253 1818 1287 1878 in
1302 1819 1455 1880 omnibus
1470 1821 1624 1882 ecclesiis
1640 1821 1681 1882 ad
1698 1839 1772 1900 quas

122 1916 212 1992 regis
223 1933 282 1978 sen
294 1917 452 1994 episcopi,
465 1916 535 1977 sire
553 1916 921 1989 comitisuicecomitis,
976 1920 1111 1989 rogatus
1122 1917 1305 1977 accesserit
1328 1916 1472 1978 infestis
1493 1918 1613 1979 diebus
1635 1922 1769 1995 gestare,

118 2014 229 2086 ducis,
244 2014 369 2091 judicis
390 2017 422 2075 et
437 2015 604 2074 exactoris
620 2015 652 2074 et
675 2013 921 2091 omnibusope·
976 2011 1240 2074 benedictionem
1276 2013 1372 2085 dare,
1398 2015 1598 2077 vestimenta
1624 2017 1772 2080 sacerdo·

125 2111 217 2171 ribus
232 2129 305 2188 quae
334 2111 437 2172 indici
453 2110 499 2190 (1)
520 2112 572 2172 rel
588 2111 820 2173 emendatione
834 2127 921 2190 pon·
975 2109 1056 2170 talia
1074 2109 1281 2182 benedicere,
1305 2111 1445 2174 clericos
1464 2129 1542 2174 suos
1571 2114 1719 2187 tensare,
1745 2117 1771 2177 et

118 2211 217 2279 tium,
233 2209 456 2280 castellorum,
469 2224 655 2285 parcorum.
975 2207 1010 2268 in
1024 2210 1146 2269 sortem
1160 2208 1360 2269 dominicam
1386 2225 1568 2283 assumere,
1596 2212 1772 2274 sanctimo-

162 2307 279 2367 Omnia
308 2308 416 2367 antem
437 2306 640 2383 pontificalia
661 2308 740 2383 Jura
763 2306 922 2367 cellarum
975 2305 1083 2365 niales
1099 2321 1177 2365 suas
1192 2304 1399 2366 benedicere.
1415 2309 1454 2368 Et
1476 2308 1563 2370 sicut
1583 2307 1703 2371 beatus
1716 2309 1770 2371 Al-

115 2405 236 2465 ·Sancti
251 2403 370 2465 Albani
386 2406 418 2466 et
433 2405 649 2464 ecclesiarum
666 2407 738 2481 eJus
753 2403 814 2465 sub
832 2407 923 2482 ejus·
975 2402 1080 2464 banus
1093 2403 1274 2479 anglorum
1293 2406 1517 2483 protomartyr
1540 2421 1615 2468 esse
1641 2407 1771 2485 dignos·

114 2503 194 2563 »dem
212 2501 340 2562 abbatis
357 2501 573 2577 dispositione
588 2517 627 2562 ac
643 2501 781 2563 arbitrio
796 2517 924 2578 perma·
976 2501 1072 2571 citur,
1090 2501 1136 2561 ita
1163 2504 1196 2562 et
1221 2499 1323 2562 abbas
1344 2503 1539 2564 monasterii
1560 2504 1670 2581 ipsius
1693 2505 1771 2566 iuter

119 2599 235 2658 neant.
248 2597 399 2657 Chrisma
410 2613 500 2668 vero,
512 2597 620 2658 oleum
633 2599 795 2670 sanctum,
810 2612 923 2659 conse·
975 2598 1110 2659 abbates
1122 2599 1250 2674 Angliae
1267 2599 1392 2675 primus
1408 2600 1659 2678 omnitempore
1675 2602 1772 2680 digni·

116 2695 288 2756 crationes
317 2695 472 2754 altarium
496 2710 554 2755 seu
567 2695 792 2767 basilicarum,
820 2695 923 2757 bene-
977 2697 1052 2758 tatis
1064 2695 1180 2756 ordine
1196 2695 1368 2756 habeatur.
1385 2698 1433 2757 lta
1458 2699 1570 2759 tamen
1585 2700 1673 2776 quod
1687 2716 1769 2762 nuu-

117 2790 285 2854 dictiones
300 2791 440 2863 abbatis,
455 2793 692 2853 monachorum
709 2809 769 2853 seu
782 2793 923 2855 clerico-
976 2809 1073 2871 quam
1089 2793 1152 2854 bac
1168 2794 1344 2855 occasione
1363 2794 1451 2855 inira
1466 2795 1615 2858 claustra
1638 2812 1770 2859 monas·

122 2890 446 2960 meminationes,
464 2905 483 2950 a
501 2907 707 2967 quocumque
735 2891 921 2954 malueritis
975 2890 1427 2968 teriiabbasipsepraesumat
1438 2892 1485 2953 uti
1495 2909 1602 2971 cappa
1617 2894 1769 2968 clericali,

120 2988 288 3050 catholico
302 2988 492 3064 suscipiatis
515 2989 673 3056 antistite,
688 2989 746 3066 qui
765 2990 922 3051 nimirum
974 2989 1027 3049 rel
1042 2989 1196 3050 saeculari
1213 2988 1326 3065 aliquo
1342 2989 1544 3063 indumento,
1567 2992 1626 3053 sed
1642 3008 1770 3054 monas·

122 3089 237 3147 nostra
266 3085 368 3147 tultus
394 3086 591 3147 auctoritate
615 3086 702 3163 quod
720 3087 921 3164 postulatum
975 3085 1032 3147 tici
1046 3084 1772 3164 babitusrererentiaminomnibusdiligeu·

121 3184 223 3245 fuerit
238 3183 420 3259 indulgeat,
437 3199 498 3244 nec
513 3184 600 3260 quod
616 3185 779 3261 petieritis
801 3185 922 3248 audeat
974 3181 1184 3244 terobservet
1195 3181 1374 3244 etsorrnam
1384 3182 1558 3259 religionis
1570 3186 1770 3262 praetendere

120 3282 298 3358 denegare.
315 3280 463 3342 Obeunte
490 3298 570 3343 uero
595 3284 627 3342 te
656 3298 744 3342 nunc
774 3283 921 3359 ejusdem
976 3280 1173 3341 intuentium
1189 3279 1294 3340 oculis
1309 3280 1553 3357 comprobetur.

70 3446 77 3451 ,
122 3379 331 3451 lociabbate,
348 3381 401 3440 rel
420 3379 553 3440 tuorum
578 3379 724 3456 quolibet
750 3396 923 3443 succes-o-
1015 3381 1052 3438 ln
1063 3377 1224 3455 ponendis
1235 3392 1315 3437 vero
1325 3377 1378 3438 vel
1389 3380 1602 3440 removendis
1611 3380 1768 3458 prioribus

122 3493 208 3547 rum,
224 3476 335 3536 nullus
346 3474 545 3551 ibiqualibet
559 3475 783 3552 subreptionis
800 3479 921 3539 astutia
975 3476 1134 3537 cellarum
1147 3475 1201 3535 rel
1214 3475 1398 3547 monacbis,
1421 3477 1533 3537 nullus
1549 3478 1688 3542 omuino
1708 3479 1767 3540 cle·

120 3591 183 3634 seu
198 3573 358 3634 uiolentia
375 3575 597 3648 praeponatur.
621 3573 685 3633 Sed
707 3574 805 3635 liceat
828 3573 921 3638 robis
976 3574 1065 3634 ricus
1080 3573 1150 3634 sive
1170 3572 1276 3633 laicus
1297 3588 1334 3633 se
1356 3573 1512 3651 oinciat3
1531 3575 1589 3636 sed
1603 3575 1707 3638 abbas
1719 3577 1765 3654 qui

123 3669 453 3740 cornmuniconsilio,
472 3672 653 3730 conventus
669 3671 721 3731 vel
736 3671 922 3747 partiacon·
975 3687 1035 3748 pro
1050 3673 1197 3747 tempore
1215 3670 1315 3732 suerit
1342 3672 1485 3748 ponendi
1510 3672 1563 3733 vel
1584 3673 1763 3747 removendi

122 3768 193 3828 silii
220 3767 385 3838 sanioris,
416 3768 595 3828 secundum
623 3769 683 3828 Dei
710 3768 862 3830 timorem
890 3773 923 3833 et
974 3785 1043 3840 eos,
1058 3768 1114 3828 ubi
1124 3770 1345 3844 opportunum
1360 3768 1471 3840 tuerit,
1483 3766 1610 3847 absque
1635 3771 1763 3849 alicujus

124 3865 213 3927 beati
229 3864 396 3926 Benedicti
408 3865 568 3941 regulam,
583 3865 707 3943 absque
719 3866 821 3927 ullius
841 3884 923 3928 con·
974 3864 1236 3927 contradictione
1261 3865 1402 3926 liberam
1425 3865 1548 3929 habeat
1572 3866 1760 3938 facultatem,

121 3962 321 4026 tradictione
335 3961 486 4023 abbatem
502 3963 637 4040 eligere,
652 3964 707 4040 qui
725 3965 759 4024 in
781 3981 921 4042 suscep·
975 3966 1139 4041 qnatenus
1163 3966 1232 4024 tam
1263 3964 1391 4039 priores
1425 3979 1524 4041 quarn
1557 3967 1713 4028 monachi
1735 3966 1761 4025 ιιι

123 4062 215 4123 tione
227 4059 467 4121 benedictionis
482 4077 551 4122 suae
567 4062 694 4123 cunctis
710 4062 922 4139 inposterum
976 4060 1130 4122 abbatum
1157 4076 1293 4121 suornm
1317 4076 1449 4137 semper
1462 4064 1630 4137 potestate
1644 4077 1761 4141 perma-

122 4157 240 4219 diebus
255 4158 318 4219 soli
331 4160 489 4219 Romanae
505 4157 661 4219 Ecclesiae
682 4158 921 4235 professionem
975 4160 1088 4231 neant,
1105 4161 1138 4218 et
1149 4159 1197 4219 ita
1209 4173 1269 4234 per
1282 4158 1394 4219 omnia
1419 4158 1517 4219 liberi
1545 4160 1616 4222 sint
1640 4160 1762 4222 ubilibet

124 4255 322 4317 obedientiae
362 4255 479 4316 debeat
513 4254 682 4316 exhibere.
723 4258 782 4317 Cui
822 4258 922 4319 etiam
976 4256 1165 4318 habitantes
1177 4255 1218 4315 ab
1238 4256 1470 4332 episcoporum
1495 4257 1762 4335 subjectionem

125 4352 238 4414 abbati
259 4352 386 4412 licitum
405 4352 458 4423 sit,
476 4353 561 4414 sicut
579 4369 599 4413 a
624 4353 923 4429 praedecessoribus
976 4355 1004 4414 si
1016 4354 1049 4414 in
1063 4369 1202 4430 corpore
1214 4353 1407 4414 monasterii
1417 4357 1686 4429 morarentur,in
1695 4370 1763 4434 quos

126 4449 250 4511 nostris
265 4448 358 4509 robis
378 4464 570 4510 concessum
594 4453 655 4522 est,
681 4467 858 4526 personam
880 4452 923 4514 de
976 4452 1069 4512 nulla
1095 4451 1230 4512 omnino
1263 4464 1417 4527 persona,
1441 4453 1565 4528 prater
1593 4455 1765 4515 Romanum

127 4548 197 4608 suis
226 4545 384 4607 tratribus
414 4554 511 4622 quam
546 4547 701 4609 maluerit
733 4549 920 4622 honestam,
977 4549 1170 4610 Pontificem
1183 4549 1235 4609 rel
1248 4548 1394 4624 legatum
1410 4549 1617 4611 cardinalem
1631 4567 1653 4612 a
1666 4553 1765 4612 nostro

125 4644 280 4705 idoneam
316 4643 348 4703 et
393 4644 555 4704 maturam
596 4646 809 4717 constituere,
850 4664 923 4724 quae
977 4647 1081 4709 latere
1099 4646 1313 4714 destinatum,
1333 4648 1693 4711 excommunicationis
1717 4663 1766 4709 seu

128 4758 242 4803 curam
264 4741 450 4801 animarum
465 4740 526 4800 sub
540 4757 580 4802 eo
595 4744 691 4819 gerat
704 4745 737 4804 et
750 4745 923 4806 archidia-
976 4744 1145 4807 interdicti
1169 4744 1368 4804 seutentiam
1398 4744 1522 4806 audeat
1551 4748 1764 4824 promulgare.

127 4839 203 4897 coni
216 4837 362 4898 osticium
377 4839 412 4897 in
423 4838 575 4899 omuibus
586 4839 732 4916 impleat.
748 4844 872 4903 Verum
883 4859 925 4903 ne
978 4842 1069 4915 Quod
1106 4842 1135 4901 si
1169 4841 1334 4918 quispiam
1366 4842 1455 4902 alius
1489 4841 1605 4920 aliquo
1630 4847 1767 4923 tempore

128 4949 188 5012 per
214 4933 313 5010 hujus
341 4935 511 5009 dignitatis
539 4939 793 5013 praerogativam
822 4939 924 5001 abbas
977 4942 1140 5002 attentare
1164 4940 1424 5016 praesumpserit,
1440 4942 1514 5017 eJus
1540 4941 1578 5001 in
1599 4941 1665 5004 bac
1683 4942 1767 5020 parto

129 5030 280 5109 praedicti
295 5032 488 5092 monasterii
509 5034 781 5112 aliquotempore
795 5035 925 5098 facilio-
978 5037 1100 5098 lactum
1125 5036 1261 5099 omnino
1286 5035 1414 5097 viribus
1441 5041 1557 5099 careat
1584 5041 1618 5100 et
1646 5039 1768 5118 penitus

128 5146 201 5190 rem
216 5127 367 5189 fortassis
377 5129 418 5188 ad
434 5130 658 5207 episcopatum
671 5133 792 5196 babeat
806 5151 924 5197 acces·
977 5135 1109 5195 irritum
1135 5133 1308 5195 habeatur.
1332 5133 1552 5198 Prohibemus
1573 5153 1716 5216 quoque,
1738 5139 1770 5197 ut

130 5243 215 5296 sum,
230 5224 418 5302 apostolica
431 5228 626 5290 auctoritate
634 5230 873 5306 interdicimus,
884 5249 925 5295 ne
978 5231 1090 5292 nullus
1121 5230 1298 5309 episcopus
1330 5233 1401 5292 sive
1436 5232 1711 5313 archiepiscopus
1739 5233 1770 5295 iu

131 5339 276 5400 unquam
301 5323 336 5383 in
364 5325 565 5385 monasterio
585 5325 675 5390 beati
688 5328 808 5391 Albani
824 5331 925 5393 Sedes
977 5331 1089 5391 uestro
1103 5329 1253 5391 ooenobio
1265 5329 1318 5390 rel
1333 5329 1564 5406 adjacentibus
1579 5332 1729 5395 meleis
1739 5331 1772 5392 iu

131 5420 331 5497 episcopalis
345 5422 578 5493 constituatur,
599 5440 640 5485 ne
663 5428 838 5490 occasione
861 5429 925 5491 ista
978 5425 1255 5504 guibusejmdem
1269 5427 1464 5489 monasterii
1478 5427 1584 5489 abbas
1593 5432 1652 5506 jus
1666 5429 1772 5507 ponti-

25 5576 30 5581 .
132 5518 328 5594 ‹prandoque
342 5519 492 5579 monachi
510 5520 718 5596 dispositioni
733 5523 925 5599 subjaceant
979 5524 1075 5585 drale
1099 5523 1224 5584 babere
1242 5525 1459 5598 dignoscitur,
1483 5526 1605 5587 missus
1628 5526 1772 5604 publicas

169 5633 207 5691 ιιι
226 5632 316 5687 ιιεειῖῐ
327 5631 428 5687 solani.
