3774 6186
181 288 240 353 alt
805 293 982 356 HONORII
1004 294 1049 355 111
1071 295 1218 357 OPERA.
1775 297 1831 358 812

183 449 360 528 privilegio
386 451 637 529 comprehensa,
655 444 810 516 studeant
833 453 981 516 inviola·
1037 453 1165 528 damus,
1195 461 1358 534 quatenus
1389 458 1418 520 si
1448 457 1725 535 archiepiscopus
1748 455 1831 518 iulia

184 545 298 610 biliter
321 548 511 622 observare,
541 551 646 627 priori
672 567 733 612 suo
761 551 981 628 impendendo
1036 551 1831 633 (1101101111111111101111101110111111101

185 647 407 708 reverentiam
425 650 457 710 et
473 647 694 709 obedientiam
707 649 867 711 humilem
884 652 916 711 et
930 649 984 710 de·
1036 650 1228 726 probaverit
1250 669 1297 724 se,
1320 654 1379 714 illo
1402 655 1551 730 tempore
1574 668 1640 731 quo
1662 668 1726 729 per
1745 654 1830 713 Her-

184 745 307 816 101111,
330 744 375 805 111
392 746 476 822 qtrod
494 745 620 807 clamor
635 747 674 808 de
689 748 837 823 ipsorum
853 747 983 808 discor·
1036 747 1165 809 bertum
1186 751 1409 823 meditarium,
1431 752 1553 813 omisso
1578 751 1750 827 episcopo,
1776 750 1833 812 iuit

186 840 251 901 diis
265 842 306 903 ad
323 845 448 914 nostra,
465 844 517 905 vel
534 845 634 906 etiam
654 845 796 906 aliorum
814 860 924 917 auree,
942 844 982 905 de
1037 846 1237 922 appellatum
1253 849 1294 909 ad
1312 849 1431 925 ipsum,
1448 850 1552 909 fuisse
1571 865 1631 925 per
1653 848 1760 910 alium
1775 863 1830 909 ac·

185 926 296 1001 cetero
313 956 379 1002 non
398 942 567 1014 ascendat,
587 943 736 1019 quinimo
755 942 980 1015 iamaeorum,
1035 942 1105 1003 tum
1120 943 1154 1002 in
1171 944 1265 1021 quasi
1286 946 1496 1021 possessione
1515 945 1702 1023 recipiendi
1718 946 1830 1022 appel-

183 1052 258 1113 quas
272 1053 332 1114 per
343 1038 532 1115 lmJ'usmodi
548 1040 732 1101 discordias
743 1041 793 1102 est
803 1040 981 1118 plurimum
1036 1041 1177 1104 lationes
1194 1058 1214 1104 1
1238 1042 1363 1104 decano
1379 1043 1419 1104 de
1433 1044 1638 1105 Bellomonte
1661 1042 1705 1103 ad
1726 1045 1830 1103 Turo-

184 1135 369 1211 denigrata,
391 1152 450 1214 per
466 1138 657 1200 eorumdem
679 1138 905 1209 concordiam,
929 1139 983 1199 ni·
1037 1156 1172 1202 nensem
1184 1140 1482 1217 archiepiscopum,
1497 1141 1742 1202 cenomanensi
1754 1141 1833 1217 epis·

184 1232 289 1295 torem
304 1235 407 1311 possit
420 1235 569 1312 recipere
584 1236 788 1307 consuetum,
801 1236 931 1313 ipsique
946 1236 981 1296 in
1037 1254 1118 1315 copo
1150 1239 1384 1315 praetermisso,
1413 1238 1616 1300 denuntietis
1639 1237 1831 1315 praedictam

183 1334 365 1407 conspectu
388 1333 458 1404 liei,
479 1334 513 1393 et
534 1332 706 1394 bominum
725 1334 858 1395 solitam
880 1335 980 1396 inve·
1036 1335 1266 1413 suspensionis
1280 1335 1478 1398 seutentiam
1492 1335 1618 1397 nullam
1632 1336 1769 1413 penitus
1783 1352 1833 1396 ex·

185 1429 259 1490 nire
278 1431 419 1504 gratiam
441 1432 644 1493 mereantur.
671 1432 826 1493 Parrasi
848 1430 932 1494 iorte
946 1432 981 1492 in
1036 1434 1155 1505 titisse,
1178 1449 1309 1511 poenam
1330 1435 1465 1511 propter
1483 1434 1546 1495 boc
1565 1434 1630 1510 ipsi
1646 1433 1833 1509 archiepis·

185 1526 331 1601 capitulo
352 1528 425 1603 ipso
440 1530 614 1591 emerserit
632 1529 758 1607 aliquid
774 1529 980 1607 quaestionis,
1036 1547 1118 1608 copo
1141 1531 1285 1593 debitam
1308 1534 1423 1594 nostro
1444 1531 1585 1594 arbitrio
1604 1534 1829 1592 reservantes.

184 1638 245 1684 ros
258 1624 290 1684 id
304 1626 501 1688 auctoritate
512 1627 627 1688 nostra
634 1629 731 1704 juata
742 1627 866 1689 statuta
876 1627 981 1703 ipsius
1036 1630 1128 1700 Quod
1149 1629 1178 1690 si
1198 1629 1238 1691 de
1259 1630 1320 1691 tali
1344 1630 1442 1708 quasi
1466 1629 1680 1706 possessione
1707 1628 1830 1690 consti-

185 1721 312 1782 ordinis
327 1722 528 1796 decidentes,
543 1725 628 1801 quod
645 1725 831 1787 statueritis
849 1725 981 1787 faciatis
1035 1727 1125 1799 terit,
1153 1743 1215 1789 vos
1250 1726 1291 1788 de
1327 1728 1457 1789 meritis
1482 1727 1658 1788 sententiae
1692 1742 1830 1802 cognos-

183 1819 326 1881 tirmiter
341 1820 524 1882 observari.
542 1822 676 1894 Quodsi
691 1838 758 1884 101
773 1838 900 1894 omnes,
916 1823 979 1884 etc.
1036 1825 1165 1897 centes,
1202 1823 1230 1884 si
1269 1840 1343 1884 eam
1377 1823 1574 1885 inveneritis
1604 1824 1699 1900 J'uste
1736 1822 1830 1884 luisse

183 1918 303 1978 Datum
326 1918 495 1990 Laterani,
512 1922 541 1980 ll
561 1920 636 1981 idus
655 1920 748 1992 maii,
769 1919 982 1997 pontificatus
1037 1922 1210 1998 prolatam,
1238 1920 1412 2000 praelatum
1439 1922 1629 1999 episcopum
1658 1921 1701 1981 ad
1729 1920 1829 1997 ipsum

185 2015 292 2077 nostri
307 2032 394 2077 auno
407 2016 535 2093 quinto.
1036 2019 1322 2096 archiepiscopum
1336 2019 1525 2085 remittatis.
1537 2034 1637 2095 poena
1653 2017 1768 2080 debita
1781 2035 1830 2096 pu-

1036 2117 1203 2179 niendum.
1215 2117 1337 2178 Sivero
1348 2118 1507 2194 injustam
1518 2116 1621 2177 luisse
1633 2116 1828 2186 constiterit,

1036 2231 1166 2292 poenam
1188 2215 1253 2291 ipsi
1275 2214 1526 2291 archiepiscopo
1551 2214 1699 2276 debitam
1723 2214 1829 2275 nostm

418 2259 744 2349 CCCLXXXVHI
1036 2312 1254 2374 nibilominus
1272 2313 1410 2373 arbitrio
1429 2312 1620 2374 reservetis.
1647 2314 1767 2373 Testes
1781 2327 1830 2372 au·

183 2404 236 2463 Ad
252 2403 398 2463 dccattos
413 2403 667 2464 attttrtccaeem
685 2405 718 2465 et
734 2405 982 2466 carnotensem
1036 2413 1112 2482 tem,
1134 2413 1195 2472 etc.
1223 2410 1315 2483 Quod
1336 2411 1365 2470 si
1384 2426 1450 2470 non
1475 2425 1601 2481 omnes,
1625 2413 1690 2471 etc.
1717 2411 1828 2470 Datum

284 2500 318 2560 ct
335 2502 566 2562 subdecanum
585 2505 881 2564 aurelianensem.
1035 2508 1204 2579 Laterani,
1230 2507 1340 2568 idibus
1364 2508 1454 2580 maii,
1483 2507 1700 2586 pontificatus
1733 2506 1830 2568 nostri

477 2631 511 2688 itt
525 2631 592 2689 maii
609 2632 687 2691 llll.
1036 2621 1124 2667 anno
1140 2606 1265 2683 quinto.

218 2745 336 2809 [begeat.
348 2745 394 2795 lib.
405 2747 438 2807 v,
449 2745 523 2810 epist.
534 2745 589 2796 alt.
601 2747 657 2796 llss.
672 2747 708 2797 La
719 2747 796 2797 Porta
808 2747 843 2797 du
854 2746 948 2812 Thell]

185 2860 312 2934 injungit
321 2860 373 2928 eis,
385 2866 416 2917 ut
428 2861 452 2918 si
463 2859 695 2934 archiepiscopus
708 2860 892 2931 Turonensis,
909 2859 980 2919 inira
1288 2829 1575 2918 CCCLXXXIX

219 2949 606 3018 duosmouses,sententlam
621 2949 857 3023 interdictionem
870 2951 982 3023 irrepis·
1035 2973 1087 3032 Aa
1104 2953 1262 3047 primm
1282 2972 1316 3033 ep
1336 2972 1469 3047 flagres
1487 2973 1829 3034 Grangpnomnspg,

219 3052 323 3111 capum
350 3039 597 3097 cenomanensem
627 3040 740 3108 tulerat,
766 3042 934 3097 canonicam
954 3046 982 3096 et
1330 3095 1362 3152 Π
1377 3095 1445 3151 maii
1460 3095 1538 3152 im

216 3126 322 3201 justam
339 3127 425 3185 luisse
436 3142 493 3184 nou
505 3128 676 3200 probaverit,
690 3128 795 3186 dictam
809 3129 980 3186 sententiam

219 3217 327 3274 irritam
342 3217 536 3290 pronuntient.
1057 3208 1178 3274 [aegest.
1194 3209 1238 3260 lib.
1250 3210 1281 3269 v,
1296 3208 1369 3274 epist.
1378 3209 1435 3258 038.
1448 3210 1506 3261 bes.
1521 3210 1557 3260 La
1568 3210 1645 3260 Porta
1656 3208 1694 3259 du
1707 3208 1801 3270 thail]

222 3342 401 3415 Honorius,
416 3346 493 3414 etc„
506 3342 636 3405 dilectis
648 3342 726 3403 liliis
736 3342 935 3404 Biturlcensi
949 3344 981 3404 et
1036 3323 1169 3397 indulget
1183 3325 1226 3382 eis
1243 3325 1358 3398 11811181,
1375 3339 1429 3382 ¹¹00
1446 3324 1494 3381 ³¹11
1512 3324 1614 3382 lraues
1629 3323 1741 3382 01111118
1754 3325 1828 3396 i1³⁸0·

183 3441 380 3502 carnotensi
404 3440 540 3501 decanis
561 3442 594 3503 et
617 3440 806 3514 subdecano
820 3440 979 3502 Aurelia·
1070 3429 1133 3514 ¹9¹¹}
1150 3414 1431 3515 ⁰⁰¹¹V⁰f¹¹lll⁰⁸⁸l¹¹²
1450 3429 1501 3514 per
1523 3414 1634 3514 litteras
1652 3413 1830 3486 Alloewlifflss

183 3538 292 3599 pensi,
1070 3517 1126 3559 urst
1140 3501 1175 3558 de
1190 3501 1290 3559 ordme
1305 3516 1367 3576 rpso
1381 3500 1502 3560 lcceuut
1516 3509 1708 3560 mentionem.

223 3633 415 3695 Venerabili
450 3632 554 3696 fratre
594 3636 709 3696 nostro
712 3678 774 3695 .....
816 3637 981 3696 Cenoma·
1075 3628 1254 3701 Honorius,
1271 3630 1346 3699 etc,
1363 3627 1494 3691 dilectis
1507 3628 1586 3689 tiliis
1601 3629 1711 3706 priori
1726 3630 1760 3693 et
1773 3629 1833 3691 ira·

183 3747 287 3793 nense
313 3732 480 3808 episcopo,
507 3734 540 3794 et
570 3733 690 3794 dilecto
721 3733 788 3794 lilio
817 3732 979 3795 Herberto
1034 3725 1521 3789 tribusGrandimontensibus

183 3826 371 3886 Turonensi
388 3827 560 3895 canonico,
577 3829 791 3904 procuratore
802 3827 980 3889 venerabi·
1076 3825 1125 3883 Ex
1139 3826 1233 3900 parte
1250 3824 1362 3885 vestra
1377 3821 1439 3884 luit
1456 3822 1552 3883 nobis
1569 3822 1747 3886 humiliter
1761 3841 1832 3902 sup-

183 3922 227 3985 lis
245 3922 358 3985 fratris
377 3925 485 3986 nostri
502 3925 706 3986 Turonensis
724 3924 978 4003 archiepiscopi,
1035 3920 1203 3997 plicatum,
1218 3921 1254 3982 ut
1268 3936 1343 3981 cum
1356 3919 1451 3981 multi
1462 3935 1522 3997 per
1533 3922 1729 3996 generalem
1742 3922 1832 3983 clau-

183 4020 219 4082 ia
235 4024 348 4083 nostra
362 4023 540 4099 praesentia
556 4023 754 4095 constitutis,
766 4039 825 4098 pro
839 4023 980 4101 quadam
1035 4017 1153 4088 sulam,
1166 4033 1239 4094 quae
1255 4017 1376 4078 litteris
1391 4017 1514 4078 nostris
1530 4017 1636 4078 inseri
1647 4019 1829 4088 consuevit,

183 4120 412 4194 suspensionis
428 4120 591 4181 sententia
606 4119 642 4180 in
657 4119 831 4197 praelatum
844 4121 979 4196 episco-
1034 4130 1093 4175 vos
1106 4114 1231 4177 iaciant
1250 4114 1416 4176 malitiose
1435 4114 1545 4187 citari,
1562 4117 1597 4176 ut
1612 4131 1633 4176 a
1648 4116 1758 4189 vobis,
1775 4133 1829 4178 re-

182 4232 260 4294 pum
280 4216 322 4278 ab
346 4216 462 4276 eodem
485 4217 736 4293 archiepiscopo
758 4216 977 4293 promulgata,
1034 4211 1235 4274 dimentibus
1250 4211 1422 4273 molestias
1432 4212 1540 4273 lilium
1553 4212 1694 4274 valeant
1708 4214 1830 4291 aliquid

182 4330 244 4375 nos
273 4313 397 4374 auditis
421 4315 455 4375 et
482 4313 670 4385 intellectis,
697 4329 771 4390 quae
796 4314 979 4390 superbae
1035 4312 1250 4386 extorquere;
1267 4309 1384 4370 contra
1399 4309 1547 4386 ipsorum
1558 4309 1725 4372 malitiam
1740 4310 1831 4372 vobis

182 4412 319 4472 luerunt
338 4409 379 4471 ab
394 4410 444 4470 eis
460 4411 627 4487 proposita
651 4426 763 4472 coram
780 4409 886 4481 nobis,
902 4412 979 4489 quia
1034 4410 1067 4470 et
1094 4407 1204 4468 ordini
1232 4408 1345 4469 restro
1368 4407 1545 4485 providere
1569 4407 1832 4471 misericorditer

181 4511 294 4587 procles
305 4507 546 4569 dissentiebant
556 4508 590 4567 in
604 4507 702 4580 lacto,
715 4509 761 4570 ita
773 4509 859 4585 quod
870 4509 910 4570 de
920 4510 979 4570 illa
1034 4505 1258 4581 dignaremur.
1282 4505 1439 4566 volentes
1468 4504 1571 4582 igitur
1594 4505 1746 4581 ipsorum
1770 4506 1830 4569 ob-

181 4608 279 4687 pleue
290 4606 442 4669 constare
453 4621 519 4667 101
530 4604 647 4684 potuit,
661 4606 861 4667 sententiam
871 4607 978 4683 ipsam
1032 4603 1126 4663 viare
1141 4602 1289 4674 malitiae,
1304 4617 1343 4662 ec
1357 4603 1480 4663 vestrae
1496 4602 1598 4678 quieti
1611 4603 1832 4680 [1111111101-

181 4706 341 4782 degrada
354 4704 546 4766 relaxamus
559 4702 601 4765 ad
613 4704 789 4776 cautelam,
804 4704 877 4780 ipso
889 4704 980 4782 epis-
1032 4699 1205 4761 licitudine
1219 4699 1407 4777 providere,
1424 4699 1622 4762 auctoritate
1635 4701 1732 4762 vobis
1748 4718 1830 4779 praa·

180 4816 262 4879 copo
278 4803 312 4863 in
332 4801 508 4879 prasentia
530 4801 611 4862 dicti
631 4801 858 4876 procuratoris
873 4816 979 4877 praes-
1032 4799 1176 4859 sentium
1199 4797 1421 4873 indulgemus,
1447 4798 1484 4859 ut
1507 4813 1568 4858 nec
1591 4813 1667 4870 ros,
1692 4815 1756 4860 nec
1775 4798 1828 4860 alii

179 4900 271 4962 tante
281 4899 501 4976 corporaliter
506 4900 733 4977 juramentum
746 4897 833 4975 quod
848 4897 978 4975 parebit
1032 4895 1152 4957 fratres
1167 4895 1293 4956 ordinis
1309 4894 1409 4956 vestri
1425 4896 1600 4955 conveniri
1619 4896 1760 4972 possitis
1774 4911 1830 4975 per

178 4996 357 5068 mandatis,
392 5013 465 5075 quae
494 4997 581 5058 idem
610 4996 882 5073 archiepiscopus
910 4996 974 5057 sibi
1032 4994 1160 5055 litteras
1175 4992 1393 5070 apostolicas,
1411 4992 1476 5053 nisi
1491 4992 1532 5052 de
1547 4993 1667 5055 ordine
1690 4995 1765 5072 ipso
1779 4994 1829 5054 ie-

179 5098 316 5174 propter
340 5095 403 5154 boc
428 5094 553 5165 iecerit,
585 5095 613 5154 si
650 5093 837 5155 constiterit
868 5095 977 5170 ipsum
1032 5092 1138 5152 cerini
1157 5092 1370 5151 mentionem.
1392 5090 1484 5151 Nulli
1503 5106 1595 5167 ergo,
1618 5091 1684 5152 etc.
1700 5093 1829 5155 Nostrae

179 5194 371 5270 episcopum
384 5191 419 5252 in
434 5207 485 5261 eo,
502 5207 562 5268 pro
578 5207 642 5270 quo
660 5192 722 5252 luit
737 5191 804 5252 lata
819 5191 977 5267 prraedicta
1032 5189 1256 5250 concessionis
1275 5188 1469 5264 infringere.
1487 5189 1522 5249 Si
1538 5189 1612 5266 quis
1627 5195 1753 5261 autem,
1770 5190 1828 5251 etc.

179 5288 554 5366 sententiaculpabilem
571 5290 733 5351 extitisse.
751 5289 892 5365 Ideoque
908 5289 978 5350 dis·
1031 5290 1150 5347 Datum
1166 5287 1334 5357 Laterani,
1350 5289 1425 5346 XVI
1439 5287 1600 5347 kalendas
1609 5288 1711 5364 junii,
1727 5287 1829 5364 ponti·

179 5381 319 5450 crationi
332 5390 451 5450 restrae
468 5401 526 5464 per
538 5387 728 5462 apostolica
744 5385 866 5463 scripta
882 5402 978 5450 man·
1032 5384 1150 5446 111113
1165 5384 1270 5446 nostri
1287 5399 1375 5445 auno
1391 5385 1516 5461 qtrinto.
