3774 6186
735 289 911 351 HONORII
933 289 978 348 111
1000 289 1148 349 OPERA.
1697 291 1746 351 118

482 475 543 562 CL
963 465 1064 509 sensu
1079 449 1224 525 partium
1238 450 1273 510 in
1296 432 1395 520 sta'tu,
1413 450 1448 510 in
1461 466 1528 528 quo
1543 452 1622 510 tunc
1634 451 1701 512 erat
1710 453 1741 514 ad

964 546 1081 608 Sedem
1090 548 1312 624 apostolicam
1321 548 1532 620 remittendo,
1541 549 1740 628 proulmeju

963 636 1083 706 litteris
1102 647 1234 723 plenius
1253 646 1452 708 continetur.
1476 646 1637 708 Nolentes
1658 647 1740 724 igitur

454 820 459 830 Ι
505 821 521 832 ..
963 742 1041 804 dicti
1049 743 1190 816 abbatis,
1199 745 1252 805 vel
1265 745 1447 806 conventus
1458 744 1568 820 ipsius
1575 758 1735 820 gravamen

399 822 523 894 ι511111ΙΙ
545 821 624 878 ¹²²⁰·
963 840 1146 903 indebitum
1174 842 1350 913 sustinere,
1379 842 1579 903 discretioni
1605 842 1669 903 tuae
1692 859 1737 921 per

271 928 407 993 [strenia
420 927 533 985 T³b⁰¹ffi=
548 926 635 990 lffi·
648 942 674 976 ¹¹·
687 926 753 990 ¹²⁸]
963 938 1152 1014 apostolica
1172 940 1295 1015 scripta
1317 939 1524 1011 mandamus,
1546 941 1737 1016 quatenusin

86 569 93 593 Ι
109 652 112 657 -
144 613 197 673 Ad
210 610 418 688 llaopi'slrum
432 610 610 684 riospaaus
629 609 734 670 caetra
743 610 885 684 portam

447 711 574 784 Foploe.

1 1049 3 1061 ’
116 1036 258 1095 Honorius
272 1050 345 1108 papa
365 1037 405 1093 lll
422 1034 562 1107 hospitale
581 1040 659 1090 extra
676 1042 786 1106 portam
812 1032 909 1104 rogia
964 1035 1101 1111 ipsosde
1116 1037 1310 1097 caeteronon
1323 1052 1489 1114 usurpans
1501 1036 1646 1113 aliquam
1655 1038 1738 1113 juris-

286 1124 339 1181 flssb
353 1139 403 1180 ⁸¹¹³
418 1124 593 1195 protectione
609 1122 737 1194 suscipit.
964 1133 1143 1193 dictionem
1158 1134 1328 1194 insolitam
1344 1134 1396 1195 vel
1409 1149 1585 1205 00000000,
1607 1133 1658 1194 bis
1677 1136 1737 1196 tan·

157 1234 336 1304 Honorius
352 1235 427 1302 010,
443 1231 571 1292 11100110
594 1231 673 1290 liliis
697 1231 856 1305 magistro
877 1231 910 1290 et
963 1231 1130 1290 tummodo
1147 1233 1319 1293 contentus
1341 1232 1478 1301 existas,
1491 1229 1612 1308 quibus
1635 1233 1740 1308 prade-

116 1331 275 1393 fratribus
286 1329 459 1406 hospitalis
474 1331 568 1390 extra
582 1331 710 1405 portam
735 1328 847 1402 Fogiae
875 1328 910 1386 in
965 1344 1114 1389 cessores
1142 1328 1189 1389 tui
1224 1329 1371 1391 contenti
1406 1328 1550 1401 fuerunt,
1575 1345 1636 1391 nec
1668 1331 1740 1392 aliud

117 1428 277 1489 suburbio
289 1428 329 1488 de
345 1429 506 1499 Vassano,
532 1427 673 1487 salutem
695 1428 729 1488 et
748 1424 910 1503 apostoli·
965 1426 1082 1500 exigas
1103 1425 1144 1486 ab
1160 1426 1284 1487 eisdem
1310 1443 1443 1503 quama
1460 1425 1559 1488 dictis
1573 1426 1741 1503 praedeces-

117 1525 476 1588 cambenedictionem.
965 1523 1096 1584 soribus
1112 1524 1177 1584 tuis
1199 1527 1354 1585 exactum
1369 1525 1479 1586 extitit
1494 1525 1528 1584 et
1548 1528 1742 1601 perceptum,

159 1625 238 1683 Cum
254 1638 273 1684 a
295 1622 390 1682 uobis
406 1622 540 1698 petitur,
561 1621 647 1698 quod
662 1623 789 1698 justum
816 1621 867 1681 est
879 1621 913 1681 et
966 1621 1113 1698 alioquin
1127 1621 1257 1683 dilectis
1274 1621 1389 1682 liliis...
1405 1621 1518 1684 abbati
1533 1624 1648 1683 Sancti
1666 1623 1742 1682 Cris-

117 1721 302 1791 boneslum,
315 1721 382 1780 tam
398 1719 494 1794 vigor
514 1719 681 1795 aequitatis
702 1734 801 1795 quam
830 1717 911 1779 ordo
967 1719 1036 1794 pini
1049 1719 1223 1796 majoris...
1238 1720 1365 1780 decano
1381 1722 1512 1781 Sanctae
1526 1720 1644 1780 Mariae
1655 1720 1687 1780 in
1699 1722 1746 1780 11-

118 1819 223 1894 exigit
237 1817 389 1889 rationis,
405 1820 440 1878 ut
450 1817 483 1877 id
497 1833 556 1893 per
568 1816 826 1877 sollicitudinem
839 1815 913 1876 oill-
967 1817 1039 1876 0010
1060 1819 1093 1878 01
1114 1817 1273 1893 magistro
1297 1819 1333 1878 Β.
1358 1817 1399 1877 10
1425 1816 1580 1879 llisdinio
1603 1817 1746 1879 canonico

118 1917 163 1977 cii
178 1916 283 1976 nostri
299 1915 340 1975 ad
356 1914 503 1975 debitum
518 1914 719 1990 perducatur
745 1914 909 1975 effectum.
968 1915 1180 1976 Suessionen.
1196 1916 1319 1977 nostris
1334 1915 1451 1977 damus
1463 1916 1586 1978 litteris
1605 1916 1641 1976 in
1663 1931 1746 1976 man-

61 2071 68 2077 .
119 2014 311 2090 Eapropter,
333 2012 444 2073 dilecti
469 2012 504 2071 in
531 2012 669 2072 Domino
698 2010 770 2082 tilii,
791 2011 912 2072 vestris
967 2012 1065 2083 datis,
1081 2012 1173 2084 utto,
1191 2013 1219 2073 01
1248 2028 1356 2081 00000,
1379 2012 1465 2091 quod
1491 2028 1560 2074 nou
1584 2013 1745 2083 cmdlmus,

116 2112 216 2188 justis
230 2110 382 2187 precibus
393 2109 557 2182 inclinati,
571 2124 731 2185 personas
744 2112 777 2170 et
798 2108 914 2185 bospi—
967 2111 1087 2186 egeris,
1109 2111 1401 2188 apraesumptione
1425 2110 1629 2187 hujusmodi,
1651 2112 1745 2172 moni-

119 2205 914 2283 talevestrumcumomnibusbonis,quaeiuprae·
968 2207 1057 2267 tione
1072 2207 1256 2284 praemissa,
1278 2223 1338 2284 per
1357 2222 1532 2268 censuram
1559 2206 1746 2268 ecclesiasti·

120 2305 303 2367 sentiarum
327 2303 572 2365 rationabiliter
593 2304 780 2380 possidetis
802 2303 912 2364 autin
968 2318 1052 2375 cam,
1068 2303 1290 2380 appellatione
1307 2304 1445 2374 remota,
1460 2306 1682 2380 compescant
1693 2306 1746 2364 lla·

119 2401 621 2479 futurumpracstanteDomino,
628 2402 729 2478 justis
738 2402 845 2462 modis
860 2417 914 2477 po·
967 2401 1037 2460 tum
1062 2400 1148 2477 apud
1172 2399 1293 2462 Urbem
1316 2402 1576 2471 Veterem,le
1601 2400 1668 2462 kal.
1682 2401 1742 2479 jul,

120 2500 228 2563 teritis
237 2500 388 2576 adipisci,
397 2498 458 2559 sub
470 2499 559 2560 beati
568 2500 657 2560 Petri
670 2502 702 2560 et
716 2501 829 2560 nostra
841 2515 914 2575 pro·
968 2498 1180 2575 pontificatus
1192 2499 1297 2560 nostri
1312 2514 1401 2560 anno
1413 2501 1544 2576 quarto.

118 2600 263 2660 tectione
291 2596 500 2673 suscipimus,
530 2598 563 2657 et
588 2597 762 2674 praesentis
797 2597 912 2674 scripti

120 2696 306 2773 patrocinio
321 2695 574 2756 communimus
586 2695 677 2755 Nulli
688 2711 767 2770 ergo
778 2695 913 2757 omnino
1315 2668 1416 2755 CLII

120 2794 291 2854 hominum
308 2793 406 2853 liceat
422 2792 507 2852 banc
519 2793 674 2869 paginam
693 2795 815 2854 nestrae
831 2809 913 2869 pro·
968 2804 1020 2862 Aa
1035 2802 1191 2864 abbatem
1209 2802 1243 2864 et
1257 2803 1464 2864 conventum
1477 2802 1598 2864 samu
1618 2804 1739 2878 neniam

121 2891 277 2953 tectionis
303 2889 485 2964 infringere
510 2890 574 2961 vel,
600 2891 663 2950 etc.
690 2890 824 2966 Siquis
852 2906 915 2950 au-
1255 2903 1473 2962 salionensis,

121 2990 271 3060 16111,Θῖοι
289 2990 406 3048 Datum
419 2986 506 3062 apud
521 2987 640 3048 Urbem
650 2988 814 3060 Veterem,
824 2989 914 3048 XVII
1260 3021 1294 3078 ¹6
1303 3021 1376 3095 junii
1393 3021 1473 3079 ¹220·

2 3149 6 3158 ,
122 3085 188 3146 101.
201 3085 289 3162 julii,
306 3084 516 3162 pontificatus
536 3085 642 3146 nostri
671 3100 757 3147 anno
782 3087 911 3163 quarto.
984 3126 1162 3190 [negemus.
1175 3128 1219 3186 w,
1231 3127 1307 3191 epist.
1320 3127 1375 3177 m·
1393 3126 1451 3177 Β.
1464 3127 1591 3179 tarem
1607 3128 1641 3178 nn
1653 3124 1725 3188 ML]

479 3254 560 3340 CLI
970 3233 1081 3292 lnbibet
1095 3249 1131 3291 ne
1142 3233 1362 3294 archidiaconus
1373 3234 1550 3292 senonensis
1561 3249 1662 3292 noram
1671 3234 1736 3290 ineos

375 3391 381 3403 ,
410 3391 416 3406 ,
1086 3322 1312 3396 jurisdictionem
1332 3337 1466 3380 exercere
1482 3332 1645 3396 presumat.

219 3392 271 3450 ’Μ
284 3391 562 3451 arcnumonum
572 3391 813 3450 senonensem.
1010 3433 1188 3504 sonorius,
1213 3433 1289 3502 etc..
1313 3431 1443 3494 dilectis
1465 3431 1584 3492 rus...
1601 3431 1700 3494 annu
1715 3429 1737 3487 0

414 3502 448 3558 16
458 3500 530 3573 ἱῦῐῑῑῑ
544 3501 622 3557 ¹²²⁰·
970 3531 1147 3593 conventui
1175 3531 1288 3591 Sancti
1314 3529 1458 3604 Remigii
1474 3532 1654 3602 senonen„
1669 3528 1739 3590 salu·

159 3610 280 3673 megum„
290 3607 336 3658 lib.
347 3607 390 3665 lv,
407 3621 448 3670 ep.
460 3607 514 3656 773.
528 3609 584 3657 llss.
600 3608 636 3657 La
649 3607 722 3656 Porta
735 3607 769 3657 du
782 3607 877 3671 luen]
970 3630 1047 3698 tem,
1064 3629 1127 3688 920·

123 3715 235 3774 inhibet
249 3730 285 3772 ne
310 3713 451 3771 insolitam
474 3713 701 3784 jurisdictionem
726 3715 755 3770 in
783 3713 914 3771 abbatem
1011 3725 1262 3787 Soletannuepo
1276 3724 1380 3786 Sedes
1391 3725 1584 3802 Apostoli&
1596 3722 1742 3802 piismiss,

193 3806 288 3862 S⁰ss⁰¹¹
304 3804 378 3861 Petri
393 3801 444 3859 viri
464 3802 506 3874 (¹)
522 3803 696 3859 Sffl⁰⁰⁹¹¹⁸¹⁸
719 3802 842 3860 θπθθῑθῑ·
970 3821 1003 3882 01
1026 3821 1175 3883 honestis
1205 3823 1388 3899 petentium
1415 3821 1593 3885 desideriis
1623 3823 1746 3883 1000000

161 3923 338 3993 Ηο000100,
348 3924 424 3989 etc,
434 3919 554 3981 dilecto
564 3919 669 3981 illio...
680 3920 915 3983 archidiacono
970 3918 1166 3980 benevolum
1179 3918 1353 3996 impertiri.
1367 3922 1474 3992 Quum
1487 3920 1602 3981 autem
1615 3921 1749 3981 sicutm-

123 4025 300 4091 Senonen„
314 4018 468 4086 salutem,
485 4019 548 4078 etc.
970 4017 1020 4078 bis
1034 4016 1276 4094 exponentibus
1289 4016 1517 4080 intelleximus
1530 4018 1751 4080 monasterium

162 4114 368 4193 Significavit
393 4113 488 4175 nobis
503 4113 642 4174 dilectus
667 4112 792 4174 lilius...
813 4112 916 4175 abbas
970 4115 1116 4175 vestrum
1141 4115 1184 4175 sit
1211 4130 1286 4175 oum
1313 4113 1472 4176 membris
1495 4115 1568 4176 suis
1585 4111 1754 4179 venerabili

121 4213 315 4276 monasterii
329 4211 441 4273 Sancti
459 4210 549 4271 Petri
570 4210 635 4270 viri
650 4213 813 4271 Senonen.
829 4211 914 4288 quod
971 4212 1065 4272 fratri
1078 4213 1229 4273 nostro...
1244 4212 1496 4289 archiepiscopo
1510 4215 1679 4276 Senoneu.
1690 4212 1756 4275 snb·

121 4317 157 4374 tu
181 4313 215 4371 in
239 4326 314 4370 eum
341 4309 508 4369 insolitam
527 4306 795 4385 jurisdictionem
817 4325 917 4368 usur·
966 4313 1102 4386 jectum,
1119 4309 1194 4370 etei
1208 4308 1416 4370 acmembris
1431 4310 1501 4371 suis
1514 4311 1682 4386 petieritis
1694 4326 1759 4388 pro·

122 4425 204 4486 pans
218 4422 315 4484 quam
331 4406 378 4465 tui
396 4403 655 4481 praedecessores
677 4405 711 4464 in
727 4405 846 4481 ipsum,
863 4407 915 4467 rel
970 4407 1076 4468 videri
1090 4423 1110 4467 a
1125 4405 1309 4468 nobisne...
1327 4405 1587 4469 archidiaconus
1604 4411 1758 4470 senonen.

123 4505 270 4585 ejusdem
285 4503 483 4563 conventum
499 4517 564 4561 non
582 4504 825 4562 consueverunt
835 4502 917 4564 bac·
970 4505 1148 4582 quidquam
1163 4503 1204 4566 ab
1219 4504 1269 4564 eis
1284 4503 1324 4565 de
1339 4519 1424 4565 novo
1439 4505 1617 4583 percipere
1629 4522 1689 4568 seu
1703 4507 1763 4568 rin·

122 4607 219 4667 tenus
235 4615 403 4670 exercere,
423 4598 515 4658 nulla
529 4599 711 4659 monitione
731 4601 913 4675 praemissa,
970 4603 1082 4664 dicare
1111 4603 1299 4678 praesnmat,
1327 4602 1383 4663 sed
1412 4603 1466 4662 bis
1496 4602 1666 4666 duntaxat
1690 4618 1763 4665 oon·

119 4703 158 4778 in
172 4717 248 4763 eum
269 4699 310 4760 de
336 4697 422 4758 lacto
437 4696 541 4757 tulisti
562 4697 760 4758 auctoritate
782 4699 915 4775 propria
971 4703 1079 4763 tentus
1094 4701 1227 4772 existat,
1241 4716 1315 4777 qnae
1331 4700 1401 4761 0010
1420 4705 1674 4763 consueverunt
1688 4718 1764 4779 prae-

122 4799 320 4861 sententiam
333 4794 511 4856 interdicti.
528 4796 673 4871 Cumque
687 4794 774 4855 idem
790 4796 915 4858 irritari
933 4820 937 4827 ·
971 4796 1200 4860 decessoribus
1228 4796 1406 4859 exbiberi:
1430 4813 1490 4859 nos
1522 4800 1652 4862 vestris
1674 4799 1763 4878 justis

122 4913 233 4959 coram
245 4893 380 4956 officiali
394 4892 577 4954 senonensi
592 4892 916 4969 hujusmodiseuten-
970 4895 1122 4974 precibus
1146 4894 1310 4963 inclinati,
1336 4895 1536 4958 anctoritate
1552 4897 1761 4973 praesentium

121 4995 201 5056 tiam
217 4990 408 5068 postularet,
433 4991 529 5066 teque
558 4989 620 5049 sibi
646 4989 688 5049 ab
709 4990 768 5051 illo
783 4991 817 5050 in
833 5007 917 5067 qua·
970 4994 1153 5055 districtius
1166 4992 1365 5066 iuhibemus,
1379 5008 1422 5055 ne
1435 4992 1545 5055 dictus
1558 4994 1763 5056 archidiaco-

123 5092 197 5152 dam
211 5087 359 5166 pecuniae
375 5103 502 5147 summa
518 5089 552 5147 in
567 5102 698 5162 poenam
718 5087 817 5165 hujus
832 5089 916 5166 inju-
970 5107 1033 5152 nus
1043 5090 1310 5168 jnrisdiotionem
1332 5090 1501 5153 insolitam
1524 5094 1697 5164 exerceat,
1719 5088 1761 5154 rel

122 5189 182 5250 riae
198 5185 421 5254 condemnari,
440 5184 915 5262 dictusolilcialis‚superboc
970 5188 1094 5266 aliquid
1123 5188 1278 5258 vindicet,
1305 5204 1366 5248 000
1393 5188 1558 5265 percipiat
1590 5190 1628 5251 in
1657 5190 1760 5252 eodem

124 5287 235 5349 audita
256 5281 401 5361 querela,
423 5281 587 5342 relaxavit
603 5281 751 5342 eamdem
776 5285 914 5345 senten·
970 5285 1172 5348 monasterio
1196 5287 1229 5347 et
1248 5284 1403 5346 membris
1422 5285 1529 5362 ipsius
1552 5288 1647 5349 ultra
1673 5299 1759 5364 quan

123 5386 202 5446 tiam
214 5382 253 5444 ad
269 5378 443 5449 cautelam,
458 5394 593 5438 causam
607 5395 707 5455 super
723 5380 775 5440 bis
788 5380 828 5442 de
842 5399 916 5444 con·
972 5385 1024 5444 sui
1047 5385 1270 5446 exercuerunt
1295 5385 1329 5445 et
1358 5385 1580 5462 perceperunt
1609 5386 1758 5449 hactenns

160 5552 199 5621 (ll
219 5551 239 5607 ll
256 5548 339 5619 s'agit
353 5562 421 5603 sans
431 5545 516 5603 doute
526 5545 563 5603 du
583 5544 790 5604 monasterede
806 5551 831 5606 la
846 5553 1103 5624 Pieris-quil'ire,
1116 5551 1189 5610 dans
1205 5551 1467 5610 l’arrondlssement
1479 5550 1516 5609 de
1531 5553 1617 5621 Sene,
1633 5552 1755 5611 actualis·

125 5631 201 5684 0001
220 5635 322 5678 curere
338 5617 432 5674 babili
449 5633 498 5690 par
512 5616 564 5674 des
579 5615 764 5675 beriidlcnns.
