3774 6186
808 264 985 326 HONORII
1006 264 1052 324 111
1073 265 1222 327 OPERA.

539 454 628 541 LIV

188 595 240 656 Aa
249 595 431 656 tttttcersos
442 589 643 651 Aattocteai
652 587 915 660 patriarchatus
927 601 983 646 ar·

226 691 465 764 corepiscopos
475 690 659 762 episcopos,
672 687 881 758 caeterosque
892 699 983 758 pra·

226 793 317 852 sum
328 784 388 865 (1).
479 861 515 919 22
528 874 595 916 nov.
611 859 688 916 salt.

226 978 374 1046 [Raynaldn
385 976 475 1028 Annnl.
487 975 631 1028 Ecclesiast.
643 973 674 1023 ad
684 986 781 1024 annum
792 972 862 1034 tals,
873 975 884 1033 ς
894 971 946 1036 tl]

184 1091 256 1150 Cum
267 1101 378 1147 summa
393 1083 550 1142 reverentia
561 1079 695 1139 custodiri
708 1079 792 1138 debet
801 1079 982 1137 sanctissima

492 1169 681 1229 Eucharistia.

227 1275 405 1345 Honorius,
423 1274 485 1335 etc.

228 1376 308 1436 Cum
332 1371 411 1433 olim
433 1384 494 1430 vas
520 1382 658 1429 aureum
686 1378 808 1426 manna
836 1362 981 1441 plenum,

188 1470 311 1533 Christi
326 1484 447 1544 corpus
464 1465 620 1526 deitatem
642 1462 814 1524 continens
828 1460 985 1538 praetigu-

187 1583 279 1638 rana,
293 1564 328 1626 in
338 1579 417 1625 arca
428 1560 561 1622 ioederis
574 1574 656 1619 auro
669 1559 756 1620 tecta
769 1557 856 1618 inira
868 1557 984 1618 sancta

187 1664 376 1726 sanctorum
397 1658 499 1721 tuerit
520 1655 733 1727 collocatum,
752 1656 790 1716 ut
806 1652 928 1715 munde
947 1653 983 1714 in

186 1761 260 1822 loco
274 1756 458 1821 venerabili
480 1757 680 1824 servaretur,
704 1753 854 1813 dolemus
877 1751 985 1828 pluri-

186 1874 288 1929 mum,
312 1858 344 1918 et
358 1855 540 1924 tristamur,
557 1849 643 1929 quod
660 1850 694 1910 in
715 1849 881 1926 plerisque
901 1864 982 1924 pro-

186 1955 308 2018 vinciis
338 1951 528 2013 sacerdotes
563 1946 752 2010 sanctiones
785 1946 981 2018 canonicas,

187 2054 254 2114 imo
283 2050 431 2112 divinum
448 2047 612 2126 judicium
636 2044 893 2115 contemnentes,
923 2059 982 2104 sa-

186 2166 278 2212 cram
300 2145 542 2208 Eucharistiem
566 2143 699 2204 incaute
725 2141 925 2212 custodiunt,
951 2142 984 2202 et

187 2243 371 2314 immunde,
399 2256 439 2302 ao
462 2239 615 2301 indevote
638 2238 863 2308 contrectant,
888 2236 982 2314 quasi

186 2358 250 2404 nec
262 2341 445 2402 creatorem
460 2338 609 2408 timeant,
626 2335 678 2397 vel
695 2337 916 2396 recreatorem
931 2333 984 2394 di-

186 2440 304 2515 ligant,
330 2440 388 2498 aut
406 2433 553 2513 judicem
577 2433 724 2495 omnium
748 2432 981 2508 expavescant.

187 2538 383 2612 Quanquam
402 2530 577 2608 Apostolus
599 2529 793 2591 terribiliter
808 2527 985 2589 commine-

186 2636 242 2694 tur
265 2631 431 2692 deteriora
452 2627 548 2688 illum
571 2626 692 2687 mereri
722 2625 896 2702 supplicia,
927 2624 983 2701 qui

188 2729 310 2792 Filium
334 2726 393 2788 Dei
421 2723 678 2794 conculcaverit,
710 2722 763 2783 vel
788 2723 984 2797 sanguinem

188 2823 376 2887 testamenti
404 2823 564 2899 pollutum
592 2819 739 2893 duxerit,
768 2822 825 2881 aut
852 2817 984 2896 spiritui

188 2918 985 3001 gratiaeconturneliamfeceritquamtransgres·

189 3036 299 3082 sorem
321 3019 405 3095 legis
425 3017 591 3086 Mosaicae‚
606 3015 663 3092 qui
684 3015 800 3076 martis
820 3015 983 3077 sententia

187 3116 402 3195 plectebatur.

226 3215 277 3275 Ne
304 3212 407 3288 igitur
436 3211 476 3272 de
505 3212 625 3272 caetero
658 3210 796 3287 propter
820 3209 983 3271 incuriam

187 3311 396 3373 sacerdotum
415 3309 451 3369 in
466 3308 638 3369 indevotos
660 3307 774 3367 divina
797 3307 983 3383 indignatio

157 3404 161 3410 ’
188 3407 324 3484 gravius
350 3404 555 3474 exardescat,
582 3403 731 3463 districte
760 3403 983 3479 praecipiendo

186 3503 382 3564 mandamus
400 3501 562 3577 quatenus
575 3514 595 3559 a
610 3498 837 3561 sacerdotibus
848 3499 982 3560 Eucha-

185 3584 284 3662 ristia
310 3599 345 3659 in
370 3597 442 3658 loon
467 3596 645 3672 singulari,
669 3595 792 3656 mundo
813 3595 926 3668 etiam,
951 3599 984 3657 et

186 3698 318 3773 signato
329 3709 460 3771 semper
472 3693 654 3754 honorifice
665 3692 838 3764 collocata,
852 3692 982 3766 devote,

186 3809 226 3855 ac
238 3792 380 3854 fideliter
394 3791 620 3853 conservetur.
636 3790 796 3852 Sacerdos
811 3805 891 3852 vero
904 3790 983 3869 qui·

186 3891 267 3952 libet
295 3889 485 3967 frequenter
511 3887 630 3950 doceat
656 3886 785 3964 plebem
814 3903 920 3958 suam,
949 3890 986 3950 ut

72 3993 74 3996 ’
186 4003 261 4049 cum
272 3987 306 4047 in
318 3983 540 4048 celebratione
551 3983 728 4045 missarum
741 3983 891 4046 elevatur
904 3985 985 4045 llos-

185 4085 233 4147 tia
257 4082 427 4154 salutaris,
447 4080 587 4158 quilibet
615 4083 806 4142 reverenter
832 4081 981 4153 inclinet,

186 4182 274 4244 idem
295 4180 432 4251 iaciens,
456 4195 531 4239 cum
555 4178 662 4254 ipsam
681 4180 791 4255 portat
812 4177 984 4256 presbyter

186 4280 228 4342 ad
249 4278 427 4349 infirmum,
455 4292 554 4354 quam
573 4277 608 4336 in
633 4276 762 4336 decenti
785 4275 901 4337 babitu
920 4293 981 4336 su-

152 4367 155 4371 ’
186 4376 354 4454 perposita
376 4372 498 4434 mundo
514 4370 679 4434 velamine
701 4372 796 4444 ierat,
813 4374 847 4433 et
860 4372 983 4436 reserat

186 4472 373 4545 manifeste,
399 4486 438 4532 ac
464 4469 647 4531 honorifice
669 4471 746 4531 ante
766 4471 890 4546 pectus,
908 4488 982 4532 cum

186 4571 277 4632 omni
299 4569 498 4639 reverentia,
516 4568 550 4629 et
569 4565 699 4634 timore,
720 4583 850 4643 semper
871 4569 997 4649 minen,

185 4668 313 4730 lumine
334 4665 553 4744 praecedente,
580 4679 654 4725 cum
678 4664 723 4724 sit
748 4664 874 4725 candor
897 4665 982 4727 lucis

187 4768 332 4836 aeternae,
357 4765 393 4825 ut
414 4778 457 4823 ex
482 4762 545 4822 bac
573 4760 660 4837 apud
689 4776 803 4822 omnes
829 4761 922 4833 fides,
950 4763 983 4824 et

186 4862 316 4924 devotio
327 4861 497 4935 augeatur.
508 4857 645 4920 Praelati
656 4858 766 4919 autem
780 4858 878 4935 hujus
892 4876 983 4921 man·

186 4959 255 5020 dati
264 4956 411 5035 graviter
425 4956 546 5033 punire
560 4971 628 5017 non
643 4953 983 5032 differanttrangres·

221 5089 260 5161 (l)
277 5085 359 5159 Apud
375 5084 550 5166 Raynaldum
563 5085 666 5158 legitur
677 5102 685 5142 ε
695 5086 807 5143 bitteris
817 5085 979 5145 lealend.

186 5157 350 5218 novembris
365 5155 438 5212 datis
449 5155 483 5211 ad
496 5170 645 5213 universos
657 5155 847 5213 Arttliioclteni
860 5159 978 5229 patriar·

186 5232 287 5288 chalus
301 5226 542 5298 archiepiscopos,
558 5227 709 5298 episcopos
721 5235 895 5299 ceterosque
908 5243 979 5301 proe·

185 5303 263 5384 sulca
277 5313 358 5357 sacra
376 5311 487 5370 percos
500 5295 653 5422 theologiae
666 5295 759 5353 studia
775 5298 803 5353 in
817 5299 982 5371 regionibus

186 5373 241 5430 illis
252 5369 411 5428 exercenda
422 5374 452 5424 et
461 5364 590 5433 colenda,

1779 264 1833 326 ast

1038 439 1141 495 sores,
1159 423 1188 484 si
1203 378 1237 485 et
1250 423 1316 499 ipsi
1335 420 1482 483 divinam
1502 423 1535 483 et
1556 423 1707 483 nostram
1722 421 1832 487 volunt

1038 520 1184 596 effugere
1201 521 1371 591 ultionem,
1388 535 1448 580 vos
1463 520 1573 581 autem
1594 519 1644 580 sic
1664 518 1830 582 observari

1037 617 1168 679 iacietis
1181 616 1350 695 praedicta,
1366 616 1450 693 quod
1467 633 1533 677 non
1548 615 1747 677 efficiamini
1762 617 1830 677 vin-

1037 714 1133 776 dictae
1146 713 1402 792 participasset
1412 714 1684 776 coronantium
1693 713 1827 776 viterbii

1037 813 1066 873 X
1079 811 1146 873 kal.
1162 811 1321 885 decemb,
1339 810 1484 888 pontida.
1502 811 1607 873 nostri
1622 825 1714 872 anno
1730 813 1782 872 1v.

1036 1089 1089 1147 Ad
1102 1088 1385 1160 archiepiscopos,
1401 1087 1434 1147 et
1446 1090 1633 1162 episcopua,
1645 1087 1680 1150 et
1692 1087 1826 1150 cataros

1226 1187 1449 1245 ecclesiaram
1468 1186 1642 1258 praelatos.

1290 1296 1324 1354 23
1344 1296 1478 1354 novemb.
1501 1298 1580 1355 ltlt.

1069 1400 1210 1466 [Liljegren
1222 1401 1332 1453 Svenskt
1345 1400 1453 1466 diplom.
1469 1402 1488 1460 l,
1502 1401 1557 1460 202,
1569 1416 1596 1452 n.
1613 1401 1666 1453 tw.
1685 1402 1798 1454 Hancne.

1294 1481 1368 1531 Thes.
1381 1481 1468 1531 anecd.
1480 1482 1500 1539 1,
1512 1482 1580 1546 sta]

1039 1570 1088 1626 itis
1107 1570 1243 1643 precipit,
1263 1577 1294 1628 ut
1312 1570 1476 1627 sanctiones
1500 1571 1655 1629 canonicas
1676 1578 1706 1629 et
1728 1578 1821 1629 aetna

1073 1659 1189 1716 Concilii
1199 1658 1343 1731 generalis
1355 1668 1525 1717 conservent
1539 1666 1567 1716 et
1579 1673 1595 1716 a
1605 1658 1728 1718 subditis
1740 1660 1824 1717 obser

1073 1749 1134 1804 vari
1163 1746 1282 1819 laciant3
1321 1755 1406 1820 atque
1441 1756 1471 1805 ut
1503 1755 1717 1806 sacramentnm
1747 1763 1825 1806 sacre

1074 1834 1259 1893 Eucharistia
1274 1836 1378 1893 munde
1388 1844 1416 1893 et
1426 1845 1591 1894 reverenter
1606 1843 1787 1910 pertractent

1078 1944 1245 2005 Honorius
1257 1943 1442 2021 episcopus,
1453 1961 1569 2006 servus
1579 1960 1754 2006 servorum
1763 1945 1823 2018 bei,

1037 2040 1284 2103 venerabilibus
1317 2041 1475 2102 iratribus
1510 2041 1772 2119 archiepiscopis
1801 2045 1826 2104 et

1038 2139 1202 2216 episcopis
1217 2139 1250 2200 et
1273 2138 1403 2200 dilectis
1423 2137 1501 2199 tiliis
1522 2140 1653 2202 caeteris
1667 2139 1822 2201 ecclesia·

1037 2254 1110 2298 rum
1126 2235 1272 2313 praelatis
1288 2252 1347 2312 per
1364 2236 1516 2298 Sueciam
1532 2236 1724 2299 constitutis
1741 2237 1824 2298 salu-

1037 2336 1103 2395 tem
1117 2336 1150 2395 et
1164 2333 1379 2410 apostolicam
1393 2333 1669 2395 benedictionem.

1079 2420 1332 2506 Expectavimus
1348 2430 1507 2492 hactenus
1520 2431 1710 2508 spectantes
1726 2429 1753 2491 si
1769 2446 1825 2491 mo

1038 2527 1128 2599 uitia,
1145 2530 1179 2589 et
1200 2527 1332 2589 statutis
1349 2527 1488 2589 Concilli
1501 2528 1682 2603 generalis,
1705 2529 1826 2589 exculta

1038 2625 1170 2686 Domini
1195 2623 1341 2686 Sabaoth
1355 2623 1453 2686 vinea
1468 2623 1647 2697 floruisset,
1677 2625 1706 2685 si
1725 2628 1827 2717 aaron

1038 2723 1132 2799 virga
1143 2722 1671 2799 turgentibusgemmiserupisset
1680 2723 1827 2793 inflores,

1039 2823 1071 2881 et
1091 2820 1238 2880 dilatatis
1261 2819 1351 2880 soliis
1371 2819 1538 2895 amigdala
1557 2818 1783 2896 produxisset,
1805 2819 1830 2879 si

1038 2917 1282 2993 germinassent
1292 2917 1504 2993 malapunica
1513 2916 1833 2994 etilcusproduceret

1039 3030 1172 3091 grossos
1187 3030 1277 3085 suos,
1302 3013 1381 3090 quia
1404 3013 1486 3076 licus
1506 3030 1701 3091 praecoquas
1725 3008 1832 3075 anima

1039 3112 1152 3188 sponsi
1180 3110 1356 3183 desiderat,
1385 3113 1417 3172 et
1443 3126 1566 3187 sponsa
1594 3110 1706 3186 diligit
1724 3111 1834 3172 bonos

1039 3209 1142 3286 cypri.
1161 3209 1224 3269 Sed
1238 3224 1315 3269 ecce
1328 3208 1415 3285 quod
1430 3209 1578 3270 dolentes
1591 3208 1747 3279 dicimus,
1760 3211 1833 3269 ante

1039 3321 1179 3366 messem
1201 3321 1297 3381 seges
1316 3305 1473 3376 effloruit,
1496 3308 1530 3368 et
1549 3306 1649 3367 vinea
1672 3306 1834 3378 seratam,

1038 3405 1071 3464 et
1085 3404 1178 3474 licus,
1193 3419 1232 3463 ac
1245 3403 1340 3478 virga
1357 3403 1463 3479 magis
1479 3403 1583 3477 aruit;
1601 3405 1634 3464 et
1648 3403 1835 3466 vindemia·

1038 3502 1090 3564 tor
1102 3517 1258 3576 magnum
1273 3499 1314 3560 ad
1332 3500 1512 3561 carcallum
1525 3516 1592 3561 non
1605 3505 1759 3576 revocat3
1780 3500 1836 3562 sed

1039 3599 1088 3660 sic
1103 3614 1234 3675 semper
1248 3596 1441 3669 vindemiat,
1457 3597 1542 3674 quod
1555 3599 1629 3674 past
1644 3598 1835 3660 vindemia-

1039 3694 1141 3757 tiores
1166 3709 1316 3756 racemos
1338 3693 1467 3772 aliquos
1486 3694 1645 3770 colligere
1666 3695 1726 3756 vix
1743 3695 1838 3757 vale-

1039 3808 1124 3851 mus.
1141 3793 1226 3852 Nam
1249 3789 1560 3868 unusquisquetere
1576 3791 1718 3853 inviam
1742 3807 1836 3853 suam

1038 3888 1130 3960 abiit,
1147 3891 1180 3950 et
1203 3887 1244 3948 ad
1267 3903 1361 3949 suam
1381 3888 1641 3963 negotiationem
1665 3890 1796 3950 revolat
1816 3905 1837 3950 a

1038 3985 1126 4061 regis
1140 3985 1265 4062 nuptiis
1280 3983 1513 4046 damnabiliter
1523 4000 1559 4046 se
1571 4001 1751 4047 excusans.
1761 3987 1835 4049 lam

1038 4081 1172 4159 quidam
1195 4081 1338 4143 ministri
1354 4081 1471 4143 altaris
1487 4080 1573 4143 sicut
1592 4085 1746 4159 jumenta
1771 4100 1835 4146 non

1038 4181 1145 4241 solum
1160 4180 1356 4241 insternere
1378 4180 1660 4254 computrescunt3
1680 4180 1740 4242 sed
1754 4196 1834 4259 pec-

1038 4280 1147 4339 catum
1168 4292 1264 4337 suum
1283 4276 1374 4337 velut
1390 4275 1531 4337 Sodoma
1558 4277 1754 4353 praedicant,
1775 4294 1834 4341 nec

1038 4375 1253 4447 abscondunt,
1275 4373 1354 4435 iacti
1366 4373 1475 4446 ruina,
1493 4374 1526 4436 et
1540 4373 1680 4452 laqueus
1696 4376 1836 4454 populo-

1037 4489 1121 4532 rum.
1150 4471 1288 4543 Quidam
1315 4471 1415 4532 etiam
1444 4469 1662 4533 ecclesiarum
1690 4473 1831 4551 prelati,

1037 4569 1093 4646 qui
1107 4567 1236 4644 gladios
1249 4566 1410 4644 ancipites
1425 4568 1460 4628 in
1482 4567 1552 4628 suis
1567 4568 1723 4630 manibus
1739 4586 1835 4634 acce-

1037 4668 1166 4743 perunt,
1179 4664 1220 4726 ad
1235 4664 1421 4727 faciendam
1434 4665 1614 4727 vindictam
1629 4669 1663 4728 et
1674 4667 1834 4747 increpa·

1037 4764 1143 4826 tiones
1168 4763 1202 4823 in
1227 4763 1358 4840 populis
1380 4765 1530 4824 errantes
1559 4778 1625 4824 non
1648 4765 1833 4842 corrigunt,

1037 4859 1184 4922 membra
1199 4859 1329 4938 putrida
1344 4875 1411 4920 non
1425 4859 1593 4933 excidunt,
1609 4860 1832 4924 acaulisoves

1036 4957 1258 5034 contagiosas,
1290 4958 1324 5019 et
1351 4955 1519 5019 morbidas
1546 4972 1613 5019 non
1638 4958 1831 5032 excludunt,

1073 5089 1108 5145 lit
1128 5087 1209 5145 deest
1227 5086 1346 5160 epistola
1362 5087 1391 5143 in
1411 5101 1466 5159 qne
1488 5086 1732 5146 commendantur
1744 5104 1832 5148 sacre

1037 5157 1442 5230 theologicamdia3econtra
1455 5159 1495 5214 int
1535 5158 1831 5241 relegiturineodem

1037 5229 1098 5285 loco
1113 5228 1231 5354 ⁰Xi⁸w¹⁰
1252 5227 1288 5285 de
1306 5228 1485 5285 sanctssimi
1526 5227 1692 5299 acharistia,
1707 5238 1830 5289 atamen

1037 5300 1112 5354 nulla
1144 5313 1161 5354 e
1175 5312 1208 5353 ea
1225 5298 1332 5354 mentio
1346 5298 1376 5355 lit
1387 5298 1417 5354 in
1432 5313 1518 5379 opere
1530 5300 1576 5355 cui
1590 5300 1690 5357 titulus
1701 5317 1708 5357 :
1720 5303 1831 5372 nopae

620 5368 982 5438 aresesquearcendascu·
1033 5369 1197 5440 pemittant
1207 5383 1401 5436 romanarum,
1410 5368 1478 5427 edit.
1486 5370 1830 5440 Pottltast,Berlin,'lSli;

186 5444 268 5512 ravit,
280 5439 403 5511 denique
423 5437 635 5495 sanctissimam
649 5437 857 5494 Eucharistianr
868 5455 981 5497 sumnia
1023 5453 1129 5511 ‚neque
1142 5439 1215 5496 inter
1229 5439 1338 5496 litteras
1349 5437 1431 5495 datas
1442 5439 1477 5497 29
1486 5438 1611 5498 octobris
1632 5455 1728 5513 neque
1737 5442 1829 5501 nno·

186 5510 421 5639 cumlrevetrentie
430 5507 567 5565 custodiri
578 5514 689 5580 atquae
703 5506 900 5566 sacerdotibus
911 5517 982 5567 trac

187 5594 238 5641 tart
249 5598 319 5655 jussi
336 5624 342 5636 .

1037 5507 1130 5565 vemt.
1156 5506 1211 5564 hac
1231 5507 1367 5590 diendata
1385 5516 1429 5566 est
1441 5509 1573 5590 ¹epistola
1599 5485 1636 5569 de
1652 5510 1829 5570 Eucmristia

1037 5580 1166 5653 (llegcst.
1182 5580 1259 5650 vat,
1276 5577 1322 5637 ltb.
1341 5581 1390 5649 lv,
1404 5587 1485 5651 epist.
1502 5579 1575 5651 tlt).
