3774 6186
119 321 178 378 166
736 320 910 381 1161161111
932 320 977 381 111
999 320 1147 384 oraria.
1712 322 1760 384 116
1809 312 1811 325 “

118 480 458 556 cratissimocorpore
479 478 512 538 et
535 477 823 552 sanguinelleiet
842 482 912 541 Do·
967 479 1102 556 injuriis
1138 485 1172 543 et
1208 481 1420 543 contumeliis
1447 480 1609 559 gravibus
1639 479 1761 544 afficere

119 578 199 638 mini
214 579 442 653 Redemptoris
454 576 559 660 nostri
573 579 652 636 lesu
668 576 790 637 Christi
804 578 912 639 aliena
968 580 1222 655 praesumebant.
1235 580 1304 641 Nos
1316 579 1464 642 volentes
1480 580 1514 641 in
1526 579 1678 640 heccum
1693 595 1759 640 ma·

119 676 187 747 fiat,
217 677 314 752 atque
338 675 373 735 in
396 677 545 736 extremo
572 675 727 735 examine
754 674 912 737 districta
967 677 1104 738 turitate
1134 678 1312 754 procedere
1343 678 1430 740 sicut
1462 676 1622 754 exigebat
1648 677 1761 751 negoti

119 773 289 849 subjaceat
303 772 433 833 ultioni.
448 771 582 833 Cunctis
593 775 704 834 autem
716 773 824 833 eidem
840 773 913 834 loco
967 774 1177 849 magnitudo,
1211 775 1395 836 venerabili
1428 773 1524 836 fratri
1561 775 1680 836 nostro
1681 817 1738 836 .....
1742 819 1760 836 ..

119 887 179 931 sua
190 875 267 946 jura
282 870 493 931 servantibus
509 869 567 930 fiat
582 886 648 946 pax
662 871 793 931 Domini
808 871 911 932 nostri
968 871 1164 933 carnotensi
1176 873 1331 950 episcopo
1346 876 1425 934 tunc
1440 873 1695 934 Pontiniacensi
1707 872 1761 934 ab·

118 971 197 1030 lesu
211 969 346 1040 Christi,
366 970 529 1045 quatenus
544 972 576 1029 61
591 967 646 1029 hic
660 967 802 1029 fructum
818 968 912 1030 honae
967 965 1036 1030 bati
1063 971 1095 1030 et
1121 969 1243 1039 dilecto
1262 970 1333 1031 tilio
1335 1014 1396 1031 .....
1427 970 1533 1047 priori
1548 970 1668 1032 Sancti
1695 971 1763 1032 Vic-
1809 990 1811 1013 ¹

118 1067 261 1127 actionis
277 1066 472 1143 percipiant,
490 1067 523 1127 et
544 1065 630 1141 apud
655 1065 840 1128 districtum
856 1069 914 1143 ju·
967 1066 1050 1128 toris
1075 1067 1238 1127 Parisien.
1268 1083 1370 1144 super
1394 1067 1456 1129 hoc
1481 1067 1543 1129 sub
1558 1070 1654 1129 certa
1668 1067 1762 1130 forma
1809 1084 1811 1095 ·

117 1165 224 1225 dicem
254 1164 392 1241 praemia
424 1165 558 1225 aeternae
600 1163 692 1240 pacis
727 1164 910 1226 inveniant
967 1161 1152 1225 direximus
1185 1164 1308 1240 scripta
1337 1166 1463 1226 nostra.
1487 1165 1550 1238 Qui
1578 1164 1762 1226 mandatum
1806 1118 1811 1215 1

116 1267 233 1324 Amen.
967 1262 1118 1324 nostrum
1151 1262 1293 1323 fideliter
1322 1265 1564 1340 exsequentes,
1590 1262 1635 1324 ad
1665 1262 1761 1324 locum
1808 1250 1811 1341 Ι

158 1363 226 1436 Ego
241 1363 307 1421 Leo
317 1359 406 1421 tituli
417 1362 539 1420 sanctae
553 1359 667 1419 Crucis
677 1358 713 1419 in
725 1359 912 1420 Jerusalem
968 1360 1188 1435 personaliter
1216 1362 1441 1432 accesserunt,
1465 1361 1498 1423 et
1521 1361 1663 1422 invento
1687 1362 1762 1439 quod

118 1459 290 1534 presbyter
304 1456 497 1518 cardinalis.
967 1457 1120 1518 conversi
1151 1459 1426 1534 perpetraverant
1447 1473 1508 1530 ea,
1531 1474 1608 1535 quse
1641 1457 1764 1520 fueruit

159 1559 226 1631 Ego
248 1555 434 1631 stephanus
448 1553 600 1615 Basilice
618 1554 791 1615 duodecim
805 1559 913 1632 Apos-
967 1554 1064 1615 nohis
1088 1556 1255 1630 suggesta,
1283 1558 1317 1616 et
1340 1555 1408 1616 alia
1428 1556 1605 1630 graviora,
1631 1556 1714 1618 adeo
1734 1559 1765 1617 ut

117 1654 259 1715 telorum
274 1653 445 1730 presbyter
459 1652 650 1712 cardinalis.
967 1652 1066 1713 etiam
1100 1653 1208 1729 ipsum
1236 1653 1381 1730 priorem
1410 1653 1450 1713 de
1472 1653 1560 1715 facto
1592 1654 1765 1718 destituere

157 1755 226 1827 Ego
239 1751 419 1826 Gregorius
432 1750 520 1810 tituli
533 1750 718 1811 Anastasiae
742 1749 913 1827 presbyter
967 1751 1268 1826 praesumpsissent,
1278 1750 1318 1811 de
1326 1751 1523 1828 prudentum
1535 1751 1687 1812 virorum
1699 1767 1766 1813 con·

117 1850 309 1911 cardinalis.
966 1847 1042 1908 silio
1082 1848 1301 1909 restituerunt
1337 1849 1508 1920 eumdem,
1547 1852 1581 1910 et
1617 1849 1653 1910 in
1682 1850 1763 1926 ipsos

158 1952 224 2023 Ego
246 1948 388 2008 Thomas
409 1947 495 2008 tituli
512 1947 637 2007 sanctae
662 1945 794 2007 Sabinae
818 1961 912 2023 pres-
965 1960 1155 2016 conversos‚
1171 1945 1250 2007 licet
1264 1949 1335 2022 jam
1350 1947 1532 2024 peripsum
1552 1947 1701 2025 priorem
1713 1962 1765 2008 ex-

116 2045 211 2122 hyter
226 2045 417 2106 cardinalis.
873 2085 876 2092 ·
966 2044 1278 2105 communicationis
1291 2045 1456 2107 sententia
1469 2044 1663 2116 innodatos,
1674 2060 1766 2121 prop·

157 2147 224 2218 Ego
250 2143 416 2204 Honorius
443 2141 621 2203 Catholicae
647 2141 803 2202 Ecclesiae
827 2141 910 2219 epis-
965 2142 1018 2201 ter
1043 2142 1284 2204 contumaciam
1310 2141 1502 2203 eorumdem
1527 2143 1673 2204 similem
1697 2158 1765 2203 seu-

116 2258 230 2317 copus.
965 2238 1102 2300 tentiam
1119 2240 1337 2316 protulerunt,
1351 2239 1471 2317 quihus
1483 2255 1523 2300 ea
1538 2241 1764 2319 contemptam

155 2342 223 2413 ligo
239 2338 344 2398 Guido
360 2337 585 2399 Praenestinus
597 2337 784 2414 episcopus.
966 2352 1026 2397 sua
1047 2337 1171 2398 duritia
1191 2336 1458 2414 persistentibus,
1474 2340 1507 2400 et
1523 2337 1659 2399 domum
1673 2341 1765 2400 Gran·

156 2440 222 2512 Ego
238 2437 419 2507 conradus,
439 2436 631 2497 portuensis
647 2437 679 2495 st
695 2435 824 2496 Sanotae
841 2437 911 2496 Ru·
966 2434 1145 2496 dimonten.
1162 2435 1386 2497 detinentibus
1405 2436 1612 2513 occupatam,
1629 2437 1722 2513 prior
1737 2438 1765 2498 61

115 2536 190 2595 nne
204 2536 389 2612 episcopus.
965 2531 1078 2593 clerici
1094 2532 1137 2593 ab
1152 2532 1276 2604 eadem,
1299 2548 1535 2594 conversorum
1551 2533 1764 2596 formidantes

156 2635 223 2708 ligo
238 2633 341 2693 frater
355 2631 525 2701 Nicolaus‚
540 2630 747 2689 Tusculanus
762 2629 863 2705 episc.
965 2630 1139 2702 saevitiam,
1157 2631 1330 2706 exierunt3
1347 2630 1448 2692 iidem
1463 2646 1543 2693 vero
1564 2632 1720 2692 conversi
1738 2634 1766 2692 61

155 2733 223 2805 Ego
233 2729 350 2799 Gnido,
360 2727 557 2788 S.Nicholai
568 2727 602 2786 in
614 2742 748 2788 carcere
758 2727 910 2788 Tulliano
966 2726 1099 2804 quidam
1120 2728 1235 2789 clerici
1259 2745 1334 2789 cum
1358 2728 1419 2800 eis,
1441 2728 1647 2804 Stephanum
1663 2728 1766 2804 ipsius

114 2828 274 2889 diaconus
287 2824 479 2886 cardinalis.
965 2825 1030 2887 ioci
1045 2826 1203 2886 clericum
1217 2827 1251 2886 in
1271 2825 1380 2887 locum
1395 2825 1517 2902 prioris
1535 2825 1725 2895 intrudere,
1738 2830 1767 2888 et

155 2929 222 3001 Ego
240 2924 308 2984 061.
325 2923 521 2983 Sanctorum
545 2921 653 2996 sergii
668 2923 701 2983 et
715 2922 818 2983 Baebi
833 2921 909 2985 dia·
965 2922 996 2983 ei
1012 2923 1133 2999 prioris
1148 2939 1268 2984 nomen
1284 2923 1458 3000 imponere
1473 2927 1765 3001 praesumpserunt.

64 3098 67 3103 Ι
114 3039 218 3083 conus
233 3020 425 3082 cardinalis.
965 3020 1768 3096 Quibusdamigiturclericisetconversisordinis

43 3181 44 3184 ,
154 3123 223 3195 Ego
251 3119 430 3194 Gregorius
454 3119 567 3179 Sancti
595 3116 717 3179 Theod.
752 3117 911 3179 diaconus
966 3121 1101 3196 propter
1116 3119 1226 3180 hocin
1242 3119 1546 3195 nostrapraesentia
1567 3119 1766 3188 constitutis,

115 3217 306 3278 cardinalis.
967 3215 1768 3294 nusdeclarandoquaedamcapitularegulaequae

154 3319 222 3389 Ego
246 3315 434 3391 Stephanus
456 3315 569 3376 Sancti
594 3313 730 3375 Adriani
753 3313 912 3374 diaconus
968 3314 1338 3391 praecipuevidehantur
1347 3314 1435 3375 inter
1444 3330 1502 3375 eos
1513 3315 1694 3375 materiam
1710 3331 1769 3391 pa-

115 3412 307 3477 cardinalis.
967 3427 1041 3472 rere
1059 3413 1259 3489 iurgiorum,
1277 3427 1316 3473 ac
1334 3411 1468 3488 quidam
1484 3410 1771 3488 praedecessorum

155 3515 238 3573 Data
249 3509 405 3572 Laterani
417 3525 476 3585 per
486 3524 620 3569 manum
631 3508 780 3579 Ranerii,
789 3511 911 3569 sanctae
968 3509 1771 3581 nostroruminnovandoslatuta,etnostraetiam

116 3613 275 3672 Romanae
311 3606 467 3668 Ecclesia
497 3606 762 3676 vicecamerarii,
788 3606 818 3664 X
846 3605 912 3664 lia-
967 3608 1153 3684 adjiciendo
1169 3608 1209 3668 de
1223 3624 1308 3669 novo
1322 3606 1500 3683 pacificare
1511 3608 1634 3669 cuncta
1648 3607 1773 3683 sategi·

116 3708 232 3767 lendas
252 3705 375 3775 martii,
398 3703 591 3773 indictione,
607 3706 649 3762 Vl
670 3702 912 3763 incarnationis
967 3722 1052 3776 mus,
1063 3721 1122 3783 per
1135 3722 1208 3783 quoe
1219 3705 1506 3782 tranquillitatem,
1516 3706 1775 3783 etpacemeJ‘us·

116 3805 296 3867 Dominicae
311 3818 399 3863 anno
414 3803 586 3871 MCCXlX,
603 3800 812 3876 pontificatus
832 3816 912 3862 vero
967 3803 1041 3864 dem
1052 3804 1180 3864 ordinis
1193 3802 1454 3865 conservandam
1463 3802 1631 3863 credimus
1641 3802 1773 3881 infutu-

116 3903 241 3963 domini
256 3900 395 3961 Honorii
408 3899 496 3961 tertii
512 3915 600 3960 anno
613 3899 721 3960 tertio.
967 3917 1051 3962 rum.
1066 3902 1149 3973 Quia
1161 3917 1240 3962 vero
1251 3899 1443 3962 eorumdem
1457 3914 1700 3962 conversorum
1721 3915 1774 3961 ex·

497 4061 508 4077 ,
968 4016 1081 4060 cessus
1093 4000 1168 4077 plus
1191 4000 1326 4076 possent
1347 3997 1499 4074 exemplo
1517 4013 1652 4068 nocere,
1671 4014 1770 4076 quam

447 4061 581 4146 CXXX
969 4095 1726 4172 factosieostransirecontingeretimpunitos,
1734 4095 1773 4155 de

158 4202 208 4259 Ad
242 4201 408 4258 decanum
441 4196 585 4256 electum
622 4197 655 4253 et
689 4196 870 4268 officialem
969 4196 1109 4256 consilio
1136 4195 1275 4256 fratrum
1291 4193 1480 4256 nostrorum
1494 4192 1719 4264 decrevimus,
1740 4193 1774 4253 ut

388 4294 634 4353 Bituriceoses.
969 4294 1124 4371 priorem,
1141 4309 1237 4370 quem
1253 4292 1293 4353 de
1313 4294 1391 4369 jure
1411 4291 1785 4367 restitueruntjudices·

409 4407 444 4463 23
463 4404 613 4462 16111119.
969 4391 1176 4462 contradicti,
1197 4391 1239 4451 de
1266 4390 1353 4451 facto
1375 4389 1476 4451 etiam
1492 4388 1644 4466 plenarie
1668 4388 1775 4451 resti-

132 4509 252 4573 [negesr..
264 4506 310 4558 111,
328 4506 371 4563 111,
385 4502 530 4568 66166116.
544 4504 600 4553 uss.
619 4504 655 4553 ha
669 4503 742 4552 rone
756 4502 790 4551 du
804 4503 898 4568 1161]
969 4491 1050 4560 tuto,
1067 4489 1101 4548 61
1109 4487 1244 4548 reducto
1260 4502 1335 4547 cum
1348 4485 1482 4546 clericis
1495 4484 1677 4556 universis,
1694 4480 1775 4546 dicti

117 4608 158 4664 De
170 4604 323 4661 rebellione
338 4615 542 4660 conversorum
557 4608 654 4657 contra
670 4601 795 4672 priorem
813 4608 842 4658 et
858 4601 913 4657 cle·
969 4585 1120 4647 conversi
1147 4585 1309 4645 restitutis
1336 4581 1500 4653 Omnibus»
1524 4597 1598 4658 ‹111ae
1629 4581 1674 4645 ab
1703 4583 1776 4660 il>sa

152 4696 226 4752 riuos
250 4689 721 4757 Gmndimontensismonasteri13
748 4689 913 4746 eorumdem
969 4684 1076 4754 domo,
1092 4686 1125 4744 et
1135 4681 1290 4743 membris
1300 4684 1372 4757 ejus
1382 4681 1507 4742 temere
1522 4679 1775 4757 adsportarunt,

151 4781 412 4856 p11n11i03ej1ndem
424 4777 913 4850 166166616111111166661663611
968 4781 1186 4843 absolutionis
1205 4779 1401 4841 heneficium
1417 4777 1589 4838 humiliter
1610 4779 1729 4854 petant
1743 4781 1777 4839 et

152 4886 293 4934 recursus,
968 4879 1086 4940 devote
1099 4875 1310 4954 recipiantah
1320 4874 1777 4952 eodem,iidemquesiugulis

156 4981 336 5050 Honorius,
369 4981 444 5045 etc..
471 4977 600 5039 dilectis
625 4976 740 5036 tiliis...
770 4975 911 5038 electo...
968 4976 1083 5038 diebus
1105 4975 1280 5036 dominicis
1297 4989 1400 5050 usque
1423 4972 1465 5034 ad
1485 4988 1611 5033 annum
1625 4973 1775 5050 incapi-

115 5080 242 5141 decano
255 5080 326 5141 61...
340 5069 476 5138 officiali
492 5076 673 5136 Bituricen.
967 5073 1036 5135 tulo
1049 5072 1279 5142 verberentur,
1292 5072 1326 5132 et
1340 5071 1431 5130 omni
1447 5070 1541 5131 sexta
1556 5069 1641 5131 feria
1656 5071 1777 5132 vivant

156 5181 236 5238 Cum
264 5177 343 5236 olim
363 5174 476 5249 gravis
491 5173 611 5232 fuisset
634 5173 675 5233 ad
702 5188 762 5232 nos
786 5172 912 5248 perlata
967 5171 1002 5231 in
1017 5185 1103 5246 pane
1117 5172 1151 5231 et
1160 5185 1256 5247 aqua,
1273 5168 1340 5229 nisi
1355 5168 1448 5245 prior
1462 5166 1659 5228 clementius
1674 5184 1776 5245 agen·

116 5277 263 5353 querela,
291 5274 377 5350 quod
412 5271 565 5332 conversi
598 5268 913 5331 Grandimo'ntenses
967 5266 1044 5329 dum
1071 5267 1204 5329 duxerit
1237 5283 1313 5328 cum
1340 5265 1476 5327 eisdem.
1506 5268 1534 5325 A
1558 5266 1774 5343 perceptione

115 5375 238 5452 prioris
262 5372 314 5433 sui
336 5385 501 5432 cameram
521 5369 554 5429 et
568 5368 674 5445 ipsam
688 5367 911 5428 (1161111666-
968 5381 1099 5443 quoque
1111 5365 1274 5427 hominici
1297 5364 1448 5441 corporis
1469 5365 1502 5423 et
1519 5363 1699 5438 sanguinis
1714 5378 1774 5440 per

19 5507 24 5516 ·
115 5475 241 5533 tensam
257 5469 432 5531 ecclesiam
459 5482 543 5527 ausu
570 5465 732 5541 sacrilego
752 5463 912 5530 ,confrin-
966 5478 1091 5525 annum
1110 5462 1309 5534 abstineant,
1329 5461 1394 5522 nisi
1415 5461 1527 5522 forsan
1547 5459 1774 5522 11161116νί16-

115 5573 241 5646 pentes,
267 5568 417 5630 eumdem
447 5566 590 5642 priorem
610 5567 644 5624 61
662 5563 747 5625 alios
765 5562 912 5639 ejnsdem
967 5563 1059 5623 retur
1077 5560 1237 5622 articulus
1255 5559 1440 5620 imminere.
1468 5558 1635 5620 Praeterea
1654 5573 1771 5620 omnes

116 5667 177 5733 loci
206 5667 345 5728 clericos
372 5663 561 5727 detinebant
588 5661 743 5730 inclusos,
775 5660 910 5737 6161166
968 5660 1014 5727 illi
1027 5660 1081 5740 qni
1099 5659 1230 5719 fuorunt
1247 5657 1446 5734 principales
1466 5656 1567 5717 tantae
1582 5655 1769 5734 iniquitatis
