3774 6186
1704 315 1764 374 406

738 314 966 375 arternum.
989 292 1066 376 Lm.
1091 315 1144 376 1v.

121 316 180 377 405

120 471 190 545 illo,
202 470 258 550 qui
274 471 439 533 neminem
451 470 522 534 vult
536 471 656 549 perire,
672 488 730 549 per
743 474 810 535 tuae
825 485 914 550 prae·
968 474 1083 547 sertio,
1100 473 1220 551 quibus
1231 473 1311 538 tides
1326 474 1513 538 adhibenda
1525 473 1643 536 merito
1668 471 1764 534 vide-

119 569 295 632 dicationis
315 568 534 631 ministerium
556 568 597 630 ad
622 571 826 645 agnitionem
849 585 912 630 ve·
967 568 1094 630 batur:
1119 570 1155 631 tu
1185 569 1309 642 tamen,
1332 572 1448 633 nolens
1472 573 1507 633 in
1526 571 1559 633 te
1573 568 1763 647 hujusmodi

120 666 240 736 ritatis,
253 682 312 726 nos
326 682 384 743 pro
400 667 506 727 labori
528 670 584 728 tuo
600 667 747 728 volentes
766 667 913 728 favorem
968 667 1131 727 maculam
1150 681 1334 740 remanere,
1352 669 1547 745 supplicasti
1569 667 1664 729 nobis
1691 667 1759 727 hu-

118 764 335 841 apostolicum
351 763 521 836 exhibere,
539 763 752 840 praesentium
760 762 820 825 tibi
831 780 913 825 auc-
969 764 1091 825 militer
1113 767 1147 826 et
1166 765 1339 838 instanter,
1361 767 1396 827 ut
1419 781 1521 842 super
1543 765 1606 826 hoc
1634 763 1760 841 inquiri

119 862 253 924 toritate
268 860 490 947 concedimus,
507 863 544 922 ut
557 861 648 922 viros
657 860 832 936 religiosos
845 861 912 923 tam
968 860 1153 923 taceremus
1167 861 1359 937 diligentius
1380 864 1554 926 veritatem
1576 863 1609 924 et
1622 876 1681 938 per
1694 861 1757 921 de-

119 958 245 1019 ordinis
273 958 513 1029 cisterciensis,
537 973 635 1034 quam
662 957 815 1029 aliorum,
830 973 913 1035 quos
968 958 1183 1020 clarationem
1207 959 1426 1033 legitimitatis
1456 961 1521 1021 tuae
1545 959 1760 1036 praenotatam

121 1071 195 1117 esse
223 1056 355 1117 noveris
381 1055 421 1116 ad
449 1054 512 1116 boc
542 1071 625 1131 opus
659 1054 808 1122 idoneos,
837 1071 911 1116 cum
968 1055 1131 1117 maculam
1145 1055 1290 1118 abolere.
1308 1057 1400 1119 Unde
1420 1073 1481 1118 nos
1496 1056 1624 1118 dilectis
1643 1055 1759 1115 tiliis...

118 1151 285 1223 abbatum,
307 1153 340 1214 et
354 1152 607 1228 prepositorum
622 1167 757 1213 suorum
776 1152 912 1213 licentia
967 1151 1077 1214 abbati
1092 1153 1160 1214 et...
1177 1153 1281 1231 priori
1296 1154 1419 1215 Tineiaa
1436 1170 1513 1215 ac...
1525 1152 1760 1216 archidiacono

117 1252 226 1313 tecum
250 1249 371 1310 ducere
392 1249 517 1322 valeas,
542 1248 639 1310 etad
666 1249 911 1325 praedicandum
967 1250 1179 1312 cracoviensi
1191 1251 1314 1312 nostris
1325 1250 1474 1313 dedimus
1488 1250 1607 1312 litteris
1622 1250 1658 1310 in
1670 1264 1761 1311 man·

119 1347 285 1408 Cbristum
298 1345 394 1408 dictis
408 1346 547 1422 paganis
559 1346 664 1407 libere
679 1346 859 1407 destinare.

159 1446 276 1506 Datum
305 1442 550 1515 viterbii,x1v
580 1443 741 1505 kalendas
774 1444 910 1522 aprilis,

118 1557 207 1611 anno
220 1541 348 1619 quarto.

486 1656 550 1743 dv

151 1794 203 1852 Ad
223 1791 359 1853 abbates
374 1791 408 1852 ct
421 1791 628 1866 propositos
643 1791 880 1852 Cistcrctensts

336 1891 470 1950 ordinis
484 1888 518 1949 ct
533 1890 692 1950 otiorum.

402 2001 436 2058 ro
449 2008 532 2058 mart.
549 2001 627 2058 12²0.

199 2107 393 2172 [Turgenevius
409 2107 535 2157 lliston'ca
545 2107 644 2158 ltussiae
656 2107 828 2166 denumerata,

392 2192 412 2236 t.
423 2187 443 2244 l,
457 2203 482 2251 p.
499 2188 537 2246 ll,
548 2201 572 2236 n.
588 2187 638 2251 to]

117 2287 154 2351 Ut
180 2288 315 2360 episcopo
343 2285 504 2344 Revelleusi
534 2286 717 2359 evangelium
742 2285 771 2342 iu
796 2285 912 2342 Estonia

141 2374 306 2449 predicanti
320 2374 464 2447 adiutores
476 2375 603 2448 religiosi
616 2375 668 2431 viri
682 2372 885 2431 concedantur.

156 2492 322 2554 Honorius
335 2493 521 2569 episcopus,
534 2506 650 2553 servus
659 2506 829 2552 servorum
839 2489 909 2563 Dei,

118 2588 291 2651 abbatibus
319 2591 352 2652 et
375 2589 561 2666 praepositis
589 2592 655 2650 tam
681 2587 911 2650 Cisterciensis

118 2686 248 2749 ordinis
275 2703 373 2763 quam
402 2686 554 2757 aliorum,
577 2688 758 2762 praesentes
784 2685 912 2746 litteras

118 2784 327 2860 inspecturis,
354 2783 542 2844 salutemet
565 2781 782 2858 apostolicam
805 2782 910 2843 bene-

120 2881 307 2952 dictionem.

157 2980 263 3051 Quum
282 2976 482 3039 venerabilis
497 2976 600 3038 trater
614 2976 765 3037 noster...
786 2974 911 3038 lietal-

119 3074 219 3135 lensis
231 3074 405 3150 episcopus
417 3073 487 3135 zelo
501 3073 649 3134 caritatis
664 3088 824 3134 accensus
840 3088 913 3148 por·

119 3175 163 3233 tet
182 3188 294 3232 coram
315 3171 453 3247 paganis
474 3170 619 3232 Estoniae
640 3185 759 3232 nomen
776 3168 910 3241 Christi,

119 3268 322 3341 attestante
341 3268 411 3340 illo,
433 3269 489 3344 qui
503 3268 667 3329 nemiuem
692 3268 763 3328 vult
788 3267 910 3343 perire,

118 3381 175 3442 per
190 3381 258 3425 suae
271 3364 517 3442 praedicationis
532 3365 755 3426 ministerium
764 3365 805 3425 ad
821 3364 913 3440 agni·

117 3463 242 3524 tionem
256 3461 560 3523 veniantveritatis.
574 3463 642 3523 Nos
654 3463 710 3539 pio
720 3461 826 3523 labori
839 3464 912 3538 ejus

118 3560 265 3623 volentes
298 3559 445 3620 savorem
474 3559 698 3635 apostolicum
733 3558 908 3629 exhibere,

119 3655 325 3717 devotionem
347 3658 490 3717 vestram
510 3655 691 3730 rogandam
710 3655 864 3715 duximus
879 3656 912 3715 et

118 3753 325 3825 hortandam,
362 3769 421 3830 per
452 3752 641 3828 apostolica
668 3751 764 3812 vobis
787 3752 912 3828 scripta

118 3851 322 3923 mandantes,
348 3852 511 3928 quatenus
534 3850 663 3926 aliquos
686 3849 727 3909 de
753 3848 912 3910 iratribus

118 3948 235 4009 restris
259 3947 300 4007 ad
328 3948 390 4008 hoc
418 3964 500 4024 opus
522 3947 669 4020 idoneos,
700 3945 807 4007 eidem
837 3962 911 4006 cum

118 4044 307 4123 requisierit
319 4044 353 4106 in
369 4043 557 4122 huqusmodi
575 4043 795 4106 ministerium
808 4043 911 4104 libere

118 4142 316 4204 concedatis.
339 4144 457 4203 Datum
483 4140 635 4215 Viterbii,
651 4142 727 4203 XIV
749 4140 911 4211 kalendas

119 4240 244 4316 aprilis,
260 4255 348 4301 anno
369 4240 498 4317 quarto.

162 4547 213 4605 Ad
225 4548 408 4604 Falconem
423 4543 601 4603 curatorem
615 4545 858 4603 Gtrcsrscosem.

398 4655 434 4713 20
448 4662 531 4711 mart.
547 4656 625 4712 tato.

192 4761 322 4824 [Theium.
340 4761 505 4811 Monumenta
519 4759 642 4817 Poloniae,
655 4760 676 4816 l,
690 4758 728 4815 10,
741 4772 767 4810 u.
780 4758 832 4823 it]

118 4859 195 4927 Quod
216 4856 322 4916 tactum
344 4866 388 4916 est
404 4873 490 4930 super
504 4856 683 4915 nuntiatione
691 4872 751 4914 sua
766 4857 908 4930 legitima·

359 4948 455 5014 tionis,
467 4946 664 5003 confirmatur.

155 5056 513 5132 Honoriusepiscopus,
527 5069 646 5116 servus
656 5068 829 5117 servorum
837 5053 907 5125 Dei,

116 5154 236 5215 dilecto
250 5153 319 5213 illio
333 5152 470 5213 Falconi
486 5151 614 5212 cantori
635 5152 832 5224 Guesneusi,
849 5167 908 5213 sa-

116 5250 215 5312 lutem
230 5252 263 5311 et
278 5249 492 5325 apostolicam
504 5247 779 5310 benedictionem.

154 5349 261 5418 Quum
273 5345 351 5405 olim
368 5345 614 5421 illegitimitatis
630 5345 707 5407 nota
721 5345 780 5406 tibi
797 5361 908 5407 coram

115 5443 209 5504 nobis
225 5442 343 5503 luisset
356 5443 391 5503 in
403 5443 534 5504 modum
549 5443 756 5520 exceptionis
767 5443 907 5520 objecta,

115 5541 192 5602 licet
205 5537 404 5617 objectorem
416 5541 611 5616 poenituisse
622 5540 793 5602 videretur
802 5540 910 5618 objec-

114 5639 150 5711 ti,
168 5641 200 5701 et
215 5638 302 5699 dicto
316 5640 389 5714 ejus
413 5636 641 5713 refragaretur
656 5639 834 5700 multorum
849 5655 908 5700 as-

968 1347 1065 1420 datis,
1099 1349 1136 1409 ut
1161 1348 1347 1424 reciperent
1373 1350 1474 1410 testes
1502 1348 1650 1418 idoneos,
1678 1360 1760 1424 quos

968 1458 1068 1520 super
1080 1444 1138 1505 tua
1149 1445 1357 1521 legitimitate
1370 1443 1510 1506 duceres
1518 1442 1757 1520 producendos,

967 1542 1000 1601 et
1027 1542 1055 1601 si
1082 1542 1251 1603 constaret
1271 1541 1406 1614 eisdem,
1433 1535 1520 1618 quod
1550 1541 1590 1600 de
1613 1539 1761 1616 legitimo

968 1638 1179 1700 matrimonio
1203 1639 1300 1699 natus
1315 1655 1416 1708 essee,
1433 1642 1465 1701 te
1480 1638 1663 1714 legitimum
1676 1651 1758 1698 auc·

967 1737 1101 1797 toritate
1120 1736 1309 1812 apostolica
1336 1736 1555 1807 declararent,
1581 1733 1658 1812 quid
1684 1732 1760 1794 inde

968 1833 1124 1904 lacerent,
1146 1832 1241 1894 nobis
1263 1832 1405 1894 fideliter
1423 1832 1628 1909 rescripturi.
1652 1833 1760 1903 Quare
1862 1848 1864 1852 ⁴

968 1946 1026 2006 per
1055 1946 1133 1991 suas
1162 1930 1258 1991 uobis
1284 1930 1413 1991 litteras
1441 1929 1647 1999 intimarunt,
1675 1925 1760 2003 quod

967 2024 1761 2104 exsequentesmandatumnpostolicumdiligen·

967 2127 1137 2196 ter,testes
1152 2126 1349 2203 superdicto
1362 2124 1502 2186 articulo
1514 2121 1762 2200 receperuntet

967 2222 1359 2284 attentesubtestimonio
1369 2222 1506 2299 capituli
1517 2219 1757 2290 cracoviensis,
1860 2276 1866 2288 ,

968 2319 1124 2396 inspectis
1139 2320 1400 2398 depositionibus
1413 2319 1614 2391 eorumdem,
1626 2319 1761 2379 iuvene·

968 2419 1045 2479 runt
1065 2420 1098 2479 te
1119 2417 1160 2478 de
1183 2417 1331 2494 legitimo
1346 2417 1569 2488 matrimonio,
1584 2415 1760 2492 autequam

967 2517 1061 2591 pater
1073 2515 1149 2576 tuus
1163 2513 1292 2592 aliquos
1304 2514 1507 2592 suscepisset
1526 2512 1669 2582 ordines,
1686 2525 1761 2571 esse

967 2614 1092 2684 natum,
1115 2628 1218 2689 quare
1242 2613 1274 2673 te
1295 2613 1533 2673 nuntiaverunt
1563 2610 1759 2686 legitimum,

967 2711 1064 2786 prout
1078 2709 1177 2771 sibia
1199 2708 1294 2770 nobis
1310 2711 1419 2772 tuerat
1442 2707 1685 2770 demandatum.
1710 2707 1761 2768 Ne

966 2808 1068 2882 igitur
1094 2808 1217 2871 veritas
1246 2807 1348 2868 semel
1377 2823 1476 2884 super
1500 2806 1566 2867 tuis
1594 2802 1762 2864 declarata

967 2904 1133 2965 natalibus
1171 2905 1315 2982 alicujus
1356 2903 1570 2965 dubitationis
1605 2900 1761 2977 scrupulo

966 3002 1079 3064 valeat
1101 3003 1136 3064 in
1164 3004 1334 3080 posterum
1360 3002 1528 3073 offuscari,
1554 2999 1640 3077 quod
1663 3011 1764 3075 super

967 3098 1030 3158 hoc
1045 3099 1168 3160 tactum
1182 3100 1292 3160 extitit
1307 3098 1348 3159 ab
1368 3099 1504 3167 eisdem,
1527 3096 1683 3173 praesenti
1697 3110 1761 3171 pa-

966 3197 1045 3271 gina
1060 3196 1162 3257 scribi
1186 3196 1325 3256 fecimus
1347 3194 1387 3255 ad
1411 3195 1585 3264 cautelam,
1611 3193 1644 3254 et
1661 3189 1762 3252 bullae

967 3295 1090 3355 nostrae
1105 3293 1289 3353 munimine
1301 3292 1463 3353 roborari.

1007 3393 1125 3452 Datum
1155 3389 1307 3462 viterbii,
1338 3392 1415 3450 Xlll
1447 3387 1607 3449 kalendas
1633 3385 1760 3464 aprilis,

967 3488 1178 3566 pontificatus
1194 3488 1299 3551 nostri
1311 3503 1398 3548 anno
1414 3487 1542 3564 quarto.

1046 3768 1097 3827 Ad
1110 3639 1493 3839 univcrstcmffieldum
1510 3764 1681 3836 majone.

1255 3878 1291 3935 20
1305 3884 1388 3933 mart,
1402 3876 1480 3934 1220.

1085 3984 1201 4049 [liipolli,
1217 3984 1311 4034 Butler.
1326 3981 1470 4040 Pradicat,
1488 3983 1507 4040 l,
1520 3982 1544 4040 9,
1557 3996 1582 4031 n.
1595 3982 1646 4046 ib]

966 4084 1056 4153 Quam
1072 4091 1153 4155 grata
1169 4082 1222 4138 sibi
1236 4082 1292 4138 sint
1307 4081 1399 4137 otllcia
1417 4080 1560 4153 pietatisa
1577 4080 1682 4152 populo
1697 4080 1757 4137 lla·

1001 4171 1118 4229 dritensi
1141 4169 1274 4228 tratribus
1298 4169 1407 4227 ordinis
1430 4168 1661 4239 Praedicatorum,
1688 4183 1762 4242 quos

1001 4259 1106 4327 laudat,
1118 4258 1255 4327 exhibita,
1271 4258 1405 4315 declarat.

1006 4368 1173 4431 Honorius
1181 4368 1367 4445 episcopus,
1376 4382 1492 4428 servus
1505 4381 1677 4429 servorum
1687 4365 1759 4438 Dei,

966 4466 1095 4527 dilectis
1117 4465 1195 4526 tiliis
1211 4466 1367 4527 universo
1388 4464 1509 4543 populo
1528 4464 1692 4543 Majorici,
1706 4478 1763 4525 sa·

929 4609 932 4616 .
966 4564 1113 4625 tutemet
1127 4563 1342 4640 apostolicam
1358 4562 1634 4623 benedictionem.

1007 4662 1142 4722 Gratum
1158 4662 1192 4723 et
1207 4661 1378 4738 acceptum
1394 4660 1489 4721 nobis
1504 4659 1576 4729 luit,
1592 4657 1678 4735 quod
1694 4672 1759 4718 au·

914 4798 917 4802 -
966 4759 1120 4829 divimus,
1148 4758 1317 4829 videlicet,
1346 4757 1431 4834 quod
1461 4757 1592 4817 nostros
1620 4754 1760 4816 dilectos

965 4856 1063 4924 filios,
1089 4855 1210 4917 iratres
1240 4854 1366 4916 ordinis
1402 4853 1673 4924 praedicatorum,
1704 4852 1761 4931 qui

965 4953 1117 5013 habitant
1132 4951 1217 5029 apud
1233 4951 1442 5028 Majoricum,
1458 4950 1631 5027 recepistis
1643 4950 1678 5011 in
1693 4950 1763 5011 vis-

967 5050 1099 5112 ceribus
1119 5049 1268 5110 caritatis
1292 5049 1325 5109 et
1339 5048 1530 5125 protexistis
1550 5047 1763 5109 laudabiliter

967 5164 1041 5208 cunr
1067 5146 1185 5207 otilciis
1209 5145 1353 5222 pietatis,
1382 5145 1417 5206 in
1444 5162 1507 5223 quo
1529 5145 1759 5221 intelligimus,

965 5260 1024 5304 vos
1039 5244 1170 5320 gratum
1195 5242 1388 5320 obsequium
1411 5245 1477 5303 Deo
1496 5245 1667 5319 praestare,
1682 5242 1760 5319 quia

965 5342 1053 5403 inter
1067 5341 1153 5402 bona
1168 5356 1281 5417 opera,
1300 5340 1418 5417 quibus
1430 5342 1496 5400 Deo
1507 5339 1682 5411 servimus,
1692 5338 1762 5401 tere

966 5439 1094 5499 nullum
1116 5438 1285 5499 invenitur
1299 5438 1350 5497 illi
1365 5437 1503 5512 gratius,
1521 5452 1619 5514 quam
1642 5437 1763 5498 subve-

966 5537 1039 5598 nire
1054 5536 1133 5607 illis,
1166 5537 1221 5613 qui
1245 5537 1379 5613 propter
1403 5533 1492 5595 sitim
1516 5550 1615 5611 quam
1640 5535 1763 5596 liabent

967 5635 1087 5696 salutis
1112 5633 1296 5703 hominum,
1323 5632 1481 5694 hauriunt
1513 5633 1547 5693 in
1576 5632 1697 5709 gaudio
1731 5635 1765 5695 et
