3774 6186
58 314 118 375 817

59 470 199 533 fratrum
215 471 248 532 et
264 471 364 532 otiam
379 471 541 533 laicorum
557 471 782 533 coemeterium
801 460 838 532 tu

59 570 205 629 mutetur
229 569 296 645 qui,
323 570 470 646 tempore
494 569 673 638 mortisia
695 584 735 630 eo
757 569 857 631 fuerit

59 665 299 742 deprehensns.

101 764 258 824 Octavum
269 765 314 835 ut,
323 766 418 841 juxta
434 780 558 825 morem
573 765 853 836 cisterciensium,

58 861 111 921 ter
134 861 169 920 in
193 877 281 921 anno
306 862 346 921 ad
373 863 493 933 minus,
520 863 667 922 candelis
692 863 853 933 accensis,

59 958 214 1019 monachi
231 958 331 1030 fures
351 959 549 1020 incendiarii
570 962 602 1020 et
620 959 855 1036 proprietatem

58 1054 231 1126 habentes,
271 1040 603 1118 excommunicantur
634 1056 669 1117 in
702 1055 855 1117 omnibus

59 1152 272 1213 monasteriis
288 1154 369 1214 etin
385 1153 529 1230 capitulo
544 1154 704 1229 generali.

100 1250 232 1310 Nonum
249 1251 284 1311 ut
298 1250 381 1310 nulli
397 1251 559 1313 monacho
575 1251 676 1313 liceat
690 1252 762 1328 post
780 1250 853 1312 fac-

57 1347 126 1410 tam
151 1341 389 1423 professionem
413 1349 459 1409 uti
476 1348 631 1411 camiseis
654 1351 711 1410 aut
734 1348 856 1409 lintea-

58 1442 204 1503 minibus
231 1443 340 1515 lineis,
369 1443 426 1504 sed
451 1444 530 1506 solis
552 1445 659 1505 laneis
684 1445 750 1506 sint
774 1461 856 1506 con·

58 1540 153 1612 tenti,
184 1541 332 1617 exceptis
357 1541 570 1604 femoralibus
603 1544 661 1605 aut
691 1542 854 1619 mappulis

58 1639 99 1698 ad
119 1632 323 1699 auricularia
339 1639 549 1711 involvenda,
573 1640 638 1700 nisi
658 1639 698 1700 de
723 1639 856 1700 miseri-

58 1736 174 1797 cordia
189 1737 324 1797 senibus
338 1738 510 1809 scabiosis
527 1738 580 1799 rel
595 1737 777 1815 juvenibus
798 1738 854 1797 in-

58 1835 164 1894 firmis
181 1834 251 1894 haec
265 1834 480 1910 indulgentur
492 1835 533 1895 ad
546 1837 687 1912 tempus.

98 1931 267 1992 Decimum
289 1935 324 1993 ut
348 1949 410 1993 sex
434 1932 572 1996 abbates
594 1949 654 2010 per
680 1933 853 1994 duodecim

58 2028 212 2089 dioecesis
227 2033 363 2090 Reman.
383 2032 574 2108 prouinciae,
590 2032 737 2108 quolibet
751 2047 850 2102 ann0‚

57 2126 238 2187 secundum
254 2127 327 2188 loca
339 2128 401 2188 sibi
413 2129 545 2205 proprie
559 2129 773 2204 assignanda,
784 2128 853 2189 bini

58 2225 90 2284 et
107 2223 186 2294 bini,
201 2226 402 2287 monasteria
414 2227 652 2288 monachorum
673 2228 705 2288 et
720 2227 852 2288 monia-

57 2321 138 2381 lium
159 2322 304 2394 visitent,
326 2323 531 2401 inquirentes
558 2323 598 2385 de
626 2325 715 2386 statu
739 2340 853 2384 eornm

57 2420 125 2479 tam
139 2420 227 2480 circa
242 2421 430 2496 spiritualia
444 2438 542 2497 qnam
556 2423 645 2482 circa
658 2422 852 2499 temporalia

57 2511 245 2588 diligenter,
281 2510 317 2576 et
344 2515 498 2592 quicquid
530 2498 720 2577 invenirent
748 2517 855 2576 corri-

56 2610 201 2685 gendum
228 2612 357 2672 tamin
384 2613 491 2689 capite
518 2630 615 2690 quam
638 2615 673 2674 in
698 2613 853 2673 membris

57 2708 215 2784 scripturn
231 2710 377 2770 referant
390 2711 430 2770 ad
449 2711 629 2787 capitulum
643 2711 809 2786 generale.

99 2805 315 2867 Undecimum
327 2809 363 2868 ut
373 2808 402 2868 si
414 2809 594 2868 monachus
608 2808 660 2869 rel
670 2823 854 2869 conversus

57 2906 98 2966 de
118 2904 361 2965 incontinentia
385 2905 438 2967 vel
472 2905 512 2965 de
537 2905 775 2981 dilapidatione
798 2906 855 2966 aut

57 3005 98 3064 de
123 3003 288 3063 discordia
311 3003 398 3063 inter
421 3003 542 3063 fratres
564 3003 770 3074 seminanda,
796 3018 855 3079 per

57 3102 178 3163 fratres
203 3116 315 3161 coram
348 3100 577 3161 visitatoribus
607 3101 691 3161 citra
715 3101 853 3163 formam

52 3198 174 3275 judicii
204 3198 443 3270 eorivincatar,¹
459 3198 557 3275 Juxta
582 3197 798 3274 quantitatem
823 3198 855 3258 et

57 3296 249 3373 qualitatem
259 3312 428 3368 excessus,
441 3295 621 3384 secundum
636 3296 784 3372 regulam
797 3310 856 3371 per

56 3410 114 3455 eos
130 3411 275 3469 congrue
292 3394 482 3470 castigetur.

99 3493 346 3564 Duodecimum,
364 3494 398 3555 ut
413 3508 473 3553 nec
485 3491 586 3553 abbas
599 3508 659 3553 nec
672 3491 854 3553 monachus

57 3590 92 3651 in
112 3590 187 3649 urbi
207 3591 259 3650 ael
283 3593 391 3651 castro
416 3590 472 3651 nbi
492 3589 731 3673 monasterium
754 3590 853 3650 sitnm

56 3688 118 3759 est,
133 3688 211 3748 alibi
230 3703 327 3764 quam
343 3688 376 3747 in
391 3689 594 3748 monasterio
609 3687 730 3748 audeat
745 3687 855 3762 hospi-

56 3788 134 3856 tari,
159 3785 224 3845 nisi
244 3786 322 3846 talis
345 3785 446 3846 fuerit
467 3784 551 3845 forte
573 3785 683 3846 uiator
701 3785 756 3860 qui
780 3800 853 3844 curn

56 3882 249 3944 festinantia
268 3886 406 3943 Romam
426 3883 526 3958 petat,
549 3883 601 3942 vel
624 3881 761 3943 alterius
777 3898 855 3958 pro-

56 3981 189 4052 vinciae,
208 3984 242 4042 nt
258 3996 399 4057 persona
413 3996 486 4057 quae
503 3996 578 4041 cum
591 3980 702 4056 aliquo
721 3980 853 4056 potente

56 4080 195 4140 horreste
212 4080 368 4150 moretur,
391 4080 427 4138 ut
448 4078 477 4137 si
499 4077 583 4138 forte
604 4077 775 4139 humiliter
796 4093 855 4153 pe-

56 4178 139 4238 tenti
163 4177 342 4252 hospitium
368 4176 468 4237 fuerit
496 4175 705 4251 denegatum,
730 4191 854 4252 ponan-

55 4276 111 4335 tur
126 4275 246 4335 eainde
269 4273 451 4351 culpabiles
461 4276 558 4352 juxta
574 4273 853 4335 existimationem

55 4373 193 4448 capituli
209 4371 387 4447 generalis.

96 4473 165 4531 lt'os
182 4471 284 4547 igitur
298 4471 421 4531 vestris
438 4471 735 4548 supplicationibus
750 4470 851 4531 incli-

55 4570 139 4641 nati,
150 4585 250 4644 snpra
267 4568 355 4629 dicta
375 4569 520 4644 capitula
534 4568 619 4630 sieut
636 4568 771 4645 provide
785 4570 854 4629 sta-

54 4669 127 4730 tuta
161 4668 247 4737 sunt,
279 4666 476 4727 auctoritate
504 4667 693 4743 apostoliea
728 4667 853 4728 confrr-

54 4779 184 4824 mamus
200 4764 232 4823 et
245 4763 419 4839 praesentis
435 4763 550 4838 scripti
568 4764 754 4838 patrocinio
767 4779 854 4823 com·

54 4861 234 4933 munimus,
275 4861 322 4921 ita
355 4861 467 4921 tamen
503 4862 589 4939 quod
625 4861 746 4921 exinde
791 4877 853 4921 nec

55 4959 221 5026 ecclesiis,
247 4974 307 5019 nec
332 4958 499 5034 aliquibus
524 4959 742 5019 eeclesiarum
766 4974 854 5035 prae-

54 5057 135 5117 latis
170 5056 399 5133 praejudicium
434 5053 622 5131 ¹generetur.
655 5057 748 5117 Nulli
773 5072 852 5133 ergo

54 5154 192 5215 omnino
205 5153 376 5213 bominum
392 5152 492 5214 liceat
506 5153 593 5213 hano
605 5154 760 5229 paginam
775 5171 854 5215 nos-

53 5253 116 5313 trae
144 5251 406 5311 confirmationis
427 5251 621 5326 infringere,
645 5251 697 5312 vel
717 5253 748 5311 ei
768 5268 852 5312 ausu

54 5349 235 5410 temerario
251 5349 429 5409 contraire.
452 5350 485 5409 Si
502 5350 576 5425 quis
591 5351 701 5411 autem
718 5350 780 5411 hoc
797 5353 851 5411 at-

54 5450 186 5508 tentare
202 5447 732 5523 praesumpserit,indignationem
745 5450 853 5509 omni-

56 5544 200 5621 potentis
229 5544 288 5602 Dei
319 5546 352 5604 et
384 5543 555 5605 beatorum
580 5547 669 5607 Petri
698 5549 732 5607 et
756 5546 851 5606 Pauli

56 5641 281 5720 apostolorum
309 5643 381 5717 ejus
406 5658 442 5703 se
466 5644 598 5705 noverit
625 5645 869 5719 incursurum„

684 298 923 372 EPISTOL'AE:
938 301 1017 370 LIB.
1040 309 1080 370 V.

1646 309 1712 372 818

910 472 1029 532 Datum
1045 471 1212 544 Laterani,
1233 472 1309 534 Xlll
1325 443 1486 534 kalendas
1502 471 1603 548 inall,
1623 484 1709 550 pon-

910 568 1055 630 tificatus
1071 570 1176 631 nostri
1191 586 1279 631 anno
1295 571 1421 648 qnint0.

1119 885 1122 890 .
1204 786 1418 873 tunicii

910 939 962 998 Act
983 939 1158 998 albertum
1185 943 1479 1013 arclrreptscopum
1499 941 1709 1015 Μαραθων-

949 1049 1090 1109 pensem
1103 1034 1137 1095 et
1154 1037 1708 1098 FasidertcamHotbeiatadeasem

950 1129 982 1188 ct
1006 1131 1248 1190 Elraeltardum
1266 1133 1589 1206 Meracbarpeuaem
1609 1133 1705 1204 epis-

949 1239 1060 1298 conoe.

1202 1304 1233 1361 ii
1251 1305 1319 1361 mali
1335 1305 1413 1362 tear.

988 1418 1164 1482 [Heinemann
1177 1417 1261 1487 Coden
1271 1419 1435 1477 dnlialtinus,
1448 1435 1475 1484 p.
1487 1397 1526 1478 lta,
1536 1435 1562 1470 n.
1575 1420 1629 1485 ⁸¹2]

910 1524 958 1581 Eis
980 1524 1096 1581 mandat
1115 1532 1145 1581 ut
1165 1526 1298 1593 ilenrico,
1319 1528 1415 1583 comiti
1434 1527 1569 1596 Ascariee,
1589 1541 1704 1584 excom·

946 1614 1089 1670 municato
1103 1613 1138 1670 ob
1154 1616 1361 1672 mutilationem
1376 1617 1490 1674 Gerncti
1507 1615 1626 1686 abbatis,
1640 1632 1704 1688 per·

945 1703 1073 1758 sonalem
1084 1702 1308 1759 satisfactionem
1319 1711 1530 1776 competentem
1542 1706 1704 1778 injungant.

949 1830 1115 1889 Honorius
1140 1829 1326 1907 episcopus,
1356 1832 1431 1903 etc,
1457 1831 1705 1893 venerabilibus

909 1925 1067 1988 fratribus
1083 1926 1218 1989 Alberto
1239 1929 1489 2006 archiepiscopo
1504 1929 1705 2005 Magdebur-

908 2026 1013 2101 gensi,
1029 2029 1062 2087 et
1076 2027 1245 2088 Friderico
1261 2026 1531 2089 Halberstadensi
1548 2029 1580 2088 et
1593 2028 1706 2089 Elke-
1804 2087 1809 2103 Χ

908 2124 1013 2184 bardo
1029 2124 1296 2200 llerseburgensi
1312 2126 1487 2202 episcopis,
1503 2125 1656 2186 salutem.

949 2225 1053 2294 Quum
1077 2221 1198 2283 nobilis
1225 2224 1277 2283 vir
1301 2224 1476 2295 Henricus,
1503 2239 1613 2285 comes
1636 2226 1705 2284 As-

909 2319 1019 2391 cariae,
1046 2319 1335 2382 Halberstadensis
1364 2321 1530 2392 dioecesis,
1556 2321 1598 2383 ad
1622 2336 1705 2382 nos-

908 2418 993 2479 tram
1009 2418 1169 2478 aceedens
1187 2419 1411 2496 praesentiam,
1433 2420 1616 2495 postularet
1635 2419 1708 2479 ins-

909 2517 1027 2587 tanter,
1043 2518 1079 2576 ut
1093 2516 1134 2575 ab
1155 2517 1510 2577 excommunicationis
1526 2517 1703 2588 sententia,

909 2614 963 2674 cui
990 2613 1030 2673 ob
1056 2614 1298 2675 mutilationem
1332 2614 1444 2675 dilecti
1467 2615 1527 2675 dlii
1557 2615 1704 2687 Gernoti,

909 2710 1037 2771 abbatis
1062 2713 1256 2772 monasterii
1283 2712 1547 2787 Nieuburgensis
1576 2713 1707 2773 dennu-

909 2809 1011 2868 tiatus
1027 2807 1136 2869 fuerat
1156 2808 1340 2884 subjacere,
1356 2808 1398 2868 ad
1414 2809 1580 2870 cautelam
1595 2809 1708 2870 absol·

909 2921 1061 2966 vetemus
1088 2906 1255 2980 eumdem,
1284 2922 1355 2977 nos,
1389 2907 1467 2983 qnia
1495 2906 1704 2969 denuntiatio

911 3003 981 3078 ipsa
996 3002 1171 3063 videbatur
1185 3004 1249 3064 rite
1262 3003 1349 3064 facta
1363 3003 1477 3075 fuisse,
1495 3004 1582 3065 sicut
1594 3004 1709 3064 archi-

909 3100 1150 3176 episcoporum,
1167 3102 1397 3176 episcoporum
1409 3102 1593 3163 etaliorum
1605 3117 1704 3178 quam

910 3198 1055 3273 plurium
1067 3198 1186 3258 litterae
1199 3197 1294 3258 nobis
1308 3199 1442 3260 directae
1458 3199 1708 3275 pleniuscontl·

897 3295 1043 3367 -nebant,
1054 3298 1126 3371 ejus
1135 3296 1302 3356 instantiae
1313 3297 1546 3356 nonduximus
1555 3312 1704 3357 annuen-

897 3395 1002 3465 -dum3
1016 3393 1071 3453 sed
1084 3393 1170 3453 idem
1182 3394 1342 3454 comesde
1352 3410 1412 3454 sua
1423 3394 1530 3455 salute
1541 3394 1705 3456 sollicitus

910 3492 1040 3552 demum
1056 3491 1150 3552 nobis
1169 3492 1202 3552 et
1220 3491 1379 3553 fratribus
1395 3493 1517 3554 nostris
1532 3492 1705 3554 humiliter

910 3590 1119 3667 supplicavit,
1132 3592 1168 3650 ut
1177 3591 1217 3651 ad
1228 3591 1489 3666 componendum
1499 3591 1587 3653 inter
1597 3591 1706 3667 ipsum

910 3689 942 3748 et
963 3689 1200 3748 monasterium
1221 3689 1438 3749 memoratum
1460 3688 1632 3749 intendere
1649 3689 1705 3748 di·

909 3801 1099 3860 gnaremur.
1116 3786 1209 3845 Unde
1231 3786 1469 3862 compositione
1488 3787 1578 3847 inter
1598 3787 1705 3862 ipsum

909 3883 942 3942 et
951 3881 1108 3943 dilectum
1121 3882 1224 3941 tilium
1239 3882 1447 3956 Rodegerum
1461 3883 1659 3944 monachum
1672 3883 1706 3944 et

911 3981 1157 4056 procuratorem
1188 3981 1383 4040 monasterii
1415 3981 1491 4041 ante
1524 3980 1616 4050 dieti,
1648 3978 1705 4057 qui

909 4076 1099 4137 mandatum
1113 4077 1182 4136 tam
1204 4077 1244 4137 ad
1266 4077 1527 4152 componendum
1543 4094 1642 4154 quam
1662 4077 1704 4138 ad

909 4175 1072 4250 agendum
1087 4174 1240 4243 babebat,
1265 4175 1433 4236 mediante
1452 4177 1566 4236 nostro
1581 4176 1615 4236 et
1635 4175 1706 4239 fra·

908 4274 996 4334 trum
1023 4275 1212 4335 nostrorum
1236 4273 1356 4344 studio,
1378 4272 1557 4341 celebrata,
1572 4289 1646 4350 quas
1668 4274 1705 4335 in

908 4370 984 4431 aliis
1023 4369 1144 4430 litteris
1178 4370 1300 4431 nostris
1333 4370 1464 4447 plenius
1504 4371 1704 4443 continetur,
1798 4432 1805 4451 ,

909 4469 1018 4544 ipsum
1042 4468 1195 4528 comitem
1215 4470 1350 4544 recepto
1370 4468 1411 4528 ab
1432 4485 1471 4529 eo
1489 4469 1708 4545 corporaliter

904 4567 1106 4644 juramento,
1124 4569 1157 4627 et
1168 4566 1385 4627 nibilominus
1401 4566 1611 4644 fidejussoria
1624 4583 1706 4629 cau·

910 4665 999 4727 tione
1010 4665 1265 4741 quingentarum
1278 4665 1500 4736 marcharum,
1513 4664 1645 4726 absolvi
1655 4665 1707 4726 fe-

909 4764 1014 4823 cimus
1038 4764 1135 4839 juxta
1160 4761 1300 4822 formam
1329 4762 1486 4822 Ecclesiae
1513 4764 1705 4823 consuetam

908 4860 1120 4937 injungentes
1144 4844 1252 4920 eidem
1274 4876 1347 4936 quae
1374 4859 1415 4920 ad
1440 4875 1587 4935 praesens
1606 4863 1705 4938 juxta

909 4959 1065 5019 Ecclesiae
1088 4961 1245 5018 Romanae
1258 4957 1543 5031 consuetudinem,
1558 4959 1703 5021 vidimus

908 5055 1125 5134 injungenda,
1139 5056 1241 5116 salvis
1257 5056 1423 5116 mandatis
1437 5057 1514 5118 aliis
1527 5074 1627 5134 snper
1640 5059 1705 5119 hoe

908 5171 967 5231 per
989 5171 1049 5215 nos
1069 5154 1230 5214 faciendis
1250 5154 1368 5214 eidem.
1392 5155 1476 5226 Quia
1500 5171 1579 5217 vero
1604 5172 1705 5232 super

908 5253 1116 5314 mutilatione
1145 5251 1295 5327 praedicti
1322 5252 1452 5314 abbatis
1478 5254 1561 5314 adeo
1584 5253 1705 5317 validae

908 5351 1185 5427 praesumptiones
1210 5353 1288 5411 sant
1311 5353 1427 5411 contra
1452 5351 1606 5411 comitem
1631 5368 1705 5412 me-

908 5447 1703 5523 moratam,utproscandalotollendocogendus
1776 5501 1779 5505 .

907 5545 948 5606 ad
977 5545 1239 5607 satisfactionem
1270 5561 1451 5620 congruam
1479 5545 1703 5608 exhibendam

905 5645 1025 5706 merito
1062 5644 1227 5716 videatur,
1262 5643 1466 5706 fraternitati
1492 5645 1613 5707 vestrae
1644 5661 1704 5723 per
