3774 6186
188 350 245 410 711

189 511 286 586 pectu
323 509 471 570 inliciant
505 523 698 579 venenoso;
729 504 978 566 universitatem

187 608 332 668 vestram
358 622 529 667 monemus
553 607 585 667 et
611 606 783 666 hortamur
806 601 977 670 attentius,

118 769 123 778 ,
189 718 248 780 per
268 704 455 779 apostolica
481 702 575 763 vobis
603 702 725 778 scripta
755 698 979 776 praecipiendo

187 800 394 872 mandantes,
407 804 580 878 quatenus,
594 800 660 858 nisi
671 799 754 860 tales
767 796 808 858 ad
824 796 980 857 monitio·

187 914 262 959 nem
277 899 421 960 vestram
437 914 473 958 se
485 897 693 958 correxerint
707 899 739 956 et
753 893 794 955 ad
814 911 910 954 sunm
922 909 981 953 or-

187 995 297 1056 dinem
325 997 358 1057 et
380 996 469 1056 viam
497 994 658 1056 redierint
694 993 856 1060 veritatis,
887 991 979 1067 ipsos

186 1094 538 1154 excommunicationis
563 1092 697 1152 vinculo
724 1089 853 1166 publice
875 1091 978 1149 inno-

185 1187 981 1263 detis,subinterminationeanatliematisomni-

184 1288 246 1349 bus
270 1288 493 1366 prohibentes
511 1303 553 1348 ne
572 1287 677 1347 dictos
699 1287 867 1362 apostatas
892 1285 981 1344 reci-

185 1401 263 1462 pere
276 1385 329 1445 vel
340 1386 485 1446 retinere
496 1387 647 1460 receptos
658 1384 714 1443 aut
725 1384 760 1443 in
773 1399 834 1443 sua
851 1382 979 1442 malitia

183 1482 360 1544 confovere
384 1483 447 1553 vel,
472 1481 557 1558 quod
583 1481 680 1551 absit,
704 1482 753 1541 eis
778 1481 813 1539 iu
841 1495 978 1541 suarum

186 1581 372 1639 animarum
387 1580 571 1654 periculum
586 1579 831 1640 communicare
851 1593 980 1653 praesu-

185 1678 286 1738 mant.
320 1679 438 1738 Datum
463 1677 630 1747 Laterani,
652 1679 679 1734 V
702 1676 774 1735 idus
799 1674 976 1745 februarii,

187 1774 397 1850 pontificatus
413 1774 519 1835 nostri
531 1790 619 1835 anno
635 1773 760 1849 quinte.

499 1961 666 2048 uctxll

475 2107 525 2165 Ad
539 2107 685 2165 eosdem.

481 2227 499 2283 9
513 2224 583 2282 febr.
600 2226 679 2283 lati.

372 2341 505 2403 [Strehllre
516 2342 534 2391 l.
546 2356 578 2400 a,
590 2356 616 2405 p.
628 2340 683 2399 sla,
696 2355 720 2390 n.
732 2339 800 2404 ddi]

239 2449 321 2508 lubet
335 2449 443 2506 ordinis
457 2448 625 2506 'theutonici
639 2448 792 2506 violatores
803 2460 925 2504 censura

402 2538 595 2595 ecclesiastica
610 2539 764 2610 compesci.

226 2647 393 2707 Honorius
404 2647 589 2723 episcopus,
602 2659 717 2706 servus
726 2660 897 2706 servorum
907 2644 977 2714 Dei,

186 2743 433 2804 venerabilibus
467 2742 624 2804 fratribus
657 2742 918 2818 archiepiscopis
948 2744 981 2803 et

187 2842 351 2918 episcopis
363 2843 397 2902 et
410 2841 539 2902 dilectis
555 2840 633 2900 filiis
653 2839 839 2910 abbatibus,
857 2840 981 2916 priori-

185 2938 257 3009 bus,
270 2938 526 3009 arcbidiaconis
542 2938 678 2999 decanis
694 2938 812 2999 etaliis
823 2938 980 2999 ecclesia·

187 3052 259 3098 rum
271 3036 429 3114 praelatis
444 3037 485 3097 ad
499 3052 580 3111 quos
597 3035 715 3097 litterae
730 3036 803 3096 istae
818 3051 981 3112 pervene-

187 3134 265 3206 rint,
281 3135 419 3194 salutem
431 3134 463 3195 et
474 3133 688 3210 apostolicam
702 3133 978 3194 benedictionem.

226 3232 294 3293 Etsi
320 3232 519 3308 apostolicae
551 3231 719 3292 servitutis
746 3231 893 3292 ofdcium
921 3247 981 3291 nos

189 3330 368 3392 constituat
380 3329 532 3390 omuibus
545 3330 579 3389 iu
589 3329 720 3406 justitia
735 3328 911 3399 debitores,
927 3329 981 3388 vi-

189 3429 237 3488 ris
252 3430 362 3489 tamen
378 3427 543 3502 religiosis
554 3430 586 3488 ot
600 3426 648 3486 eis
664 3427 818 3497 maxime,
829 3442 911 3502 quos
922 3442 982 3502 per

190 3523 494 3601 sedisapostolicae
512 3524 687 3601 privilegia
704 3525 821 3600 majori
839 3524 981 3584 donavi-

190 3640 264 3683 mus
290 3621 451 3692 libertate,
469 3621 660 3697 specialiter
679 3621 795 3682 adesse
816 3623 979 3693 tenemur,

190 3737 233 3781 ne
247 3720 358 3790 iidem,
376 3719 460 3797 quod
476 3718 572 3790 absit,
595 3719 815 3794 malignorum
834 3719 981 3780 incursi-

189 3818 251 3879 bus
266 3819 485 3894 exponantur,
503 3818 530 3876 si
542 3832 608 3878 non
622 3817 731 3888 fuerit,
743 3817 798 3893 qui
811 3833 869 3893 pro
882 3819 931 3877 eis
947 3832 983 3878 se

190 3932 321 3977 murum
334 3914 535 3976 defensionis
550 3918 703 3991 opponat.
723 3917 802 3974 Cum
815 3915 917 3989 igitur
930 3915 984 3974 di-

191 4016 268 4077 lecti
297 4014 358 4075 filii
394 4015 552 4089 magister
582 4016 614 4074 et
649 4013 769 4074 fratres
800 4014 982 4089 Hospitalis

192 4115 321 4174 Sanctae
348 4112 463 4171 Mariae
484 4111 764 4172 Theutonicorum
791 4111 984 4188 Hierosoly-

191 4210 308 4272 mitani
323 4225 366 4270 ex
385 4226 424 4269 eo
444 4207 538 4268 nobis
553 4209 701 4283 graviter
718 4209 785 4269 sint
799 4210 981 4286 conquesti,

192 4308 289 4384 quod,
313 4323 387 4367 cum
403 4307 467 4383 ipsi
486 4322 505 4365 a
527 4305 797 4367 malefactoribus
814 4308 882 4366 suis
901 4321 981 4383 pas-

192 4406 254 4464 sim
272 4404 411 4479 injurias
427 4403 613 4462 sustineant
630 4405 663 4463 et
683 4404 831 4478 rapinas,
851 4404 909 4463 vix
926 4405 984 4463 in-

192 4501 335 4570 venitur,
350 4499 406 4577 qui
428 4515 573 4574 congrue
597 4499 664 4560 illis
685 4503 889 4576 protectione
906 4502 986 4561 sub·

192 4598 315 4669 veniat,
340 4596 548 4658 universitati
571 4599 690 4657 vestrae
717 4614 776 4674 per
797 4599 985 4675 apostolica

194 4697 315 4774 scripta
335 4695 529 4756 mandamus
544 4697 577 4755 et
593 4695 628 4754 in
644 4694 840 4757 obedientiae
864 4697 985 4757 virtute

194 4795 342 4855 districte
368 4793 593 4870 praecipimus,
623 4795 785 4870 quatenus
815 4794 905 4866 illos,
930 4796 986 4871 qui

194 4891 314 4952 fratres
328 4890 502 4966 praedictos
515 4894 547 4951 et
561 4906 676 4951 eorum
690 4891 840 4952 homiues
855 4893 889 4952 iu
911 4908 987 4968 per-

195 4990 286 5049 sonis
296 4989 348 5048 vel
359 4986 457 5048 rebus
472 4987 681 5060 offenderint,
699 4990 751 5049 vel
767 4989 914 5066 ipsorum
927 4990 988 5050 do-

195 5101 267 5148 mos
303 5085 465 5146 violenter
496 5087 691 5154 invaserint,
728 5090 785 5148 aut
816 5089 988 5164 rapuerint

195 5185 282 5245 bona
297 5198 368 5253 sua,
387 5182 513 5243 tamdiu
532 5185 835 5246 excommunicatos
858 5185 988 5262 publice

196 5281 368 5353 nuntietis,
381 5279 507 5352 etloca,
519 5281 682 5358 inquibus
697 5266 886 5346 eorumdem
901 5283 988 5346 bona

196 5378 328 5440 detenta
365 5378 499 5449 fuerint,
537 5380 729 5455 supponatis
762 5381 988 5444 ecclesiastico

197 5475 383 5546 interdicto,
407 5475 511 5537 donec
536 5476 767 5538 malefactores
794 5478 858 5556 ipsi
878 5479 988 5541 ablata

197 5575 354 5637 universa
368 5574 548 5635 restituant
561 5576 596 5635 et
607 5574 648 5635 de
664 5575 766 5637 illatis
780 5576 913 5651 injuriis
928 5593 987 5638 sa-

196 5670 365 5740 tisfaciant
401 5672 634 5749 competenter.
671 5673 789 5734 Datum
816 5675 986 5747 Laterani,

805 344 981 406 HONORII
1004 344 1048 402 111
1070 343 1218 403 OPERA.

1776 336 1839 395 712

1033 500 1150 560 Vidus
1173 497 1343 568 februarii,
1374 497 1587 574 pontificatus
1612 495 1720 556 nostri
1746 509 1838 554 anuo

1034 598 1161 674 quinto.

1337 711 1526 797 tutum

1328 857 1379 914 Ad
1394 856 1540 914 cosdem.

1332 975 1348 1031 9
1365 973 1434 1031 febr.
1454 975 1532 1031 latr.

1217 1089 1353 1152 [scrotum.
1365 1090 1382 1138 l.
1394 1103 1427 1144 c..
1439 1104 1465 1152 p.
1476 1087 1531 1145 als,
1545 1102 1570 1137 n.
1581 1087 1651 1152 aba]

1034 1195 1220 1256 Commendat
1249 1197 1430 1267 prelatorum
1460 1196 1687 1267 populorumque
1716 1194 1833 1251 muniit·

1069 1287 1172 1343 cantiae
1191 1284 1320 1342 ordinem
1342 1285 1548 1341 Tlreutonicum
1565 1283 1720 1356 propositis
1742 1282 1835 1339 ludul-

1069 1376 1184 1448 geutiis.
1205 1374 1321 1432 clericis
1342 1372 1483 1441 concedit,
1501 1380 1532 1429 ut
1552 1372 1671 1429 retentis
1687 1371 1837 1429 beneficiis

1071 1479 1120 1536 per
1139 1478 1247 1520 annum
1261 1465 1305 1520 vel
1320 1462 1466 1519 biennium
1480 1464 1507 1518 ei
1522 1463 1658 1519 serviant.

1074 1581 1433 1657 Honoriusepiscopus,
1445 1595 1561 1639 servus
1573 1593 1750 1640 servorum
1762 1579 1832 1649 Dei,

1034 1677 1280 1739 venerabilibus
1313 1675 1472 1737 fratribus
1508 1675 1775 1752 archiepiscopis
1802 1676 1834 1736 et

1034 1776 1197 1852 episcopis
1213 1778 1245 1835 et
1260 1774 1390 1835 dilectis
1406 1773 1485 1833 liliis
1505 1772 1694 1844 abbatibus,
1713 1772 1833 1848 priori·

1033 1873 1106 1943 bus,
1124 1865 1381 1942 archidiaconis,
1409 1871 1545 1932 decanis
1568 1873 1601 1932 et
1620 1871 1699 1931 aliis
1721 1870 1832 1930 eccle·

1035 1973 1161 2032 siarum
1177 1970 1335 2046 praelatis,
1348 1969 1388 2029 ad
1401 1984 1483 2045 quos
1496 1969 1616 2030 litterae
1631 1967 1709 2029 istae
1722 1983 1832 2044 pervo-

1035 2069 1154 2138 nerint,
1169 2067 1321 2137 salutem,
1336 2066 1397 2127 etc.

1074 2168 1178 2237 Quam
1200 2164 1354 2225 amabilis
1369 2167 1436 2225 Deo
1451 2165 1484 2224 et
1499 2177 1596 2239 quam
1619 2161 1829 2223 venerandus

1034 2262 1224 2323 hominibus
1241 2262 1333 2323 locus
1343 2262 1476 2332 existat,
1490 2276 1588 2337 quarn
1604 2260 1706 2322 etiam
1716 2263 1830 2337 jucun·

1034 2361 1111 2421 dum
1141 2362 1174 2421 et
1199 2360 1280 2421 utile
1306 2359 1553 2435 receptaculum
1583 2358 1774 2435 peregrinis
1798 2360 1828 2418 et

1035 2457 1235 2535 pauperibus
1251 2455 1397 2533 praebeat
1416 2455 1662 2517 xenodochium
1678 2455 1831 2531 Hospita·

1034 2556 1076 2616 lis
1092 2558 1222 2617 Sanctae
1244 2555 1360 2615 Mariae
1375 2554 1655 2615 Theutonicorum
1670 2553 1830 2613 Hieroso-

1034 2654 1198 2730 lymitani,
1211 2653 1246 2712 hi
1258 2653 1314 2729 qui
1329 2667 1388 2728 per
1402 2652 1535 2712 diversa
1552 2651 1655 2712 maris
1672 2650 1828 2726 pericula,

1035 2751 1097 2828 piae
1117 2749 1302 2811 devolionis
1328 2750 1463 2816 intuitu,
1488 2750 1638 2810 sanctam
1666 2747 1830 2808 civitatem

1035 2848 1244 2910 Hierusalem
1260 2851 1293 2909 et
1307 2847 1519 2924 sepulchrum
1536 2846 1668 2907 Domini
1683 2845 1827 2914 visitant,

1035 2947 1168 3008 assidue
1184 2947 1435 3020 recognoscunt.
1457 2945 1505 3004 Ibi
1531 2944 1619 3004 enim
1644 2943 1829 3018 indigentes

1035 3048 1067 3105 et
1080 3059 1242 3120 pauperes
1257 3043 1462 3108 reficiuntur,
1480 3041 1621 3101 infirmis
1637 3039 1827 3101 multimoda

1036 3142 1188 3203 sanitatis
1217 3141 1376 3217 obsequia
1406 3139 1619 3210 adhibentur,
1635 3139 1668 3200 et
1693 3137 1829 3198 diversis

1035 3239 1204 3299 laboribus
1222 3241 1255 3299 et
1269 3237 1426 3314 periculis
1442 3237 1571 3312 fatigati
1584 3237 1764 3312 resumptis
1779 3234 1828 3295 vi·

1035 3335 1128 3396 ribus
1151 3337 1356 3406 recreantur,
1374 3337 1485 3411 atque,
1508 3339 1543 3395 ut
1570 3333 1632 3409 ipsi
1655 3333 1698 3393 ad
1716 3348 1827 3393 sacro·

1036 3437 1152 3495 sancta
1167 3435 1239 3494 loca
1251 3433 1380 3493 Domini
1398 3431 1502 3492 nostri
1518 3433 1597 3492 Jesu
1613 3430 1738 3491 Christi
1755 3444 1827 3490 cor-

1038 3532 1143 3608 porali
1160 3530 1335 3607 praeseutia
1354 3529 1506 3590 dedicata
1531 3528 1683 3590 securius
1700 3527 1828 3588 valeant

1037 3629 1213 3706 proticisci,
1231 3628 1426 3698 servientes,
1443 3642 1524 3702 quos
1542 3626 1662 3687 fratres
1685 3624 1827 3701 ejusdem

1037 3728 1153 3788 domus
1170 3725 1210 3787 ad
1226 3725 1442 3786 hocolllcium
1457 3723 1649 3800 specialiter
1661 3724 1826 3800 deputatos

1038 3825 1181 3902 propriis
1200 3822 1384 3899 sumptibus
1403 3822 1558 3892 retinent,
1576 3837 1651 3881 cum
1671 3821 1825 3898 opportu-

1038 3924 1124 3984 nitas
1143 3921 1265 3996 exigat,
1283 3920 1400 3981 devote
1417 3935 1456 3980 ac
1471 3919 1651 3993 diligenter
1672 3919 1823 3980 efficiunt.

1038 4021 1121 4092 Quia
1152 4034 1232 4095 ergo
1258 4018 1383 4078 eisdem
1414 4016 1570 4077 fratribus
1598 4015 1639 4076 ad
1666 4017 1824 4078 tantorum

1038 4119 1227 4193 sumptuum
1247 4116 1502 4176 immensitatem
1525 4113 1669 4190 propriae
1683 4129 1750 4174 non
1764 4111 1825 4172 suf·

1038 4215 1154 4275 uolunt
1173 4213 1357 4283 facultates,
1374 4212 1547 4273 caritatem
1568 4212 1715 4273 vestram
1737 4210 1825 4270 duri·

1039 4329 1111 4372 mus
1132 4312 1313 4387 rogandam
1330 4313 1363 4370 et
1378 4310 1586 4379 hortandam,
1608 4309 1772 4386 quatenus
1791 4307 1824 4367 de

1038 4413 1149 4471 vestra
1165 4409 1367 4469 abundantia
1383 4423 1498 4469 eorum
1516 4407 1663 4483 inopiam
1679 4406 1826 4482 supplea-

1038 4509 1092 4579 tis,
1110 4511 1142 4568 et
1162 4507 1318 4584 populum
1339 4505 1432 4566 vobis
1452 4506 1665 4566 commissum
1688 4504 1824 4582 ipsorum

1040 4606 1280 4666 fraternitatem
1292 4618 1474 4674 assumere,
1488 4605 1520 4664 et
1530 4602 1571 4662 ad
1583 4603 1825 4678 peregrinorum

1041 4703 1314 4764 sustentationem
1339 4701 1494 4762 collectas
1518 4699 1640 4770 facere,
1660 4700 1696 4759 in
1720 4712 1826 4776 pecca·

1040 4805 1148 4863 torum
1180 4815 1314 4860 suorum
1344 4799 1586 4869 remissionem,
1608 4795 1825 4875 frequentibus

1041 4896 1329 4961 exhortationibus
1340 4897 1513 4967 moneatis,
1525 4896 1587 4956 lroc
1596 4895 1826 4971 scientesque

1042 4995 1131 5055 niam
1147 4994 1270 5053 dictum
1284 4992 1455 5068 Hospitale
1470 4991 1825 5051 Theutonicorumcum

1042 5091 1195 5152 omnibus
1217 5090 1258 5150 ad
1281 5091 1390 5166 ipsum
1408 5087 1651 5165 pertinentibus
1671 5087 1733 5149 sub
1749 5083 1826 5147 beati

1042 5189 1132 5251 Petri
1156 5187 1259 5250 tutela
1281 5187 1497 5262 suscepimus,
1520 5185 1554 5246 et
1575 5184 1776 5262 quicumque
1794 5183 1827 5242 do

1043 5286 1255 5348 facultatibus
1269 5285 1334 5346 sibl
1348 5286 1448 5345 aDeo
1462 5283 1593 5344 collatis
1607 5280 1767 5344 fratribus
1775 5280 1828 5342 eis

1043 5385 1117 5447 dem
1131 5383 1332 5453 subvenerit,
1347 5383 1381 5443 et
1397 5382 1432 5441 in
1455 5382 1522 5441 tarn
1544 5383 1662 5441 sancta
1677 5378 1828 5441 fraterni·

1042 5483 1110 5542 tate
1133 5480 1287 5541 statuerit
1310 5494 1346 5540 se
1368 5477 1542 5551 collegam,
1557 5475 1657 5553 eique
1678 5475 1830 5538 beneficia

1044 5578 1240 5657 persolverit
1261 5574 1445 5645 annuatim,
1462 5573 1646 5634 secundum
1668 5575 1831 5650 quantita·

1042 5677 1109 5738 tem
1128 5675 1268 5735 subsidii
1289 5677 1323 5735 et
1341 5671 1526 5735 devotionis
1540 5670 1696 5733 effectum
1715 5685 1829 5750 pecca·
