3774 6186
1780 302 1840 365 556

160 295 166 307 “
191 304 251 365 boo

810 307 985 393 Honohn
1007 308 1052 368 111
1073 309 1222 369 OPERA.

232 464 834 544 SuanobisScenignensecapitulum
846 466 984 544 querela
1038 465 1218 542 procedere
1234 481 1300 527 non
1323 466 1484 537 sinentes,
1510 466 1627 527 contra
1658 463 1839 526 canonicas

191 565 419 626 monstrarunt
431 564 530 641 quod,
542 564 666 625 nobilis
680 564 733 625 vir
743 580 856 625 comes
866 564 907 625 de
921 564 983 625 11-
1039 564 1230 624 sanctiones
1252 578 1348 640 quern
1364 563 1465 625 vultis
1486 562 1658 625 intruditis
1672 562 1708 623 in
1730 561 1839 622 eccle·

191 659 365 721 denhusen
399 659 649 722 albertadensis
679 660 836 722 dioecesis
869 675 984 721 eorum
1038 660 1122 720 siam
1137 660 1319 731 viduatam,
1335 660 1445 721 dando
1467 660 1596 722 intruso
1621 659 1784 721 annulum
1806 660 1839 720 et

190 756 385 834 quibusdam
401 759 576 820 ecclesiam
590 757 854 835 possessionibus
867 759 984 820 contra
1038 756 1192 818 baculum
1207 758 1419 834 pastoralem.
1443 757 1581 830 Quidam
1598 759 1702 818 etiam
1724 773 1836 817 31331-

186 854 351 932 justitiam
366 854 983 932 310113111333311101313111313113
1038 855 1126 915 lares
1135 855 1266 932 judices
1282 871 1395 917 sacros
1416 871 1561 916 canones
1581 856 1835 916 contemnentes

189 953 238 1012 eis
260 953 376 1028 gravia
392 953 575 1014 inserendo.
601 953 766 1025 Quocirca
789 952 983 1014 discretioni
1039 953 1072 1012 in
1087 953 1323 1014 contrahendis
1337 956 1371 1014 31
1383 952 1577 1014 dirimendis
1599 952 1834 1023 matrimoniis,

189 1053 309 1112 vestrae
331 1065 391 1126 per
413 1050 603 1127 1003101133
625 1051 748 1126 scripta
775 1049 983 1137 mandamus,
1037 1053 1071 1112 et
1094 1051 1127 1111 in
1149 1051 1225 1111 aliis
1250 1066 1349 1128 quam
1378 1049 1540 1127 pluribus,
1563 1053 1620 1128 jus
1644 1049 1837 1127 episcopale

189 1150 352 1224 quatenus
367 1149 518 1210 comitem
533 1149 640 1224 ipsum
656 1150 692 1210 ut
710 1147 817 1209 eidem
833 1148 983 1209 ecclesiae
1038 1147 1100 1208 sibi
1112 1147 1347 1210 damnabiliter
1356 1148 1738 1225 usurpantes,ecclesias
1746 1163 1836 1224 pres·

189 1247 414 1322 possessiones
430 1246 606 1323 praedictas
620 1245 775 1306 restituat
787 1247 820 1307 et
834 1245 874 1305 de
890 1245 985 1306 dam·
1037 1243 1162 1321 bpteris
1176 1245 1255 1306 dant
1270 1247 1303 1306 et
1316 1245 1472 1307 auserunt
1485 1245 1615 1322 quando
1628 1245 1757 1316 volunt,
1774 1261 1835 1307 nec

189 1344 241 1403 nis
252 1343 446 1416 satisfaciat,
455 1345 544 1405 omni
558 1344 647 1404 seria
659 1343 884 1405 admonitione
897 1359 984 1420 prae-
1038 1344 1245 1405 attendentes
1259 1345 1344 1421 quod
1366 1359 1483 1404 servus
1498 1359 1558 1405 suo
1574 1344 1709 1405 domino
1724 1345 1836 1406 313131

190 1441 302 1512 missa,
315 1457 375 1519 per
389 1457 564 1502 censuram
579 1440 853 1511 ecclesiasticam,
863 1439 981 1518 appel-

189 1538 314 1600 latione
330 1541 468 1610 remota,
479 1538 646 1600 mediante
657 1537 790 1615 justitia
802 1538 984 1615 compella-

189 1634 247 1694 ris.
269 1637 383 1696 Testes
406 1637 516 1697 autem
539 1636 595 1714 qui
620 1635 745 1697 luerint
764 1635 936 1706 nominati,
954 1635 983 1695 31

187 1749 222 1793 33
237 1733 357 1807 gratia,
373 1733 449 1794 odio
462 1733 514 1794 vel
529 1734 648 1795 timore
664 1733 905 1804 subtraxerint,
924 1748 984 1809 per

189 1846 365 1892 censuram
392 1831 553 1902 eamdem,
574 1831 798 1909 appellatione
818 1831 982 1903 cessante,

190 1929 316 2004 cogatis
354 1929 486 1990 veritati
528 1929 754 1990 testimonium
793 1911 980 2006 perhibere.

191 2026 281 2097 Quod
295 2027 324 2085 si
340 2043 404 2087 non
420 2043 534 2087 omnes
550 2026 601 2086 his
617 2026 839 2104 exsequendis
864 2029 983 2103 potue-

186 2123 259 2184 ritis
276 2123 449 2195 interesse,
464 2123 530 2185 duo
543 2125 689 2186 vestrum
708 2140 747 2185 ea
761 2123 980 2184 nihilominus

187 2223 421 2298 exsequantur.
439 2223 557 2283 Datum
583 2221 751 2292 Laterani,
780 2222 825 2282 111
845 2220 979 2282 kalend.

187 2318 351 2392 novemb,
369 2319 579 2398 pontificatus
590 2320 694 2380 nostri
708 2335 795 2380 anno
811 2317 939 2397 quintu.

304 2615 356 2674 Ad
373 2614 564 2674 dotcrinam
583 2627 702 2688 repent
723 2612 860 2673 Scottis.

482 2727 584 2783 3001.
607 2726 688 2783 lieo.

279 2831 424 2897 [Liljegrcm
436 2833 546 2884 Sveusllt
558 2832 676 2897 diplom,
685 2832 705 2889 1,
713 2831 769 2890 atta,
780 2845 808 2881 u.
821 2831 888 2896 teo]

186 2931 281 2990 110331
288 2930 456 3003 pontilenne
465 2946 514 2987 rex
525 2938 554 2988 et
561 2931 703 3004 principes
710 2931 773 3002 ejus
780 2945 826 2988 res
834 2931 982 2988 ecclesias

221 3021 293 3078 ticas
306 3027 492 3088 contrement,
509 3035 546 3077 ue
564 3018 782 3093 apprehendant
793 3018 866 3077 bona
880 3019 978 3077 cathe-

220 3105 354 3179 dralium,
366 3109 390 3164 31
402 3108 551 3182 continget
560 3115 591 3165 ut
603 3115 718 3179 vacent,
727 3123 763 3166 ue
775 3108 871 3166 sinant
882 3116 980 3165 contra

218 3197 372 3256 canonicas
398 3197 562 3254 sanctiones
582 3211 666 3270 quem
683 3197 770 3254 velint
785 3195 929 3254 intrudere
952 3197 980 3253 in

219 3286 370 3342 ecclesiam
383 3285 536 3344 viduatam.

224 3394 391 3456 Honorius
402 3412 486 3472 papa
501 3394 978 3469 1311133111113111131118131133.

225 3492 267 3553 Ut
291 3492 478 3569 potentibus
500 3493 600 3570 hujus
621 3493 735 3554 saeculi
760 3492 920 3554 Dominus
944 3493 979 3552 in

185 3589 336 3649 ecclesiis
361 3593 393 3651 31
419 3590 519 3650 rebus
543 3589 795 3660 ecclesiasticis,
819 3606 892 3666 quae
916 3589 980 3650 sibi

135 3692 137 3700 '
185 3684 322 3764 speciali
336 3686 433 3748 titulo
452 3690 529 3748 sunt
547 3687 735 3764 adscriptae,
761 3703 891 3748 omnem
906 3704 980 3748 om-

186 3785 265 3846 nino
281 3784 494 3847 interdiceret
509 3786 714 3862 potestatem,
742 3787 839 3846 Onam
863 3801 922 3861 pro
940 3801 980 3845 30

185 3882 269 3960 quod
284 3898 371 3945 arcae
385 3882 530 3955 10313113,
544 3884 691 3945 sanctam
703 3883 883 3944 Ecclesiam
900 3899 981 3959 prae-

186 3981 347 4057 signanti,
379 3998 512 4042 manum
537 3981 701 4058 apposnit,
726 3983 762 4042 nt
784 3981 980 4042 inclinatam

184 4080 386 4141 sustentaret
404 4079 555 4140 eumdem
581 4079 729 4155 graviter
752 4095 830 4139 mox
844 4094 981 4156 percus-

185 4177 243 4251 sit;
261 4178 438 4239 ostendens
453 4181 610 4254 quantam
625 4177 705 4238 velit
719 4176 875 4237 Ecclesiae
889 4191 981 4237 reve·

184 4276 324 4336 rentiam
336 4275 500 4342 exhiberi,
519 4274 596 4334 dum
610 4290 686 4335 eum
699 4275 754 4351 qui
772 4290 896 4345 arcam,
906 4290 979 4350 quae

185 4372 291 4447 ligura
304 4375 377 4433 erat
390 4372 556 4442 Ecclesiae,
571 4387 637 4432 non
649 4374 685 4432 ut
699 4371 907 4447 deprimeret,
922 4371 978 4431 sed

185 4470 362 4540 attolleret,
390 4469 499 4544 tetigit
524 4484 566 4529 ex
589 4483 630 4529 eo
654 4469 870 4540 solummodo,
894 4469 979 4546 quod

184 4567 226 4628 ad
241 4566 431 4644 huiusmodi
454 4566 673 4629 ministerium
699 4583 764 4627 non
780 4568 852 4628 erat
865 4567 981 4628 addic-

183 4667 247 4738 tus,
272 4666 396 4728 acriter
419 4668 468 4728 313
484 4667 623 4743 punivit.
646 4668 743 4726 Nunc
764 4665 843 4726 tacti
866 4681 979 4725 sumus

184 4764 298 4826 dolore
314 4765 423 4825 cordis
438 4765 652 4834 intrinsecus,
665 4763 751 4840 quod
766 4763 853 4824 sicut
866 4763 908 4824 ad
923 4778 980 4823 au·

185 4862 342 4923 dientiam
359 4855 507 4922 nostram
529 4863 691 4937 pervenit,
709 4864 744 4922 tu
759 4864 792 4922 et
812 4861 979 4938 principes

186 4963 218 5021 et
240 4962 410 5035 magnates
432 4959 480 5021 tui
506 4960 577 5020 haec
599 4961 734 5021 minime
760 4959 977 5030 attendentes,

186 5059 345 5118 ecclesias
358 5059 391 5118 et
405 5073 459 5118 133
473 5058 718 5118 33313313311333
737 5056 838 5116 nimis
851 5057 980 5117 irreve-

184 5158 313 5226 renter,
338 5156 443 5217 invito
471 5157 621 5227 Domino,
648 5155 875 5224 contrectatis,
901 5155 978 5214 dum

186 5255 274 5317 inter
293 5255 359 5315 3113
382 5254 501 5330 quibus
525 5254 672 5328 gravatis
692 5254 836 5324 easdem,
851 5254 978 5330 quoties

186 5353 361 5412 ecclesiam
388 5350 612 5411 cathedralem
648 5366 769 5411 vacare
800 5351 977 5426 contingit,

186 5466 256 5520 voe,
267 5449 362 5508 bonis
371 5449 521 5509 vacantis
530 5447 681 5508 ecclesiae
690 5448 789 5507 nimis
802 5448 980 5524 reprehen-

1038 1441 1137 1512 cadit,
1161 1440 1301 1503 clericos
1323 1458 1384 1503 sua
1404 1441 1532 1520 judicia
1555 1441 1668 1503 subire
1688 1441 1836 1518 compel-

1037 1539 1120 1600 lunt.
1148 1541 1217 1600 Nos
1245 1540 1347 1614 igitur
1370 1542 1438 1600 tam
1458 1539 1707 1616 depressionem
1722 1540 1834 1600 eccle·

1037 1636 1182 1698 siasticaa
1205 1635 1379 1706 libertatis,
1404 1653 1504 1714 quam
1528 1638 1715 1698 animarum
1739 1637 1833 1712 peri-

1037 1735 1112 1795 cula
1141 1749 1184 1795 ex
1215 1734 1267 1794 his
1300 1735 1488 1795 evenientia
1516 1734 1692 1795 manifeste
1724 1734 1833 1795 debito

1037 1830 1150 1892 lavore
1164 1831 1321 1901 zelantes,
1336 1831 1572 1892 celsitudinem
1588 1831 1716 1906 regiam
1729 1846 1832 1905 roga·

1038 1945 1121 1999 mus,
1137 1944 1320 2000 monemus,
1333 1931 1366 1989 et
1379 1929 1552 1990 hortamur
1561 1930 1696 1999 attente,
1711 1933 1832 2005 quate-

1037 2042 1098 2086 nus
1115 2026 1295 2102 prudenter
1309 2027 1495 2098 attendens,
1516 2026 1602 2103 quod
1622 2026 1731 2087 honor
1745 2028 1833 2101 regis

1036 2125 1097 2195 est,
1123 2125 1159 2186 ut
1182 2125 1347 2201 justitiam
1370 2125 1497 2200 diligat,
1523 2140 1596 2201 quae
1612 2140 1648 2185 se
1672 2122 1783 2199 diligit
1801 2129 1833 2185 31

1036 2221 1150 2297 dirigit
1164 2221 1351 2298 diligentes,
1369 2238 1435 2283 nou
1457 2223 1564 2282 solum
1581 2222 1651 2298 ipse
1666 2221 1708 2282 ab
1722 2222 1834 2298 hujus·

1036 2319 1124 2381 modi
1149 2318 1307 2381 abusibus
1333 2335 1470 2397 prorsus
1499 2318 1688 2387 abstineas,
1716 2336 1833 2380 verum

1035 2417 1136 2478 etiam
1159 2417 1322 2495 quoslibet
1351 2416 1411 2479 tibi
1437 2417 1596 2487 subditos,
1623 2417 1747 2478 tradita
1769 2417 1833 2478 sibi

1035 2516 1166 2576 coelitus
1191 2517 1353 2592 potestate
1378 2515 1555 2587 abstinere,
1591 2515 1773 2591 compellas
1801 2518 1834 2576 te

1035 2629 1074 2673 30
1090 2614 1172 2674 31103
1194 2612 1236 2674 ab
1256 2614 1458 2690 occupandis
1480 2613 1575 2675 bonis
1596 2613 1833 2674 ecclesiasticis

1036 2710 1231 2783 cohibendo,
1256 2713 1289 2773 et
1315 2712 1534 2788 permittendo
1558 2710 1741 2772 electiones
1767 2727 1833 2770 va-

1035 2808 1187 2869 cantibus
1201 2809 1353 2870 ecclesiis
1369 2807 1473 2871 libere
1493 2809 1668 2880 celebrari,
1693 2813 1727 2870 et
1747 2810 1834 2870 alias

1032 2921 1194 2983 personas
1210 2906 1454 2968 ecclesiasticas
1469 2907 1632 2968 servando
1655 2907 1691 2966 in
1716 2908 1830 2967 omni-

1036 3005 1131 3064 moda
1155 3004 1316 3075 libertate,
1340 3005 1385 3065 ita
1400 3004 1487 3081 quod
1511 3005 1672 3065 offensam
1687 3004 1835 3065 redimas

1036 3102 1286 3178 praecedentem,
1301 3102 1335 3162 et
1351 3101 1385 3162 in
1405 3101 1548 3177 gratiam
1562 3103 1597 3163 13
1607 3100 1757 3162 adducas
1771 3120 1835 3178 po-

1035 3199 1164 3269 tiorem,
1182 3215 1222 3260 ac
1244 3216 1303 3259 nos
1319 3199 1608 3260 mansuetudinem
1620 3199 1750 3274 regiam
1763 3216 1836 3275 pos·

1035 3297 1139 3356 simus
1166 3298 1285 3358 merito
1310 3296 1553 3358 commendare.
1582 3299 1700 3358 Datum
1731 3299 1834 3358 Late-

1035 3395 1122 3464 rani,
1137 3397 1182 3456 111
1198 3410 1302 3456 nonas
1317 3395 1517 3466 novembris,
1534 3411 1622 3455 anno
1640 3396 1771 3473 quinte.

1368 3563 1506 3650 LXXX

1067 3693 1118 3751 Ad
1133 3690 1358 3751 Bertedictum
1370 3691 1566 3763 episcopum
1584 3691 1801 3751 scarensem.

1300 3801 1461 3859 dnovemb.
1481 3802 1561 3859 1220.

1147 3899 1291 3964 [hiljegmn.
1303 3899 1413 3950 Svauskt
1424 3899 1500 3962 dipl..
1512 3900 1531 3958 1,
1547 3898 1641 3956 31111.
1657 3899 1726 3965 leh]

1035 3998 1193 4056 1131131111
1211 3998 1330 4054 clericos
1346 3996 1515 4066 homicidas,
1532 3999 1590 4069 qui,
1607 3996 1719 4071 abjecto
1735 3997 1834 4058 habitu

1069 4087 1205 4154 clericali,
1218 4086 1311 4158 palam
1327 4084 1363 4142 de
1380 4084 1766 4154 130101113111131313313
1779 4088 1830 4144 ali·

1070 4174 1173 4247 quibus
1199 4176 1381 4232 monasteriis
1406 4173 1442 4231 ad
1462 4173 1606 4248 agendam
1633 4177 1832 4247 paenitentiam

1069 4263 1232 4336 compellat.

1074 4372 1241 4431 Honorius
1253 4370 1438 4447 episcopus,
1449 4385 1565 4431 servus
1577 4386 1753 4432 servorum
1762 4373 1832 4444 Dei,

1034 4469 1217 4531 venerabili
1233 4468 1366 4528 113111...
1380 4468 1536 4545 episcopo
1555 4470 1724 4542 scarensi,
1741 4471 1836 4532 salu·

1033 4568 1099 4627 tem
1115 4568 1148 4628 et
1161 4565 1379 4642 apostolicam
1392 4565 1670 4628 benedictionem.

1072 4664 1269 4726 Audivimus
1287 4664 1519 4741 quodquidam
1534 4664 1650 4726 clerici
1665 4668 1733 4726 tuae
1749 4666 1836 4728 1133-

1034 4764 1120 4823 33313
1150 4763 1185 4822 in
1210 4763 1315 4822 sacris
1343 4762 1516 4824 ordinibus
1549 4764 1746 4835 constituti,
1777 4765 1834 4841 qui

1033 4860 1212 4936 aliquando
1228 4860 1298 4920 sive
1313 4862 1448 4936 sponte,
1469 4860 1540 4921 sive
1555 4876 1636 4921 casu
1660 4861 1833 4922 homicidii

1034 4958 1160 5018 crimen
1194 4958 1379 5029 incurrant,
1419 4974 1507 5028 mox,
1548 4957 1678 5033 abjecto
1717 4958 1834 5020 habitu

1034 5055 1192 5127 clericali,
1206 5055 1367 5132 palamde
1388 5054 1474 5117 iacto
1498 5056 1622 5117 ducunt
1645 5073 1783 5126 uxores,
1802 5060 1834 5120 et

1034 5154 1069 5214 in
1083 5155 1252 5230 apostasia
1263 5152 1834 5232 damnabilitergloriantesjactaut

1034 5268 1069 5311 se
1086 5252 1192 5325 magis
1209 5268 1308 5327 quam
1334 5253 1434 5313 antea
1456 5252 1576 5313 1101313
1597 5253 1834 5329 temporalium

1034 5349 1196 5420 ubertate,
1225 5366 1292 5410 non
1314 5351 1527 5421 attendendo,
1555 5350 1642 5427 quod
1671 5351 1760 5413 nihil
1783 5355 1835 5415 331

1033 5445 1201 5506 infelicius
1225 5446 1385 5507 felicitate
1412 5447 1631 5523 peccantium.
1657 5449 1709 5508 Ne
1729 5449 1834 5526 igitur

186 5546 328 5606 sihiliter
353 5545 591 5622 apprehensis,
618 5546 798 5621 capitulum
829 5545 869 5606 ad
891 5545 977 5623 quod
1033 5545 1117 5606 tales
1133 5544 1248 5605 desua
1272 5544 1406 5606 valeant
1427 5546 1556 5607 malitia
1575 5545 1727 5621 gloriari,
1757 5564 1832 5609 cum

184 5645 302 5704 electio
322 5646 466 5722 pertinet
486 5643 699 5716 successoris,
724 5643 765 5704 ad
781 5643 977 5704 electionem
1034 5643 1110 5704 licet
1134 5641 1261 5702 ordinis
1288 5643 1440 5704 executio
1464 5643 1645 5716 amittatur,
1677 5648 1833 5708 caracter
