3774 6186
803 174 806 184 '
840 178 859 225 s

704 283 946 356 'arternum
972 295 1048 356 uus.
1073 299 1126 357 tv.

1388 216 1398 249 l

1685 292 1745 354 298

97 297 160 357 297

100 455 217 528 menti,
230 456 265 516 et
279 455 393 516 eadem
403 470 499 531 poena
517 454 656 515 tirmiter
668 453 893 530 injungentes,
951 456 1042 529 regio
1052 471 1111 532 per
1122 454 1193 515 dies
1207 455 1355 531 singulos
1365 454 1586 532 praecepisset.
1607 454 1744 530 Legitur

102 555 136 614 ut
146 552 236 612 iufra
250 552 438 630 quindecim
451 551 522 613 dies
537 553 610 627 post
620 550 761 611 reditum
776 552 836 620 tui,
850 550 895 614 fili
951 552 1285 630 etiam-quodPliarao
1295 568 1356 613 rex
1366 553 1574 630 AEgypti,qui
1585 552 1744 628 populum

102 651 259 726 potestas,
289 649 428 726 pignora
455 648 709 725 quingentarum
736 648 896 708 librarum
952 651 1168 711 israeliticum
1184 650 1419 716 afflictionibus
1435 651 1548 710 multis
1564 664 1742 726 oppresse-

102 745 263 807 Luceusis
287 749 427 831 monetae
453 745 636 805 venerabili
663 745 758 805 fratri
783 747 895 804 nostro
951 749 1014 818 rat,
1032 749 1065 808 iu
1088 748 1157 809 luto
1182 750 1215 808 et
1242 749 1346 808 latere
1375 748 1501 809 servire
1530 747 1740 823 compellens,
1858 750 1862 757 '

103 843 281 904 assisinati
297 843 463 920 episcopo,
482 843 614 903 nomine
626 843 750 912 nostro,
768 858 826 917 pro
843 841 896 901 fa·
951 844 1109 919 gravibus
1124 846 1157 906 et
1172 844 1440 905 memorabilibus
1461 845 1567 920 plagis
1584 859 1687 920 usque
1702 844 1743 904 ad

103 942 220 1002 cienda
247 941 457 1003 restitutione
476 940 671 1007 ablatorum,
687 941 720 1000 et
745 939 897 1000 satisfac·
953 942 1213 1002 internecionem
1226 942 1371 1003 illiorum
1383 942 1743 1017 correptusaDomino,
1856 953 1868 967 ‘

102 1037 193 1099 tione
222 1038 352 1114 plenius
379 1036 566 1097 exhibenda
594 1035 778 1096 venerabili
801 1034 895 1095 fratri
953 1055 1011 1114 pro
1027 1055 1066 1100 eo
1085 1039 1169 1115 quod
1186 1039 1340 1100 indurato
1356 1039 1455 1100 corde
1470 1040 1577 1115 ipsum
1591 1039 1694 1108 abire,
1711 1039 1745 1098 ut

104 1135 220 1194 nostro
230 1135 396 1210 episcopo,
410 1136 444 1194 et
457 1133 586 1193 dilectis
605 1132 683 1193 tiliis
706 1132 848 1202 clericis,
866 1134 898 1192 11
953 1154 1048 1197 suum
1058 1137 1193 1199 offerret
1201 1137 1339 1198 Domino
1353 1136 1566 1207 sacrificium,
1578 1151 1645 1196 non
1660 1136 1746 1196 sine·

102 1229 505 1307 ecclesiisFulginatiltus,
531 1229 633 1290 salvis
650 1229 728 1289 aliis
743 1227 897 1289 omnibus
953 1234 1018 1304 hat,
1043 1235 1273 1310 Holophernes
1297 1238 1407 1295 autem
1433 1233 1547 1295 ludith
1571 1232 1745 1294 Hehraeam

104 1327 269 1397 mandatis
303 1327 522 1404 Αρῡεῑῡίἰοίε,
557 1327 744 1403 assignetis
779 1328 896 1386 Datum
954 1330 1747 1406 Deumadoraresecundumlegemipsius,etCy·

105 1427 219 1493 Reate,
232 1425 371 1501 septimo
391 1423 458 1485 kal.
476 1422 646 1500 septemb,
663 1420 777 1499 pontif.
793 1423 896 1482 nostri
953 1429 1216 1489 rusreaeditlcari
1228 1428 1745 1505 permoramunumexcaptivis

103 1537 192 1581 anno
209 1523 337 1598 quarto.
954 1527 1276 1602 populi'Judaeorum,
1287 1526 1444 1601 templum
1453 1525 1583 1587 Domini
1592 1525 1748 1601 permissa

456 1632 546 1718 XVI
954 1626 1041 1684 runt
1063 1627 1101 1684 ut
1113 1624 1359 1701 quidemquum
1376 1640 1446 1694 uos,
1462 1624 1581 1700 quihus
1596 1623 1746 1685 Christus

239 1759 291 1817 Ad
302 1757 455 1817 annalem
469 1757 587 1817 Saum
610 1758 671 1816 Ga,
693 1757 753 1814 am
954 1721 1031 1781 licet
1043 1722 1229 1794 immeritis,
1245 1737 1378 1798 gregem
1390 1738 1493 1782 suum.
1502 1723 1535 1782 et
1549 1721 1636 1782 ovile
1656 1736 1747 1782 corn·

371 1859 403 1916 31
418 1867 522 1916 auom,
555 1860 623 1916 1249
671 1771 692 1830 θ
756 1799 762 1812 ’
955 1815 1055 1888 misit,
1068 1833 1225 1878 exercere
1245 1819 1332 1880 inter
1347 1818 1564 1889 Christianos,
1582 1817 1747 1894 patiamur

244 1955 394 2019 lunaque,
407 1903 501 2005 Aah·
512 1902 680 2013 distermlv,
692 1953 757 2015 Μ]
954 1915 1163 1975 innumeram
1178 1915 1261 1989 legis
1277 1917 1342 1976 tuae
1364 1915 1535 1975 hominum
1556 1914 1744 1975 multitudi-

103 2058 198 2125 Quum
214 2052 303 2110 abbas
315 2054 343 2110 S.
360 2054 481 2126 Galgani
498 2060 527 2109 et
552 2052 614 2125 ejus
637 2051 756 2123 collegae
780 2049 896 2122 inpulsi·
955 2028 1030 2072 nem
1055 2012 1139 2072 ritus
1159 2028 1248 2081 ⁸¹¹⁰&
1267 2013 1303 2073 ut
1330 2013 1365 2072 in
1388 2013 1450 2072 ¹¹⁰⁰
1472 2012 1594 2073 ΗΘΜ
1615 2028 1655 2072 ⁸⁰
1680 2014 1745 2074 tuae

139 2146 251 2200 tionem
278 2141 309 2198 in
334 2142 499 2214 episcopum
516 2141 686 2198 Fesulanum
712 2138 896 2204 distulissent,

954 2110 1062 2183 gentis
1077 2126 1142 2169 non
1158 2109 1201 2170 sit
1227 2110 1340 2185 dispar
1366 2109 1521 2181 conditio,
1538 2109 1595 2170 sed
1615 2125 1745 2186 aequum
1767 2144 1771 2161 .

139 2232 197 2289 iffi,
209 2230 245 2287 ab
260 2230 386 2287 llonorio
404 2243 510 2302 gram
527 2242 692 2299 memque
711 2227 812 2282 littere
826 2225 900 2281 datae
955 2206 1032 2267 hinc
1045 2207 1121 2267 inde
1134 2207 1350 2268 humanitatis
1359 2206 1524 2275 solatium,
1533 2222 1598 2267 uon
1610 2207 1643 2267 te
1654 2205 1747 2266 decet

955 2303 1132 2374 difficilem,
1146 2303 1202 2364 sed
1214 2303 1322 2381 potius
1339 2302 1564 2374 favorabilem,
1575 2305 1608 2364 et
1615 2302 1746 2364 facilem

956 2401 1110 2461 inveniri.
1129 2403 1216 2462 Saue
1231 2416 1305 2461 cum
1330 2400 1370 2461 ad
1396 2417 1456 2461 uos
1477 2417 1557 2461 cura
1584 2401 1748 2477 pertineat

955 2497 995 2559 de
1011 2498 1195 2559 commissis
1210 2497 1305 2558 nobis
1326 2514 1346 2558 a
1373 2499 1523 2569 Domino,
1550 2497 1748 2574 ubicumque

955 2597 1147 2666 consistant,
1161 2596 1291 2673 populis
1303 2596 1512 2663 Christianis,
1523 2611 1563 2656 ne
1574 2594 1749 2656 videamur

956 2694 1165 2765 mercenarii,
1182 2694 1222 2754 ad
1251 2710 1348 2770 quem
1374 2709 1438 2754 non
1464 2692 1745 2770 pertinetovibus,

957 2788 1105 2850 umbram
1116 2792 1240 2861 tenere,
1253 2791 1310 2850 sed
1338 2790 1594 2851 sollicitudiuem
1619 2789 1747 2866 providi

957 2887 1064 2961 potius
1081 2903 1238 2948 exercere
1264 2888 1418 2964 pastoris,
1446 2904 1521 2947 cum
1548 2886 1745 2955 humilitate,

956 3000 1018 3061 qua
1031 2985 1077 3044 nil
1090 2983 1295 3061 splendidius
1306 2983 1409 3059 fulget
1423 2985 1457 3045 in
1473 2985 1604 3045 cervice
1629 2984 1746 3043 Potiti-

956 3082 1028 3141 ficis
1041 3081 1132 3141 illius
1147 3081 1246 3150 servi,
1262 3080 1368 3157 quide
1384 3096 1419 3141 se
1431 3081 1515 3143 dixit
1532 3102 1539 3140 ε
1556 3098 1574 3140 c
1590 3079 1713 3141 Discite
1728 3095 1746 3140 a

956 3194 1008 3238 me
1022 3179 1099 3254 quia
1115 3179 1204 3238 mitis
1219 3194 1303 3249 sum,
1320 3180 1353 3240 et
1367 3177 1502 3237 humilis
1516 3177 1614 3238 corde
1630 3193 1658 3248 s,
1676 3190 1749 3236 ma-

955 3276 1160 3352 gnitudinem
1200 3277 1288 3336 tuam
1327 3277 1484 3336 attentius
1521 3275 1745 3343 obsecramus,

956 3379 1118 3451 quatenus
1143 3373 1323 3434 existentes
1346 3373 1380 3433 in
1394 3375 1484 3433 terra
1508 3373 1566 3434 tua
1595 3373 1747 3434 homines

956 3471 1063 3546 gentis
1077 3472 1199 3531 nostrae
1221 3470 1268 3530 uti
1292 3471 1363 3546 lege
1390 3486 1449 3530 sua
1473 3470 1576 3531 libere
1595 3470 1747 3546 patiaris.

957 3569 1087 3629 Domini
1110 3568 1198 3628 enim
1222 3570 1272 3629 est
1296 3571 1396 3638 terra,
1415 3569 1447 3629 et
1468 3568 1638 3645 plenitudo
1664 3570 1748 3645 eius,

956 3668 990 3727 et
1004 3666 1153 3726 universi
1168 3666 1224 3742 qui
1239 3665 1388 3727 trahitant
1403 3666 1437 3726 in
1451 3666 1577 3734 eadem,
1594 3666 1748 3728 habentis

138 2333 207 2381 suat
217 2337 336 2396 quarum
349 2318 424 2392 apud
434 2318 581 2389 lluurlque
591 2317 695 2388 legitur
708 2313 898 2387 fragmentum

139 2428 279 2485 sequens:

146 2523 316 2593 Quatenus
341 2517 426 2578 intra
455 2529 611 2585 mensem,
636 2515 709 2590 post
731 2511 898 2588 receptio-

104 2634 182 2680 nem
212 2617 425 2694 praessntium
453 2613 488 2673 in
526 2612 657 2686 negotio
690 2612 774 2687 ipse,
801 2611 899 2686 juxta

103 2717 229 2794 prioris
255 2712 401 2774 mandati
428 2708 532 2771 nostri
555 2712 715 2778 tenorem,
749 2705 900 2783 appella-

103 2815 200 2876 tione
213 2811 404 2889 postposita,
422 2807 618 2885 procedatis,
634 2805 785 2866 eumdem
805 2803 899 2878 epis-

103 2926 227 2987 copum
254 2907 296 2969 ab
331 2907 419 2968 omni
447 2903 743 2967 administrationis
777 2900 898 2968 officio,

102 3009 180 3069 siue
206 3007 367 3067 dilatione
391 3002 639 3079 suspendentes,
667 3000 771 3059 donec
800 3013 901 3072 super

104 3107 171 3166 ltoo
186 3104 378 3164 duxerimus
394 3100 482 3160 aliud
498 3097 726 3170 statuendum;
750 3095 899 3170 alioquin

102 3219 182 3264 cum
198 3201 293 3275 culpa
307 3199 412 3275 ipsius
428 3195 573 3271 episcopi
595 3192 805 3267 negligentiae
820 3206 899 3251 res-

103 3306 179 3370 trae,
196 3313 238 3358 11
253 3297 401 3357 dicamus
422 3292 568 3361 malitiae,
591 3290 694 3367 possit
717 3290 756 3349 de
781 3291 900 3348 caetero

101 3394 276 3473 imputari,
290 3408 332 3453 ex
346 3395 423 3452 tunc
438 3388 558 3459 oftlcio,
575 3385 801 3461 beneficioque
826 3400 901 3442 sus-

103 3507 238 3572 pensos,
254 3492 367 3551 nostro
379 3505 438 3549 vos
453 3484 643 3561 conspectui
658 3482 878 3560 praesentetis.

146 3592 268 3651 Datum
284 3589 385 3648 Reate
407 3583 551 3645 secundo
574 3580 733 3641 kalendas
758 3580 902 3655 septem-

103 3687 175 3751 ltris
192 3684 403 3764 pontificatus
419 3681 523 3742 nostri
535 3695 622 3739 anno
636 3679 765 3753 quarto.

957 3764 990 3824 in
1005 3779 1109 3838 regno
1131 3763 1301 3823 hominum
1324 3765 1529 3840 potestatem,
1544 3765 1577 3825 et
1599 3764 1690 3825 illud·
1706 3763 1748 3824 ad

956 3876 1053 3936 quem
1068 3860 1211 3920 voluerit
1221 3861 1465 3921 transferentis.
1478 3864 1645 3936 Rogamus
1661 3861 1751 3922 insu·

957 3972 1025 4034 per,
1043 3959 1079 4017 ut
1093 3957 1230 4018 latorem
1246 3958 1459 4033 praesentium
1471 3957 1747 4020 dilectumdlium

956 4053 1156 4115 Gonsalvum
1172 4052 1307 4114 fratrem
1319 4054 1494 4130 hospitalis
1507 4055 1750 4133 Hierosolymi-

390 4174 505 4246 50091,
538 4172 616 4229 litt.
955 4151 1038 4218 tani,
1067 4151 1265 4210 familiarem
1302 4153 1461 4222 nostrum,
1499 4168 1595 4229 quem
1633 4168 1748 4214 carum

192 4271 340 4338 [11111111
351 4272 418 4321 nnn.
428 4269 521 4320 nectes.
537 4268 568 4317 nu
582 4281 642 4317 ann.
656 4265 810 4329 latstto]
956 4248 1115 4309 habemus
1130 4248 1305 4307 admodum
1329 4250 1363 4309 et
1387 4251 1568 4326 acceptum,
1594 4249 1636 4310 ad
1657 4251 1748 4319 tuam

103 4368 179 4425 11111
192 4363 323 4419 obsecrat
339 4369 368 4416 ut
382 4360 535 4416 existentes
551 4357 578 4412 ln
596 4355 744 4428 ternacius
763 4353 898 4413 christia·
954 4346 1187 4407 transmissum
1209 4347 1436 4422 praesentiam,
1468 4347 1609 4424 benigne
1635 4350 1748 4410 susci·

233 4465 287 4507 nos
300 4449 340 4507 utl
359 4449 424 4520 lege
445 4460 496 4503 sua
519 4444 606 4502 libere
622 4445 775 4517 permittat.
956 4444 1038 4521 pias,
1058 4447 1090 4506 et
1114 4445 1252 4507 honeste
1277 4447 1470 4522 pertractes.
1496 4449 1614 4508 Datum
1634 4448 1749 4512 Reate.

146 4549 261 4611 Nobili
272 4549 344 4608 viro
363 4543 543 4622 Albujacolt
563 4543 837 4610 Miramomelino,
851 4541 899 4602 ti·
956 4558 1033 4603 nou.
1046 4544 1129 4619 sept.
1140 4543 1350 4618 pontificatus
1365 4544 1471 4605 nostri
1487 4560 1574 4606 anno
1590 4546 1719 4622 quarto.

104 4663 234 4710 morem
249 4645 353 4705 divini
368 4642 510 4704 nominis
521 4643 553 4702 et
567 4656 726 4702 amorem.
1290 4695 1422 4782 XVIII

147 4743 312 4820 Expedire
326 4741 385 4803 tibi
395 4756 460 4801 non
469 4739 644 4808 credimus,
659 4741 692 4797 et
706 4751 822 4798 revera
834 4751 900 4795 non

105 4841 253 4920 expedit,
270 4841 305 4901 ut
332 4837 442 4899 verbis
469 4837 663 4912 acquiescas
688 4849 814 4899 eorum,
844 4832 900 4907 qui
955 4821 1006 4879 Ad
1024 4820 1161 4879 abbates
1179 4821 1220 4879 de
1239 4821 1431 4894 Scotlattata
1445 4819 1478 4879 el
1497 4822 1538 4879 de
1558 4819 1749 4891 Otterduclt,

106 4938 168 5002 tibi
184 4938 269 5000 forte
284 4935 433 5004 suadent,
446 4936 481 4994 ut
492 4933 675 4994 existentes
691 4932 725 4991 iu
739 4932 829 4992 turra
843 4932 898 4991 tua
1000 4918 1238 4978 (ἶῑδὶθνθῐθηδὶδ
1261 4919 1403 4985 ordinis,
1419 4917 1453 4977 ef
1465 4917 1692 4990 proepotitum
1711 4921 1752 4980 de

105 5035 314 5098 christianos
330 5032 377 5092 uti
391 5032 464 5106 lege
480 5046 539 5090 sua
554 5029 660 5089 libere
676 5043 743 5088 non
764 5028 902 5103 permit·
995 5017 1186 5089 Ηθθθηθῡθ»
1202 5013 1404 5088 noctanter
1422 5016 1592 5075 Wat'mtw·
1608 5017 1704 5077 dioec·

105 5136 169 5197 tas.
193 5135 298 5194 Porro
324 5128 451 5199 Daniel,
475 5130 508 5188 et
532 5128 599 5188 tres
628 5126 734 5201 pueri,
763 5124 851 5185 ducti
880 5140 899 5183 a
1255 5118 1358 5188 lsept.
1373 5117 1450 5173 ltttt.

104 5229 286 5308 Babylonis
314 5242 391 5301 rege
419 5224 558 5300 captivi,
587 5221 739 5299 permissi
774 5224 853 5282 sunt
880 5237 899 5282 a
1110 5211 1515 5276 [wurdtwetn,n0vasuta..1v.
1532 5215 1597 5279 1011

104 5327 285 5407 praeposito
293 5322 522 5383 eunuchorum
536 5320 651 5396 ipsius,
662 5317 900 5394 quihugpolue.
956 5304 996 5359 De
1013 5309 1088 5358 statu
1107 5301 1228 5358 abbatim
1243 5303 1339 5359 Sancti
1358 5302 1459 5360 Albani
1474 5303 1607 5360 dloeceflls
1623 5305 1750 5376 Uogllnt.

105 5426 175 5488 rint
187 5423 236 5485 uti
253 5420 328 5482 cibo
342 5423 375 5480 et
390 5421 479 5496 potu,
492 5432 540 5487 se,
558 5416 645 5476 elcut
659 5417 900 5491 proposuerunt
996 5410 1162 5471 Honorius
1198 5410 1392 5487 episcopus,
1430 5427 1546 5471 servus
1580 5427 1752 5474 servorum

105 5521 253 5585 incorde
268 5534 340 5587 suo,
358 5530 564 5592 nequaquam
586 5528 699 5574 mensa
715 5512 808 5587 regia
824 5512 898 5588 pol·
956 5508 1025 5579 1111,
1042 5507 1172 5568 dilectis
1186 5507 1265 5567 filiis
1278 5508 1318 5568 de
1332 5508 1518 5583 sconaugia
1536 5509 1569 5569 et
1583 5508 1752 5572 11101111-

105 5625 249 5686 tuentes,
268 5616 343 5677 licet
358 5629 415 5674 rex
433 5613 502 5688 ipso
520 5611 607 5672 vesci
622 5626 677 5671 eos
689 5608 762 5670 cibo
776 5612 808 5670 et
822 5612 898 5684 potu
956 5604 1052 5675 buclr,
1081 5603 1259 5666 abhatibus
1281 5606 1510 5673 cisterciensis
1530 5606 1752 5675 ordinisot...

224 3980 278 4039 Ad
300 3979 441 4036 stolitem
464 3977 581 4034 utrum
604 3972 782 4042 Atoznncoo

343 4073 668 4132 ultramontanum.
752 4076 754 4083 '
