3774 6186
51 292 113 354 eta

52 451 154 527 regis,
171 463 270 528 quarn
284 447 351 511 tuls
365 444 519 526 precibus
540 446 736 519 annuentes,
752 462 846 507 com-

53 549 250 626 positionem
277 547 384 623 ipsam
413 544 549 623 provide
575 544 714 616 tactam,
745 546 778 606 et
806 543 846 605 ab

53 647 194 723 utraque
223 646 339 722 sponte
365 646 458 720 parte
489 643 665 719 receptam,
697 643 782 703 slcut
812 642 847 702 in

54 743 203 822 eiusdem
224 743 313 818 regis
337 741 527 802 authentico
549 740 746 811 continetur,
768 756 849 800 auc·

53 842 189 902 toritate
199 839 387 917 Apostolica
400 838 643 909 confirmamus,
661 840 694 899 et
707 853 850 915 praesen·

56 939 100 999 tis
115 938 232 1013 scripti
247 937 430 1014 patrocinio
444 936 695 997 communimus.
709 936 757 997 nd
773 951 848 995 ma-

52 1039 162 1112 jorem
177 1037 288 1095 autem
306 1033 517 1104 evidentiam,
540 1035 687 1095 tenorem
702 1031 849 1110 ejusdem

54 1132 211 1194 deverbo
235 1124 276 1192 ad
301 1132 438 1192 verbum
465 1131 543 1193 huic
571 1131 692 1192 nostrae
720 1130 850 1206 paginae

56 1230 213 1291 duximus
228 1229 441 1290 inserendum
459 1250 466 1287 r

96 1330 135 1388 Η.
152 1328 211 1389 Dei
226 1327 334 1402 gratia
353 1342 414 1387 rex
432 1325 572 1402 angliae,
586 1325 739 1386 dominus
758 1328 852 1387 Hen-

55 1427 147 1486 ricus
165 1425 232 1485 dux
249 1423 475 1495 Normanniae,
491 1422 678 1499 Aquitaniae
694 1426 726 1483 et
743 1439 853 1484 comes

56 1522 272 1597 andegaviae,
283 1520 435 1581 omnibus
446 1521 487 1581 ad
501 1536 582 1597 quos
593 1536 740 1597 praesens
752 1520 855 1597 scrip·

60 1623 129 1680 tum
141 1619 339 1696 pervenerit,
350 1617 725 1680 salutemUniversitati
734 1619 853 1679 vestrae

58 1718 172 1778 notum
192 1717 343 1786 iacimus,
357 1716 442 1792 quod
459 1732 533 1776 cum
551 1716 645 1791 pater
666 1716 778 1777 noster
790 1718 853 1777 Jo-

61 1815 200 1886 hannes,
216 1830 276 1875 ren
291 1814 418 1890 anglie
434 1813 528 1874 bonae
540 1813 720 1884 memoriae,
738 1829 856 1891 quam-

59 1913 134 1972 dam
148 1911 419 1989 compositionem
433 1910 549 1972 secerit
560 1927 633 1973 cum
648 1910 780 1971 domina
791 1913 856 1972 Be-

60 2011 228 2085 rengaria,
252 2009 415 2087 quondam
436 2009 558 2070 illustri
577 2008 706 2084 Angliae
724 2008 853 2084 regina,

59 2108 177 2169 relicta
200 2106 324 2187 [vidua]
348 2107 437 2182 regis
459 2106 605 2178 Ricardi,
623 2106 731 2183 patrui
749 2105 853 2167 nostri

60 2206 160 2267 clarae
173 2205 352 2276 memoriae,
371 2219 471 2280 super
483 2207 555 2280 ejus
567 2203 718 2265 dotalitio
733 2204 767 2265 in
783 2206 855 2264 hn-

59 2304 138 2380 glia,
151 2302 236 2379 qnod
249 2301 373 2378 abipso
388 2302 503 2362 eadem
515 2302 694 2378 repetebat,
709 2302 754 2363 ita
770 2301 856 2378 qnod

59 2401 240 2461 secundum
260 2401 407 2460 tenorem
425 2400 574 2476 ejusdem
595 2399 854 2475 compositionis,

60 2514 158 2574 quam
180 2514 240 2558 nos
262 2498 369 2557 ratam
389 2496 566 2557 habuimus
585 2499 618 2559 et
643 2497 814 2565 habemus,
836 2512 856 2556 a

60 2596 147 2657 dicto
166 2597 259 2671 patre
275 2597 388 2656 nostro
402 2610 461 2671 pro
481 2610 516 2656 se
535 2598 568 2656 et
580 2594 768 2655 haeredibus
787 2595 856 2655 suis

61 2689 855 2771 tactae,etinanimamsuanrjurare[nonrenuit],

61 2790 148 2851 dicta
167 2791 301 2851 domina
315 2790 518 2865 Berengaria
538 2790 579 2850 ab
598 2791 724 2862 eodem,
741 2792 773 2852 et
787 2791 858 2850 suis

61 2886 260 2957 haeredibus,
277 2888 312 2947 in
336 2887 433 2947 domo
454 2889 531 2949 novi
551 2888 678 2963 Templi
695 2888 857 2949 Londonii

60 2986 153 3046 mille
174 2985 276 3046 libras
292 2984 453 3046 bonorum
468 2987 502 3047 et
516 2985 672 3061 legalium
688 2985 859 3061 sterlingo-

60 3099 134 3143 rum
157 3082 292 3143 deberet
314 3082 462 3158 recipere
484 3083 668 3149 annuatim,
685 3086 781 3160 prout
795 3083 858 3143 hoc

60 3196 136 3240 cum
157 3179 352 3256 quibusdam
372 3179 448 3239 aliis
468 3180 618 3241 articulis
639 3179 673 3239 in
692 3181 783 3241 carta
800 3196 860 3256 pa-

58 3279 122 3338 tris
134 3279 241 3339 nostri
254 3277 384 3353 plenius
399 3277 598 3349 continetur,
610 3278 644 3338 et
657 3277 729 3352 ipsa
743 3278 859 3352 regina

57 3376 335 3452 compositionem
350 3375 499 3436 eamdem
519 3374 583 3435 sibi
598 3377 725 3451 peteret
740 3375 857 3436 obser-

55 3473 149 3543 vari,
163 3476 195 3533 et
210 3475 350 3549 quatuor
364 3472 470 3532 millia
486 3472 520 3532 et
541 3473 738 3549 quingentas
757 3472 859 3534 libras

56 3570 300 3645 sterlingorum
317 3585 376 3644 pro
387 3570 568 3645 arreragiis
584 3570 664 3640 suis,
681 3586 721 3630 ea
734 3571 862 3632 scilicet

50 3667 209 3736 ratione,
227 3666 305 3743 quia
318 3682 378 3744 per
393 3667 518 3727 tantum
531 3667 687 3743 temporis
696 3668 860 3728 cessatum

51 3763 572 3839 ruitasolurronepraeuictarum
583 3763 858 3836 millelihrarum‚

54 3877 166 3938 super
180 3861 361 3938 praemissis
375 3861 497 3931 taliter,
508 3877 567 3937 pro
579 3861 673 3921 nobis
688 3864 721 3922 et
732 3879 861 3922 succes·

55 3959 196 4021 sonibus
218 3959 353 4029 nostris,
378 3960 593 4019 convenimus
622 3975 696 4019 cum
732 3960 859 4030 eadem,

64 4057 208 4127 scilicet,
225 4056 310 4133 quod
333 4056 373 4116 de
396 4056 551 4132 praedicta
573 4072 700 4117 summa
722 4073 859 4117 arrera-

60 4155 196 4230 giorum
212 4154 302 4213 mille
318 4169 448 4213 marcas
463 4153 494 4214 ei
510 4153 713 4214 reddidimus
727 4155 761 4215 in
775 4171 862 4230 prae-

63 4253 163 4324 senti,
187 4252 221 4312 et
235 4252 307 4329 ipsa
329 4251 445 4326 regina
470 4251 510 4312 de
537 4253 710 4327 praemissa
733 4269 860 4314 summa

65 4349 163 4410 nobis
179 4349 309 4411 remisit
330 4348 526 4426 quingentas
542 4349 656 4422 libras,
674 4352 707 4411 et
720 4351 761 4411 de
775 4352 862 4411 resi·

65 4446 131 4508 duo
164 4447 413 4521 arreragiorum
447 4447 622 4508 reddemus
657 4448 688 4509 ei
716 4448 862 4525 quolibet

65 4560 154 4605 anno
168 4543 364 4620 quingentas
380 4559 520 4617 marcas,
536 4545 640 4608 donec
652 4547 720 4607 tota
733 4563 861 4608 summa

66 4641 257 4702 eorumdem
273 4642 520 4717 arreragiorum
536 4643 860 4719 plenariesitsoluta.

66 4739 292 4799 Nihilominus
323 4739 498 4800 reddemus
531 4741 562 4801 ei
591 4742 688 4801 annis
722 4742 862 4816 singulis

67 4836 157 4896 mille
172 4836 274 4896 libras
288 4835 449 4897 bonorum
466 4838 498 4897 et
515 4837 671 4911 legalium
685 4839 864 4915 sterlingo-

65 4948 139 4993 rum
156 4933 218 4993 sibi
234 4933 361 4995 debitas
373 4950 417 4993 ex
427 4935 665 5010 compositione
674 4937 860 5011 praemissa,

66 5035 99 5091 et
115 5031 160 5092 ita
176 5031 322 5107 quolibet
334 5047 421 5092 anno
434 5031 574 5108 recipiet
584 5032 648 5092 duo
657 5033 761 5094 millia
773 5050 864 5096 mar·

68 5144 183 5188 carum
199 5143 257 5203 pro
268 5129 506 5205 compositione
518 5132 551 5190 et
559 5131 753 5205 arreragiis,
768 5147 864 5210 prop·

66 5228 118 5286 ter
154 5240 227 5302 quae
261 5226 505 5301 assignavimus
540 5228 647 5288 eidem
675 5230 863 5303 stagnarias

67 5324 199 5384 nostras
212 5321 252 5383 de
263 5323 439 5394 cornubia,
454 5328 488 5386 et
501 5326 648 5386 Devenia
664 5341 738 5387 cum
751 5327 862 5387 omni·

68 5418 130 5478 hus
145 5419 301 5491 exitibus
316 5420 371 5497 qui
381 5422 480 5493 exeis
493 5423 700 5498 provenient,
712 5425 744 5484 et
754 5424 864 5485 exitus

67 5515 191 5577 cambii
206 5520 346 5579 monetae
362 5520 495 5591 nostrae,
510 5522 543 5581 et
556 5536 630 5581 eam
646 5521 819 5597 posuimus
829 5522 865 5582 in

66 5614 275 5689 corporalem
311 5616 553 5691 possessionem
587 5618 788 5691 earumdem,
821 5634 865 5680 ex

215 5759 330 5803 rinnon.
349 5758 424 5803 rous
440 5748 490 5805 111.

680 286 907 347 nrlsroLAE.
929 286 1009 381 LIB.
1034 287 1070 344 V.

1634 284 1694 344 674

901 460 1040 524 quarum
1054 443 1268 521 proventibus
1282 446 1463 507 solutiones
1474 460 1552 507 suas
1563 444 1692 521 recipit,

901 543 1696 620 sicutsuperiusestpraemissum.Siautemcon-

901 641 1024 716 tigerit,
1041 641 1126 718 quod
1142 641 1266 718 aliquid
1284 642 1370 703 ultra
1392 642 1457 702 duo
1472 641 1577 703 millia
1600 656 1693 702 mar-

902 755 1016 800 carum
1031 754 1075 800 ex
1089 739 1256 815 praedictis
1272 740 1472 815 provenerit,
1486 738 1580 799 nohis
1592 753 1699 800 rema·

903 837 1003 907 nebit,
1020 838 1062 908 et,
1077 837 1105 897 si
1130 835 1171 896 ad
1187 836 1385 897 solutionem
1400 837 1605 915 praemissam
1629 853 1697 897 non

904 933 1113 1003 sufficerent,
1140 933 1364 1010 supplebimus
1391 935 1421 994 ei
1449 934 1490 995 de
1512 934 1696 996 redditibus

904 1032 1026 1092 nostris
1041 1031 1297 1103 londoniarum,
1310 1034 1354 1099 et,
1371 1031 1400 1092 si
1416 1031 1496 1092 illud
1510 1032 1611 1093 etiam
1630 1048 1697 1093 non

905 1129 1082 1199 sufficeret,
1099 1129 1273 1190 reddemus
1285 1131 1317 1190 ei
1325 1130 1494 1191 residuum
1506 1131 1547 1190 ad
1559 1130 1700 1191 schaea-

905 1226 991 1286 rium
1008 1228 1155 1288 nostrum
1169 1227 1426 1288 bondoniarum.
1440 1227 1620 1289 Praedictos
1635 1243 1699 1287 au·

907 1325 972 1385 tem
999 1324 1148 1385 redditus
1176 1324 1337 1401 percipiet
1364 1326 1397 1386 et
1421 1324 1546 1385 tenebit
1574 1323 1702 1401 absque

907 1424 1030 1492 nostra,
1058 1422 1110 1482 vel
1140 1423 1326 1483 nostrorum
1356 1423 1618 1485 contradictione
1645 1421 1701 1482 vel

907 1519 1153 1594 impedimento,
1168 1519 1254 1580 siout
1267 1519 1461 1594 praedictum
1481 1521 1542 1590 est,
1568 1519 1626 1579 sed
1638 1533 1700 1580 nos

907 1616 1152 1691 assignabimus
1170 1617 1303 1677 nomine
1315 1617 1441 1692 reginae
1463 1617 1504 1677 ad
1525 1616 1702 1692 praedictos
1759 1696 1763 1701 ,

907 1714 1054 1775 redditus
1081 1714 1284 1789 colligendos
1314 1716 1346 1775 et
1375 1713 1560 1775 reddendos
1592 1714 1703 1774 eidem

908 1812 1032 1887 reginae
1052 1812 1142 1872 viros
1166 1811 1279 1872 ddeles
1295 1812 1327 1872 et
1341 1811 1513 1881 discretos,
1531 1811 1586 1888 qui
1604 1814 1704 1887 jura-

908 1908 998 1980 bunt,
1014 1909 1099 1984 quod
1113 1908 1253 1969 tidelitar
1263 1909 1303 1968 de
1318 1908 1470 1970 omnibus
1482 1909 1627 1970 exitibus
1641 1909 1704 1970 do-

909 2007 1007 2067 minae
1022 2007 1159 2080 reginae,
1175 2007 1227 2067 vel
1240 2007 1416 2068 attornatis
1432 2007 1501 2066 suis
1517 2007 1703 2084 responde-

909 2103 990 2165 bunt
1018 2104 1053 2164 in
1078 2103 1174 2164 domo
1199 2105 1276 2164 novi
1303 2105 1430 2181 Templi
1455 2105 1704 2166 Londoniarum

910 2217 1014 2278 usque
1047 2201 1087 2263 ad
1122 2202 1338 2278 praetaxatam
1371 2218 1533 2263 summam
1563 2203 1706 2265 duorum

910 2299 1051 2360 millium
1067 2315 1264 2369 marcarum,
1277 2300 1406 2361 scilicet
1417 2301 1508 2360 mille
1523 2316 1653 2362 marcas
1668 2302 1705 2361 in

911 2398 992 2459 testo
1013 2398 1165 2458 Omnium
1182 2400 1388 2466 Sanctorum,
1410 2401 1442 2460 et
1461 2399 1553 2459 mille
1575 2414 1706 2460 marcas

911 2496 944 2556 in
960 2496 1043 2557 sesto
1057 2496 1271 2557 ascensionis
1292 2496 1432 2557 Domini.
1460 2497 1569 2558 Finita
1594 2499 1707 2559 autem

911 2593 1075 2655 solutione
1101 2594 1347 2669 arreragiorum
1371 2594 1504 2655 domina
1532 2596 1649 2670 regina
1670 2594 1706 2657 in

912 2692 1078 2768 praedictis
1093 2692 1287 2764 redditibus,
1304 2696 1337 2753 et
1352 2692 1511 2768 praedicto
1527 2693 1598 2754 loco
1618 2695 1709 2754 reci-

912 2790 990 2867 piet,
1008 2793 1043 2852 ut
1065 2791 1217 2867 superius
1238 2791 1435 2861 dictumest,
1451 2790 1592 2867 singulis
1607 2782 1706 2852 annis

912 2887 1002 2948 mille
1032 2887 1135 2948 libras
1153 2888 1280 2949 tantum
1304 2888 1465 2949 bonorum
1492 2892 1525 2951 et
1551 2889 1710 2964 legalium

913 2984 1147 3059 sterlingorum
1172 3002 1214 3046 ex
1238 2986 1477 3061 compositione
1502 2985 1566 3046 sibi
1595 2986 1708 3048 debita

913 3082 1082 3158 praedicta.
1099 3083 1224 3143 Poterit
1240 3085 1350 3143 autem
1365 3083 1438 3158 ipsa
1458 3083 1575 3158 regina
1591 3084 1707 3159 dispo-

913 3194 992 3240 nere
1008 3178 1048 3239 de
1063 3179 1230 3255 praedictis
1244 3180 1427 3254 arreragiis
1441 3180 1482 3239 ad
1503 3181 1709 3243 voluntatem

913 3292 1006 3337 suam
1024 3276 1296 3353 quandocumque
1311 3276 1374 3336 sibi
1394 3277 1559 3353 placuerit
1580 3279 1650 3339 sive
1673 3279 1709 3340 in

912 3373 993 3445 vita,
1010 3374 1080 3434 sive
1096 3374 1131 3434 in
1144 3376 1259 3446 morte,
1274 3377 1308 3435 et
1319 3391 1380 3435 nos
1393 3375 1435 3445 ei,
1451 3375 1502 3436 vel
1516 3376 1576 3447 eis,
1589 3375 1709 3452 quibus

914 3473 986 3549 ipsa
1012 3473 1224 3543 concesserit,
1247 3473 1361 3533 eodem
1398 3473 1494 3533 modo
1524 3473 1710 3535 tenebimus

914 3570 1000 3631 sicut
1015 3570 1137 3646 stipsi.
1158 3571 1192 3631 Si
1218 3572 1329 3631 autem
1357 3571 1565 3646 contingeret
1593 3571 1708 3649 aliquo

915 3666 1023 3736 modo,
1040 3667 1125 3744 quod
1141 3667 1274 3729 domina
1288 3668 1404 3744 regina
1417 3669 1610 3745 praedictam
1622 3670 1710 3731 solu·

914 3764 1707 3845 tionem,sioutsupradictumesl,nonreciperet,

914 3861 1000 3939 quod
1023 3861 1115 3922 salvo
1137 3868 1346 3924 sacramento
1375 3868 1487 3927 nostro
1514 3883 1580 3927 non
1606 3867 1711 3943 possit

915 3959 999 4030 deri,
1014 3958 1059 4020 sit
1072 3960 1176 4020 totum
1191 3962 1358 4035 negotium
1372 3963 1407 4022 in
1423 3979 1462 4024 eo
1474 3966 1573 4035 statu,
1592 3964 1626 4024 in
1644 3979 1710 4040 quo

915 4060 987 4119 erat
1001 4058 1135 4133 quando
1151 4073 1297 4134 praesens
1316 4060 1408 4120 carta
1421 4059 1483 4121 tuit
1502 4061 1711 4132 consectanei

916 4155 1104 4231 quingentae
1120 4155 1214 4217 librae
1236 4172 1318 4234 quas
1342 4156 1437 4218 nobis
1463 4158 1602 4229 remisit,
1624 4160 1711 4221 sicut

916 4268 1051 4330 pronon
1067 4254 1228 4323 remissis,
1244 4255 1481 4330 compositione
1503 4256 1673 4332 praemissa
1689 4272 1711 4318 a

916 4354 1010 4428 patre
1031 4352 1144 4411 nostro
1173 4367 1248 4412 cum
1271 4352 1386 4412 eadem
1411 4354 1525 4427 regina
1551 4353 1649 4426 tacta,
1676 4357 1710 4416 et

916 4447 1068 4509 omnibus
1089 4448 1165 4508 aliis
1190 4450 1361 4525 rescriptis
1385 4452 1576 4526 apostolicis
1598 4452 1633 4512 in
1649 4469 1709 4515 suo

916 4546 1033 4606 robore
1043 4545 1366 4621 permanentibus,et
1376 4547 1561 4610 tenebimur
1570 4549 1710 4611 reddere

915 4643 1021 4704 eidem
1043 4643 1168 4718 reginae
1184 4660 1298 4704 omnes
1315 4659 1479 4720 expensas
1494 4646 1709 4707 rationabiles

917 4742 950 4802 at
962 4742 1147 4802 moderatas
1160 4742 1193 4802 et
1208 4741 1378 4812 honestas,
1396 4758 1477 4818 quas
1494 4743 1527 4802 in
1552 4758 1712 4817 prosecu-

916 4840 1005 4899 tione
1020 4839 1116 4899 istius
1130 4839 1253 4914 negotii
1269 4839 1385 4900 iecerit
1405 4854 1464 4914 pro
1479 4839 1608 4900 delectu
1624 4856 1708 4900 nos-

915 4938 979 4996 tro.
996 4937 1064 4997 Nos
1080 4939 1190 4998 autem
1206 4936 1246 4998 de
1261 4936 1401 4998 consilio
1417 4936 1541 4998 domini
1556 4939 1708 5000 Panduttl

916 5034 1041 5095 domini
1068 5049 1160 5111 papae
1187 5035 1376 5105 camerarii,
1391 5036 1581 5096 Norwicen.
1599 5037 1707 5107 electi,

916 5131 1114 5208 Apostolicas
1136 5131 1229 5193 Sedis
1250 5133 1362 5207 legati,
1385 5134 1418 5194 et
1442 5134 1712 5210 archiepiscopo·
1796 5208 1799 5215 Ι

916 5244 1005 5300 rum,
1031 5229 1260 5306 episcoporum
1284 5233 1318 5291 et
1339 5229 1501 5291 baronum
1521 5233 1710 5293 nostrorum

917 5326 1137 5388 asserentium
1148 5326 1242 5388 nobis
1259 5331 1292 5389 et
1302 5331 1529 5390 terraenostrae
1541 5328 1604 5389 hoc
1614 5344 1712 5404 expe·

917 5423 1002 5493 dire,
1034 5424 1247 5500 promisimus
1273 5425 1370 5489 dictae
1395 5425 1539 5487 dominae
1571 5426 1709 5501 regins,

918 5524 952 5584 et
965 5521 998 5582 iu
1010 5521 1156 5583 ammam
1170 5524 1319 5589 bosham
1326 5523 1514 5588 iohannem
1524 5524 1711 5586 Russellum

918 5618 1145 5681 senescalcum
1159 5618 1309 5687 nochum
1319 5620 1438 5679 *mn
1448 5618 1601 5693 murus,
1626 5622 1713 5699 quod
