3774 6186
113 276 175 338 275
563 244 567 249 ’
730 274 906 335 uouonu
928 275 972 337 111
995 275 1143 335 ornas.
1700 276 1755 336 are

114 431 249 491 nifcstant
266 439 326 490 tum
348 431 503 506 pontificis,
524 439 583 489 turn
604 429 769 488 christiane
783 431 867 505 legis,
880 438 909 489 et
962 431 1128 488 litterariam
1151 429 1255 488 studio.
1278 431 1425 489 occisores
1448 431 1576 502 episcopi
1597 430 1755 489 aniciensis

114 536 227 579 morum
240 519 499 579 mansuetudinem.
963 534 1046 592 poeua
1075 520 1214 586 multavit,
1235 527 1263 576 et
1296 521 1453 592 praesertim
1481 518 1671 577 Bertrandum
1700 521 1754 589 oui,

149 609 254 668 lisdem
281 609 465 684 temporibus,
488 608 646 682 eodemque
670 624 756 678 auno,
776 615 907 666 nontam
962 608 1082 680 injunxit
1104 608 1175 666 ultra
1198 623 1277 664 mare
1302 608 1432 677 transire,
1452 607 1491 664 ibi
1512 623 1562 679 per
1575 609 1754 680 septennium

114 699 202 755 armis
227 713 313 771 quam
341 699 436 757 verbis
461 698 661 768 dimicaturus,
684 698 712 754 S.
740 698 908 756 Franciscus
963 704 1122 754 moraturus
1139 697 1168 753 iu
1184 698 1300 755 servitio
1314 698 1408 753 Terrae
1420 697 1542 765 Sanctae,
1558 703 1675 768 propter
1688 694 1751 753 faci·

115 785 267 847 soldanum
288 786 393 856 adibat,
418 788 481 861 ejus
502 787 730 855 conversionem,
748 793 776 842 et
791 800 906 843 suorum
962 785 1038 841 noris
1054 785 1240 841 atrocitatem.

71 888 75 892 ·
114 874 237 931 inhians.
255 875 367 948 Sicque,
378 875 444 933 dum
458 875 535 932 orbis
549 874 722 932 christianus
736 873 907 930 tumaximis
998 873 1097 947 Legati
1119 874 1273 946 Apostolici
1295 888 1400 930 munus
1421 873 1560 947 Gregorio
1581 872 1753 942 crescentio,

113 962 179 1019 belli
200 963 342 1021 laboribus
363 971 438 1021 totus
458 972 528 1033 erat,
543 971 601 1021 tarn
621 962 746 1036 pontifex
761 976 846 1034 quam
862 963 908 1019 ille
962 961 1003 1017 tit.
1027 960 1055 1018 S.
1074 961 1214 1018 Theodori
1232 960 1353 1018 diacono
1370 959 1448 1018 card.
1466 961 1494 1018 iu
1514 962 1617 1031 Dania,
1644 961 1753 1032 suecia,

114 1052 157 1107 vir
170 1059 288 1109 sauctus
301 1067 358 1109 non
373 1052 508 1109 oblivioni
525 1050 630 1108 dabant
646 1052 691 1108 vel
707 1051 842 1108 humane
854 1064 905 1106 na·
962 1049 1078 1106 Polouia
1102 1064 1136 1106 ac
1155 1048 1290 1106 Bohemia
1311 1048 1454 1106 commisit
1471 1048 1611 1118 Pontifex,
1627 1047 1664 1106 ad
1682 1049 1752 1105 sedi·

79 1142 93 1157 ⁸
113 1139 449 1220 turseimpresopiptibilia
462 1140 590 1212 juravet
605 1139 783 1196 inimicorum
797 1140 908 1196 animas
962 1136 1054 1194 tiones
1081 1137 1305 1210 componendas,
1334 1152 1399 1194 cum
1420 1151 1542 1194 summa*
1556 1143 1700 1210 potestate
1723 1137 1754 1194 ad

113 1227 343 1298 lucrifaciendas,
353 1227 426 1285 etad
436 1237 601 1301 perpetuam
618 1228 647 1283 iu
657 1228 729 1285 coelo
743 1227 906 1284 beatitatem
962 1226 1127 1297 pervicaces
1155 1224 1190 1282 ad
1219 1225 1345 1283 oilleium
1376 1223 1564 1283 revocandos.
1592 1227 1628 1282 Et
1655 1225 1754 1282 eodem

114 1330 180 1372 curn
190 1316 289 1374 electis
304 1317 355 1374 Dei
370 1315 560 1372 adducendas.
570 1317 692 1375 Tantum
704 1314 798 1372 diflert
813 1315 907 1389 alege
962 1327 1048 1382 anno,
1065 1312 1101 1370 ad
1116 1312 1220 1370 Sedcrn
1232 1314 1425 1385 Apostolicam
1441 1313 1605 1386 Stephanus
1615 1313 1722 1370 Servios
1729 1321 1755 1370 et

115 1403 304 1461 liabumetica
320 1404 367 1461 lex
379 1403 551 1462 christiaual
962 1402 1086 1469 Dioclis,
1112 1403 1290 1473 aliarumque
1310 1402 1521 1474 provinciarum
1540 1416 1603 1470 rex,
1618 1403 1698 1459 viros
1710 1404 1755 1474 qui

151 1492 308 1549 Ecclesiam
331 1493 382 1550 Dei
402 1499 470 1549 tuuc
491 1492 628 1563 temporis
641 1492 798 1549 illustrabat
821 1493 907 1550 etiam
961 1489 1190 1563 coniunctionem
1202 1505 1267 1547 cum
1278 1491 1406 1547 Romana
1416 1491 1554 1559 Ecclesia,
1564 1504 1620 1546 suo
1629 1491 1755 1558 uomina,

115 1580 144 1636 S.
169 1579 343 1636 Dominicus.
371 1579 421 1637 Cui
447 1577 577 1637 Pontifex
603 1579 754 1643 concessit,
780 1580 809 1636 iu
833 1580 908 1639 Urbe
962 1577 1199 1651 redintegrarent.
1222 1579 1291 1636 Curu
1311 1580 1371 1650 pari
1397 1578 1504 1650 gaudio
1520 1579 1592 1636 vidit
1614 1580 1755 1636 Honorius

115 1668 295 1734 Romanas.
311 1667 391 1741 xysti
406 1668 568 1734 ecclesiam,
582 1665 682 1724 dicens
692 1683 698 1723 :
710 1669 800 1741 Ligna
817 1670 907 1741 pomi·
963 1674 1059 1723 noster
1073 1665 1209 1723 barbaras
1220 1674 1324 1739 gentes
1335 1667 1472 1735 Livonie,
1481 1666 1664 1724 Estboniteet
1674 1669 1767 1727 Paua.

114 1751 173 1809 fera
203 1754 233 1809 iu
261 1755 398 1811 Ecclesiae
426 1752 557 1827 paradiso
590 1752 728 1825 plantare,
755 1769 789 1811 ac
812 1754 908 1811 fovere
962 1752 1241 1826 sire,frdesuseepta,
1255 1755 1284 1811 iu
1300 1755 1394 1811 sinum
1403 1754 1756 1828 Ecclesiasconfugieutes.

115 1841 252 1913 plantata,
267 1841 399 1899 exolflcii
409 1841 504 1899 debito
514 1841 657 1899 seteueri.
667 1840 905 1915 urchicpiscopis
961 1842 1006 1900 Ad
1020 1857 1091 1914 quas
1106 1842 1256 1916 Evangelii
1278 1841 1476 1915 praedicatores
1493 1842 1658 1912 destinavit,
1671 1859 1756 1916 quum

115 1929 258 2000 episcopis
281 1937 310 1986 et
333 1930 501 2002 presulibus
529 1930 616 1986 etiam
643 1942 749 1986 novum
778 1929 907 1987 ordinem
960 1931 1019 2000 jam
1031 1930 1102 1987 albe
1114 1937 1211 1988 esseut
1225 1932 1360 2003 regiones
1375 1928 1411 1987 ad
1423 1930 1620 1999 messem,sed
1635 1931 1755 2004 operarii

115 2017 335 2075 commendavit.
348 2020 420 2076 llam
431 2018 524 2091 siguis
535 2025 563 2075 et
577 2017 726 2075 virtutibus
739 2024 840 2096 potens
848 2025 909 2076 erat
964 2018 1046 2091 pauci
1060 2024 1089 2074 et
1103 2019 1234 2075 rariores.

115 2105 290 2163 Dominicus.
999 2107 1088 2174 Unde,
1099 2105 1253 2164 dantsbeo
1264 2105 1488 2167 misericordiam
1499 2115 1528 2163 ct
1537 2106 1756 2179 benignitatem,

151 2193 192 2248 De
206 2207 257 2249 sua
273 2199 302 2249 et
314 2194 434 2265 propriae
444 2194 540 2250 uxoris
551 2195 764 2251 incoronatione
775 2195 805 2252 in
817 2195 906 2267 impe·
963 2195 1010 2252 bic
1022 2209 1115 2252 annus
1128 2209 1194 2252 cum
1209 2209 1280 2266 pace
1301 2201 1329 2252 et
1348 2196 1443 2267 quiete
1464 2194 1525 2262 fuit,
1541 2208 1607 2251 cum
1622 2210 1758 2252 successu

115 2288 239 2336 ratorem
254 2289 282 2338 et
295 2282 529 2353 imperatricema
543 2283 671 2338 Romano
684 2282 820 2340 Pontilloe
834 2299 906 2340 nun·
963 2283 1097 2360 presenti
1111 2297 1266 2352 armorum,
1280 2297 1345 2340 num
1360 2298 1413 2355 spe
1426 2282 1510 2339 futuri
1524 2283 1592 2338 boni
1606 2297 1658 2355 per
1672 2284 1759 2356 impe-

54 2409 57 2414 .
115 2368 170 2424 tios
198 2369 276 2426 misit
306 2369 491 2438 Fredericus,
520 2370 656 2441 quirem
684 2385 749 2428 cum
783 2373 909 2429 Honorio
963 2380 1086 2429 ratoreur
1095 2369 1758 2443 Fredericumcrucesiguatumampliandi,oum

114 2462 278 2513 mactarent.
294 2458 379 2530 Cujus
392 2458 545 2531 precesillc
555 2457 681 2530 benigne
690 2459 844 2526 exaudivit,
858 2460 909 2517 sed
963 2461 1055 2517 fructu
1068 2459 1208 2533 spirituali
1230 2459 1259 2516 iu
1274 2460 1424 2531 Evangelii
1445 2458 1620 2527 dilatatione,
1640 2467 1670 2515 et
1687 2461 1760 2523 satis

115 2545 225 2601 monuit
239 2544 275 2600 de
290 2553 422 2605 votauon
437 2545 595 2603 differendo
608 2547 636 2602 in
651 2546 808 2605 subsidium
816 2550 909 2605 Terre
962 2549 1083 2617 faustus,
1110 2555 1224 2620 propter
1238 2547 1394 2604 humanam
1409 2547 1611 2614 conditionem,
1633 2562 1697 2619 que
1714 2555 1760 2604 est

112 2631 236 2701 ,Sancte
262 2634 318 2690 lies
343 2634 420 2690 enlm
449 2634 579 2706 urgebat.
603 2637 636 2691 lu
664 2634 709 2692 bis
737 2636 906 2708 negotiatio·
963 2637 1062 2697 militia
1074 2637 1261 2710 potiusquam
1271 2633 1396 2707 perfecta
1407 2635 1498 2706 quies,
1507 2633 1692 2706 reputandus.
1703 2634 1761 2692 Sed

116 2718 202 2776 nibus
215 2727 290 2777 totus
305 2735 397 2778 annus
409 2729 594 2793 consumptus
608 2729 661 2779 eat.
960 2725 1021 2797 jam
1047 2723 1199 2781 timebatur
1222 2737 1259 2779 ne
1278 2722 1438 2779 Damiatam
1459 2720 1611 2780 Christiani
1631 2722 1685 2778 sub
1706 2738 1763 2780 sua

151 2809 193 2864 De
219 2807 303 2866 rebus
327 2809 415 2866 ltaliae
448 2824 537 2883 pauca
571 2817 653 2867 eruut
682 2810 813 2875 dicenda.
841 2815 908 2870 lura
963 2814 1070 2871 ditione
1083 2811 1191 2885 possint
1205 2811 1337 2880 retinere,
1348 2817 1377 2867 et
1391 2808 1542 2876 Frederici,
1553 2809 1635 2881 quasi
1647 2809 1766 2871 subdoli.

116 2892 253 2950 Ecclesiae
263 2896 399 2952 Romane
414 2895 443 2952 iu
459 2894 585 2953 Sardinia
602 2897 740 2953 acerrime
754 2896 907 2955 vindicuvti
963 2900 1108 2975 principis,
1124 2899 1171 2972 qui
1182 2907 1279 2956 votum
1291 2904 1474 2955 nonstrenue
1487 2904 1718 2970 persequeretur,
1732 2906 1762 2956 et

117 2981 269 3038 Honorius.
287 2984 379 3056 Leges
394 2983 532 3055 quasdam
545 2999 561 3040 a
573 2984 799 3041 Bononiensibus
810 2987 837 3042 in
847 3001 909 3044 aca·
959 2990 1152 3063 iuramentum
1167 2986 1391 3054 oblivisceretur,
1407 2985 1503 3057 opinio
1511 2985 1607 3058 magis
1617 3000 1653 3043 ac
1664 2987 1778 3063 magia¹

116 3067 244 3135 demicos
259 3071 332 3128 latas
346 3072 512 3144 antiquavit,
528 3088 579 3146 pro
598 3075 719 3147 egregio
733 3089 785 3131 suo
798 3074 829 3131 iu
847 3090 907 3141 rem
963 3075 1164 3136 invalescebat.
1181 3077 1222 3132 De
1237 3073 1340 3148 quibus
1353 3074 1382 3131 iu
1395 3087 1472 3130 anno
1483 3072 1626 3145 sequenti.

505 3841 533 3925 Ι·
949 3828 1137 3889 'solationis
1152 3827 1255 3888 nutrit
1279 3825 1446 3897 uberibus,
1472 3827 1505 3887 et
1530 3826 1659 3888 exaltat
1682 3826 1777 3886 illos:

117 3973 168 4032 Aa
801 3972 814 4032 t
963 3925 1130 4001 praecipue
1144 3923 1349 3999 diligentiori
1365 3923 1474 3985 studio
1489 3922 1656 3991 refovens,
1673 3938 1776 3999 quos.-

197 3973 681 4146 Bertmmlgglmcffefflghff
709 3975 799 4045 Am
815 3973 909 4034 (πίσω
964 4021 1071 4096 magis
1085 4036 1153 4089 suae
1167 4020 1385 4081 recreationis
1400 4020 1506 4080 carnit
1525 4019 1645 4080 solatio
1667 4019 1761 4078 iudi·

415 4191 620 4264 arvinae»
964 4115 1777 4283 {tiiii..iiiiiiltiiitlttittti.

239 4304 465 4370 [ttsmtquaatnn.
478 4304 590 4365 cisterc,
599 4309 618 4354 t.
629 4304 671 4360 W·
682 4304 782 4369 plan]
965 4312 1037 4382 bus,
1053 4314 1243 4386 Aragouum
1256 4326 1317 4371 rex
1330 4309 1489 4378 illustris,
1504 4308 1601 4370 uobis
1616 4308 1758 4369 humili-

116 4409 232 4468 Mandat
246 4417 277 4467 ut
287 4410 436 4478 iacobum,
449 4410 617 4483 Aragonum
637 4425 747 4484 regem,
765 4419 910 4483 tamquam
965 4412 1017 4471 ter
1031 4407 1240 4485 supplicavit,
1259 4410 1294 4470 ut
1314 4407 1423 4485 ipsum
1444 4405 1506 4466 sub
1527 4406 1659 4467 alarum
1680 4420 1776 4474 uos--

151 4499 305 4570 specialem
340 4499 475 4556 Ecclesia)
504 4501 640 4557 Romanae
666 4499 754 4557 filiurn
795 4499 911 4566 babeat,
965 4509 1093 4569 irarum
1121 4504 1239 4565 umbra
1267 4504 1482 4580 dignaremur
1508 4505 1762 4580 protegerem

152 4602 246 4659 ¹¹0<l¹1e
258 4588 380 4661 patiatur
392 4595 423 4644 1¹¹
437 4601 559 4661 regnum
573 4587 637 4660 0J¹¹³
651 4587 687 4645 ⁸¹)
705 4589 799 4660 &libuli
817 4590 909 4661 impu·
967 4602 1181 4680 protectionis
1194 4602 1392 4678 spostolicae
1406 4601 1523 4677 clypeo
1534 4600 1760 4663 communire.

154 4685 268 4751 ssfletuf·
966 4703 1035 4763 Nos
1062 4700 1166 4776 igitur
1192 4699 1363 4776 preclara
1391 4697 1605 4769 devotionis,¹
1623 4697 1659 4759 et
1684 4696 1761 4757 fidei

157 4795 324 4856 Honorius
363 4795 551 4873 episcopus,
579 4811 697 4857 servus
738 4810 910 4856 servorum
966 4798 1156 4875 puritatem,
1172 4812 1271 4873 quam
1285 4795 1327 4856 ad
1341 4797 1455 4865 Deum,
1472 4794 1508 4855 et
1524 4793 1632 4870 ipsam
1649 4794 1765 4855 Eccle-

117 4892 187 4963 Dei‚
204 4893 324 4953 dilecto
338 4893 408 4955 tilio
423 4896 459 4954 B.
472 4894 562 4955 tituli
578 4895 776 4954 Sanctorum
790 4891 913 4953 Joiran·
967 4897 1051 4956 siam
1066 4894 1294 4970 progenitores
1309 4907 1386 4952 suos
1402 4891 1560 4953 babuisse
1571 4890 1761 4962 didicimus,

116 4989 170 5049 nis
191 4991 224 5049 et
239 4989 336 5049 Pauli
351 4990 543 5068 presbytero
564 4988 740 5060 cardinali,
765 4989 911 5064 Aposto-
966 4992 1161 5061 recolentes,
1179 4989 1386 5052 attendentes
1399 5002 1530 5064 quoque
1553 4987 1640 5063 quod
1668 5002 1766 5047 aum·

117 5087 191 5147 licae
216 5085 312 5146 Sedis
335 5085 454 5162 legato,
469 5087 621 5159 salutem,
636 5089 670 5148 et
694 5085 911 5163 apostolicam
966 5090 1039 5151 dem
1056 5104 1167 5164 regem
1182 5087 1316 5165 inclytae
1328 5084 1629 5147 recordationisM.
1643 5084 1765 5160 ragina

117 5183 395 5246 benedictionem.
965 5191 1156 5263 aragonum
1174 5185 1292 5247 maiar>
1308 5198 1380 5255 sua,
1403 5198 1478 5243 cum
1501 5183 1603 5253 terra,
1627 5182 1661 5244 et
1686 5181 1780 5242 aliis.

158 5280 378 5342 sacrosancta
396 5281 545 5341 Romana
568 5280 716 5342 Ecclesia
730 5282 785 5357 pia
806 5283 913 5344 mater
968 5285 1062 5346 bonis
1086 5283 1155 5345 suis
1180 5282 1288 5344 eidem
1311 5280 1464 5343 ecclesiae
1488 5279 1764 5343 commendavit:

118 5379 265 5449 devotos,
288 5377 322 5439 et
342 5376 484 5437 humiles
509 5377 595 5437 tilios
615 5393 693 5440 suos
715 5378 756 5439 ad
779 5378 912 5457 pietatis
966 5398 1069 5459 agens
1084 5380 1206 5441 dudum
1227 5379 1315 5456 apud
1337 5378 1455 5441 sedem
1479 5376 1775 5454 apostoticamin.

119 5492 188 5536 suae
199 5476 360 5552 gremium
373 5476 594 5546 recurrentes,
606 5490 671 5535 uon
683 5476 789 5537 solum
802 5477 911 5539 hono·
967 5479 1125 5542 extremis
1138 5480 1261 5541 nostrae
1280 5476 1345 5538 sibi
1367 5474 1556 5537 dilectionis
1577 5474 1769 5551 praecordia

119 5575 171 5634 rut
183 5572 401 5650 amplexibus,
417 5572 645 5635 verumetiam
661 5575 819 5636 maternae
831 5592 913 5636 con·
967 5577 1101 5652 dignum
1117 5572 1272 5635 duximus
1293 5572 1426 5649 aperire
1442 5593 1449 5631 ε
1465 5572 1631 5648 quatenus
1654 5571 1771 5650 quiin
