3774 6186
122 321 183 382 335
626 368 631 373 -
738 326 914 389 HONORII
937 328 982 388 111
1004 330 1153 392 OPERA.
1716 336 1770 399 336

122 480 234 542 carnis
245 482 407 559 ingresso,
425 483 538 545 clerici
551 486 703 548 ecclesiae
722 485 915 550 Lismoren-
971 487 1083 548 missis
1099 488 1251 551 omnibus
1266 490 1300 550 in
1316 491 1431 552 nostra
1444 493 1623 568 praesentla
1637 508 1768 570 respon·

123 578 180 650 sis,
204 580 245 640 ad
271 597 353 658 quos
375 581 493 642 electio
521 582 660 660 dejure
686 583 866 660 spectabat,
896 599 916 644 a
971 599 1083 646 surus.
1113 589 1227 648 Testes
1255 590 1379 660 autem,
1417 590 1479 650 etc.
1508 591 1584 651 Non
1620 576 1767 655 obstante

122 676 296 737 rarissimo
322 677 357 737 in
384 678 515 740 Christo
551 679 620 740 illio
658 681 808 741 nostro...
837 695 917 756 rege
971 683 1208 745 constitutione
1223 684 1363 745 concilii
1378 687 1558 761 generalis,
1576 704 1644 764 qua
1669 704 1763 751 care·

119 774 303 850 anglorum
319 775 442 838 illustri
458 776 592 838 obtenta
606 776 742 839 licentia
757 777 913 853 eligendi,
970 779 1036 850 tur,
1053 782 1184 858 nequis
1204 782 1291 844 ultra
1315 782 1398 843 duas
1422 783 1539 846 dietas
1561 787 1661 846 extra
1676 802 1761 848 suan

120 887 196 932 eum
210 873 371 934 canonice
383 890 423 935 ac
438 874 646 937 concorditer
665 875 860 950 elegissent,
877 891 916 936 ac
971 876 1141 938 dimoesim
1156 877 1197 938 ad
1209 879 1373 954 judicium
1388 881 1477 941 trabi
1493 883 1609 958 possit
1630 884 1762 954 Quodsi

120 970 327 1047 postmodum
343 972 500 1048 praedicto
523 988 602 1048 rege
628 972 734 1049 ipsius
760 974 914 1034 electioni
972 988 1038 1034 non
1054 990 1182 1045 omnes,
1198 978 1261 1036 etc.

119 1083 292 1128 assensum
304 1068 494 1130 benivolum
510 1070 916 1146 impendentevenerabi-
1011 1073 1128 1132 Datum
1145 1073 1296 1146 Viterbii,
1315 1075 1449 1136 ulidus
1468 1075 1673 1148 novembris,
1683 1094 1760 1155 pon·

119 1163 162 1225 lis
172 1165 274 1228 frater
288 1169 436 1228 noster...
452 1167 670 1228 cassellensis
683 1169 914 1250 archiepisco·
970 1168 1115 1230 tilloatus
1131 1170 1235 1231 nostri
1249 1186 1337 1232 anno
1355 1176 1485 1248 quarto.

28 1328 31 1343 ‚
120 1278 193 1338 pus,
210 1263 485 1340 metropolitanus
498 1264 574 1334 loci,
586 1264 642 1340 qni
655 1267 735 1326 tunc
753 1265 787 1325 in
795 1266 915 1341 Anglia

119 1375 179 1437 pro
193 1359 342 1421 ecclesia
355 1376 424 1421 suaa
440 1360 582 1437 negotiis
596 1362 798 1434 morabatur,
810 1362 915 1439 ipsius
1313 1321 1422 1410 XLH

119 1457 315 1519 electionem
330 1458 542 1529 confirmans,
555 1474 675 1519 munus
689 1459 916 1520 consecratio-
969 1444 1021 1503 Ad
1037 1445 1320 1520 arclnepiscopos,
1339 1451 1514 1521 episcopos
1533 1449 1567 1509 el
1587 1451 1758 1511 “divellitis

119 1555 172 1615 nis
194 1553 409 1631 impendisset
423 1554 541 1622 eidem,
559 1555 645 1615 idem
656 1556 914 1632 episcopuscum
1163 1546 1387 1605 ecclesiarum
1400 1545 1577 1617 Pfa'lalos·

119 1651 352 1729 praedictorum
364 1651 454 1728 regis
472 1653 506 1714 et
528 1652 770 1730 archiepiscopi
794 1653 914 1715 litteris
1264 1657 1295 1713 ll
1310 1671 1377 1715 nov.
1392 1659 1472 1715 falti.

117 1750 159 1811 ad
197 1766 293 1810 suum
326 1749 551 1828 episcopatum
587 1753 768 1822 revertens,
808 1751 915 1828 ipsius
1078 1759 1348 1824 [lingonensem
1364 1763 1427 1828 dipl.
1444 1764 1464 1821 1,
1481 1764 1574 1821 taam,
1594 1763 1662 1828 tta]

117 1848 250 1925 plenam
269 1848 513 1925 possessionem
537 1851 605 1910 tam
626 1848 661 1909 in
676 1848 914 1926 temporalibus
969 1857 1085 1915 Mandat
1103 1867 1134 1916 ut
1151 1857 1253 1917 fratres
1267 1861 1376 1919 ordinis
1389 1862 1614 1920 praedicatorum
1629 1865 1759 1922 benevole

120 1962 218 2023 quam
235 1946 269 2006 in
286 1945 517 2022 spiritualibus
539 1947 590 2010 est
611 1946 760 2023 adeptus.
777 1948 914 2007 Demurn
1005 1947 1159 2019 recipiant;
1176 1949 1240 2006 illos
1254 1958 1350 2007 autem
1367 1951 1414 2022 qui
1431 1960 1547 2026 propter
1568 1955 1680 2012 tucrum
1700 1971 1759 2028 pre

117 2059 198 2105 vero
214 2042 351 2119 praefato
366 2044 520 2120 episcopo
530 2044 741 2120 episcopatus
751 2044 802 2104 sui
816 2044 914 2120 plena
1006 2033 1110 2104 dicent,
1126 2037 1257 2108 puniant.

118 2141 328 2221 possessione
362 2142 538 2217 gaudente,
569 2143 607 2203 lt.
631 2141 914 2203 waterfordensis
1008 2143 1193 2216 Honorius,
1221 2147 1297 2218 etc„
1328 2147 1576 2210 venerabilibus
1592 2151 1760 2214 fratribus

119 2239 306 2314 episcopus,
332 2239 559 2315 contraquam
577 2237 672 2299 bonae
696 2239 864 2300 memorias
887 2240 912 2300 l.
968 2239 1762 2321 archiepiscopis,episcopisetdileotistlliisuni·

118 2350 204 2412 papa
219 2336 443 2412 praedecessor
455 2339 577 2408 noster,
589 2339 737 2412 tempore
747 2336 914 2412 generalis
968 2337 1074 2397 versis
1090 2337 1305 2400 ecelesiarum
1322 2341 1470 2417 praelatis
1485 2343 1525 2403 ad
1549 2360 1634 2420 quos
1648 2345 1760 2407 littera

119 2432 271 2504 concilii,
286 2449 359 2493 cum
375 2431 438 2492 sibi
456 2449 515 2509 per
540 2432 867 2510 archiepiscoporum
882 2434 915 2495 et
968 2433 1040 2494 istae
1051 2436 1275 2509 pervenerint,
1286 2437 1427 2499 salutem
1442 2441 1475 2500 et
1487 2442 1762 2516 apostolicamhe

118 2529 349 2607 episcoporum
366 2529 533 2591 Hiberniae
550 2532 765 2592 assertionem
782 2533 915 2593 consta-
968 2530 1202 2593 nedictionem.

119 2629 183 2697 ret,
200 2628 425 2705 episcopatum
441 2628 547 2704 ipsum
563 2626 731 2688 abeodem
760 2629 914 2705 episcopo
1009 2629 1088 2689 Cum
1113 2629 1170 2706 qui
1183 2632 1348 2708 receperit
1363 2634 1572 2711 prophetam,
1584 2636 1622 2697 in
1635 2638 1761 2698 nomine

120 2739 182 2801 per
202 2725 395 2786 violentiam
421 2724 573 2796 detineri,
598 2724 806 2786 diffinitivam
831 2742 913 2786 sen·
969 2726 1763 2811 prophetae,mercedempropnetaeacciplat‚nni-

28 2862 32 2871 -
119 2822 256 2883 tentiam
276 2822 512 2899 promulgarat,
525 2823 631 2883 eidem
647 2840 748 2900 super
762 2823 825 2884 boc
838 2840 915 2900 per·
969 2823 1119 2884 versitati
1129 2827 1249 2886 vestrae
1262 2827 1353 2888 viros
1368 2829 1604 2904 praedicatores
1617 2833 1762 2894 ecclesia

119 2922 255 2996 potuum
277 2919 446 2982 silentium
465 2920 675 2996 imponendo,
690 2921 731 2981 de
750 2922 913 2983 sententia
970 2921 1094 2981 sanctae
1110 2924 1390 2996 pernecessarios,
1407 2942 1465 3001 pro
1485 2928 1628 3005 eoquod
1650 2930 1765 2990 minis-

121 3016 196 3094 ipsa
222 3033 289 3080 non
318 3018 443 3080 faciens
469 3018 681 3090 mentionem,
711 3033 730 3078 a
756 3019 913 3095 praedicto
969 3019 1059 3079 trant
1073 3017 1229 3095 pabulum
1244 3020 1765 3094 verbiDei,meritocommenda·

118 3135 199 3197 rege
241 3134 302 3195 per
338 3117 596 3194 subreptionem,
632 3133 732 3193 super
774 3118 913 3179 restitu-
969 3106 1054 3186 mua,
1066 3118 1101 3175 ut
1113 3130 1155 3175 ex
1170 3115 1233 3177 ltoc
1246 3117 1430 3179 mercedem
1441 3120 1535 3181 vobis
1552 3122 1764 3199 incompara-

117 3219 208 3281 tione
236 3215 301 3276 sibi
327 3215 491 3286 facienda,
509 3231 549 3277 eo
576 3216 739 3292 praetextu
759 3213 914 3276 videlicet
969 3210 1069 3272 bilem
1099 3215 1309 3289 comparetis.
1335 3216 1421 3277 Hinc
1443 3218 1495 3279 est
1520 3219 1608 3294 quod
1631 3220 1766 3282 dilectos

119 3314 205 3393 quod
230 3313 455 3390 episcopatum
478 3313 587 3389 ipsum
610 3312 702 3389 prius
727 3312 915 3375 detinuerat
970 3307 1056 3368 filios
1092 3307 1211 3370 fratres
1245 3311 1373 3372 ordinis
1410 3314 1689 3389 Praedicatorum,
1713 3318 1766 3394 qui

118 3414 327 3489 occupatum,
362 3409 521 3487 quasdam
547 3410 678 3471 litteras
711 3410 912 3486 impetravit,
968 3408 1196 3482 paupertatem
1220 3410 1253 3468 et
1277 3408 1381 3470 vitam
1404 3411 1593 3485 regularem
1623 3413 1764 3489 professi

118 3525 259 3590 quarum
292 3509 467 3570 occasione
504 3508 592 3569 idem
632 3507 913 3568 waterfordensis
967 3500 1060 3561 verbi
1076 3501 1135 3563 Dei
1154 3504 1517 3580 suntevangelizationi
1535 3509 1687 3571 totaliter
1702 3510 1762 3570 de·

118 3608 313 3688 praedictum
347 3607 591 3668 Lismorensem
626 3603 818 3682 episcopatu
853 3622 912 3668 suo
968 3599 1084 3675 putati,
1100 3599 1194 3661 vobis
1210 3600 1365 3662 duximus
1381 3603 1581 3681 propensius
1595 3620 1765 3667 commen-

118 3723 179 3786 per
192 3706 344 3767 laicalem
368 3705 447 3766 lecit
468 3703 660 3781 potentiam,
690 3704 913 3780 praetermisso
968 3695 1105 3758 dandos.
1127 3697 1384 3761 Universitatem
1396 3704 1543 3762 vestram
1561 3706 1720 3778 rogantes
1736 3707 1785 3766 et

115 3805 204 3884 juris
237 3802 365 3874 ordine,
391 3802 544 3880 spoliari,
571 3804 606 3864 et
632 3803 747 3864 contra
762 3802 912 3879 jamdicti
968 3792 1138 3855 hortantes
1150 3795 1624 3875 attentiusacperapostoltca
1639 3801 1765 3878 scripta

59 3949 64 3958 .
118 3901 374 3980 praedecessoris
408 3899 514 3961 nostri
556 3900 753 3961 sententiam
787 3902 912 3961 temere
968 3892 1062 3953 vobis
1077 3893 1283 3966 mandantes,
1303 3898 1466 3973 quatenus
1482 3913 1583 3974 quum
1600 3897 1641 3958 ad
1656 3902 1766 3975 partos

118 3999 268 4071 veniens,
282 3999 507 4077 episcopatum
532 3997 640 4074 ipsum
660 3997 783 4059 detinet
808 4013 912 4058 occu·
967 3993 1097 4051 rostras
1113 3993 1317 4054 accesserint
1330 3993 1371 4053 ad
1388 3994 1592 4069 praedicandi
1607 3995 1767 4068 officium,

118 4100 243 4175 patum,
263 4112 330 4157 non
355 4096 427 4157 sine
448 4095 645 4172 apostolicae
671 4094 765 4155 Sedis
789 4095 913 4173 injuria
968 4087 1009 4147 ad
1025 4088 1109 4164 quod
1126 4089 1273 4167 deputati
1288 4093 1375 4160 sunt,
1398 4090 1573 4152 caritative
1595 4093 1767 4170 recipiatis

119 4198 152 4256 et
167 4194 388 4255 Lismorensis
403 4192 555 4253 ecclesiae
570 4192 718 4253 laesione.
736 4193 818 4263 Quia
834 4207 913 4252 vero
969 4185 1112 4258 eosdem,
1137 4190 1171 4250 et
1189 4189 1328 4264 populos
1351 4187 1446 4248 vobis
1460 4189 1658 4250 commissos
1674 4193 1712 4253 ut
1725 4206 1767 4252 ex

118 4294 220 4353 tantae
232 4290 429 4353 temeritatis
443 4305 615 4351 excessum
624 4289 915 4365 relinquerenolu-
969 4298 1026 4344 ore
1039 4283 1186 4360 ipsorum
1202 4284 1294 4345 verbi
1310 4285 1370 4346 Dei
1386 4301 1498 4347 semen
1516 4287 1636 4348 devote
1656 4288 1766 4348 susci·

119 4405 193 4450 mus
219 4368 456 4460 incoriecnm,
485 4386 679 4447 discretioni
705 4387 824 4446 vestrae
855 4401 914 4463 per
968 4380 1076 4457 piant,
1101 4381 1216 4442 sedulo
1240 4383 1476 4454 admonentes,
1507 4399 1569 4460 pro
1594 4383 1708 4445 divina
1737 4387 1767 4446 et

119 4484 310 4562 apostolica
331 4483 455 4561 scripta
468 4483 677 4553 mandamus,
692 4482 868 4559 quatenus,
885 4482 914 4543 si
969 4480 1082 4540 nostra
1099 4480 1290 4541 reverentia
1304 4480 1338 4543 in
1354 4480 1424 4541 suis
1442 4481 1491 4541 eis
1510 4481 1767 4544 necessitatibus

119 4585 172 4644 est
183 4583 242 4654 ita,
264 4585 424 4644 remotus
447 4580 586 4658 praefato
610 4580 805 4657 episcopatu
826 4595 912 4658 quo·
969 4575 1113 4637 fideliter
1137 4577 1317 4648 assistatis,
1348 4580 1511 4654 quatenus
1539 4577 1581 4639 ad
1608 4579 1767 4656 praedicta

118 4680 200 4744 libet
212 4664 329 4742 illicito
343 4679 524 4749 detentore,
542 4677 651 4755 ipsum
666 4694 740 4738 cum
753 4676 914 4739 fructibus
970 4673 1181 4750 suscipienda
1202 4675 1324 4736 vestris
1344 4675 1633 4737 exhortationibus
1654 4675 1766 4753 populi

117 4778 195 4840 inde
210 4775 375 4854 perceptis
388 4775 574 4838 restituatis
597 4774 735 4852 praefato
758 4775 914 4852 episcopo
970 4771 1149 4848 praeparati
1161 4775 1318 4849 tanqtmm
1334 4771 1420 4833 bona
1433 4774 1466 4833 et
1478 4771 1650 4834 fructifera
1663 4774 1765 4845 terra,

119 4875 335 4946 Lismorensi,
363 4877 396 4936 et
424 4873 555 4935 faciatis
592 4872 743 4934 eumdem
775 4872 914 4950 pacifica
969 4883 1029 4945 pro
1053 4868 1208 4930 vitiorum
1231 4868 1363 4930 tribulis
1384 4869 1548 4945 incipiant
1561 4872 1677 4932 semen'
1691 4886 1768 4947 ger-

119 4973 226 5048 ipsius
244 4971 455 5048 possessione
471 4971 628 5048 gaudere,
655 4970 914 5032 contradictores
970 4966 1100 5027 minare
1111 4965 1271 5028 virtutum
1281 4965 1528 5028 etdictifratras
1536 4983 1770 5045 percoopera-

120 5082 373 5148 percensuram
395 5067 668 5139 ecclesiasticam,
691 5064 915 5144 appellatione
969 5062 1095 5126 donem
1114 5067 1260 5126 vennam
1275 5063 1421 5140 suscepti
1439 5063 1618 5126 ministerii
1633 5081 1767 5127 cursum
1783 5068 1789 5081 '

120 5165 316 5244 postposita,
337 5163 586 5241 compascendo.
617 5166 655 5227 tat
678 5179 720 5226 ne
738 5163 916 5240 seperatus
970 5159 1101 5222 felicius
1113 5161 1351 5234 consumendo,
1367 5161 1516 5238 optatum
1533 5163 1767 5239 reportentsui

120 5260 403 5325 Watemordensis
429 5260 470 5322 de
503 5261 759 5338 praesumptione
791 5260 914 5338 hujus·
970 5258 1095 5320 laboris
1110 5257 1252 5321 fructum
1267 5261 1302 5321 et
1323 5259 1432 5329 tinem,
1450 5259 1591 5321 salutem
1613 5260 1768 5322 videlicet

120 5361 209 5423 modi
235 5358 443 5421 commodum
471 5374 508 5419 se
540 5357 683 5434 gaudeat
712 5360 913 5435 reportasse,
971 5356 1169 5417 animarum.
1187 5357 1270 5428 Quia
1280 5372 1360 5418 rero
1375 5371 1464 5433 saepe
1475 5355 1557 5417 vitia
1573 5355 1635 5417 sub
1658 5357 1768 5434 specie

120 5459 185 5535 ipsi
214 5457 413 5519 auctoritate
443 5454 631 5532 apostolica
662 5455 856 5532 injungatis,
881 5457 917 5516 ut
971 5456 1131 5514 virtutum
1146 5454 1275 5516 occulte
1290 5453 1478 5515 subintrant
1492 5454 1525 5515 et
1546 5454 1687 5530 angelus
1703 5456 1767 5516 Sa-

121 5556 209 5619 inira
224 5555 351 5617 certum
363 5557 494 5631 tempus
518 5552 754 5631 praefigendum
780 5570 798 5614 a
822 5553 916 5614 vobis
969 5551 1057 5612 tanae
1072 5550 1108 5610 in
1123 5552 1278 5627 angelum
1299 5551 1383 5612 lucis
1398 5551 1594 5630 plerumque
1614 5552 1768 5614 simulate

121 5654 235 5716 nostro
248 5651 918 5730 seconspectuirepraesentet,superprae·
970 5666 1008 5711 se
1016 5650 1241 5721 transformat,
1249 5648 1463 5727 praesentium
1471 5648 1769 5712 vobisauotoritate

1647 5980 1683 6011 Q
