3774 6186
1647 286 1797 384 ise¹

51 317 114 379 lto
144 375 147 381 ,
672 320 901 381 larissensi.
926 320 1003 381 LIB.
1026 321 1084 395 111,

48 480 212 556 errantum
237 481 286 541 eis
306 479 407 541 tuerit
425 478 466 540 de
490 479 612 556 prioris
636 479 852 541 concessione
907 480 1707 559 seuquibuslibetvexationibuslatigare,sodom-

49 578 266 655 permissum,
278 577 336 639 sed
347 593 408 639 nec
421 579 584 647 coniversi,
596 594 696 654 quum
711 593 768 638 eos
779 594 855 638 mu·
908 579 964 640 nia
974 582 1103 656 integre
1114 584 1354 641 conserventur
1362 596 1557 658 eorum,pro
1564 598 1704 658 quorum

50 674 120 733 tari
150 673 336 748 contigerit,
353 672 478 749 aliquid
506 688 618 734 secum
644 673 752 735 lerant
781 673 853 733 sine
907 678 1147 753 gubernatione
1161 679 1193 739 et
1203 679 1444 740 sustentatione
1456 694 1615 740 concessa
1628 682 1707 743 sunt

50 771 179 846 prioris
193 769 327 831 licentia
343 770 492 846 speciali.
510 772 597 831 Sane
608 768 761 831 laborum
771 785 853 831 ves·
909 775 1022 836 usibus
1049 775 1248 836 omnimodis
1273 775 1456 850 protutura,
1485 777 1579 838 salva
1608 778 1705 838 Sedis

50 872 184 928 trorum
207 883 289 944 quos
312 867 399 929 infra
427 869 531 929 metas
555 869 686 928 vescas
709 866 853 943 propriis
908 871 1105 949 apostelicae
1119 871 1328 932 auctoritate.
1348 873 1383 931 Si
1398 888 1463 948 qua
1478 872 1580 948 igitur
1593 873 1627 933 in
1645 873 1703 934 lu-

52 964 222 1033 minibus.
248 965 307 1027 nui
331 963 517 1040 sumptibus
542 964 653 1025 colitis
681 963 721 1025 de
755 963 854 1025 terris
908 973 1018 1032 turum
1049 968 1277 1030 ecclesiastica
1312 969 1528 1031 saecularisve
1562 984 1705 1046 persona
1744 964 1751 971 ”

52 1061 180 1123 habitis
196 1063 274 1123 aute
293 1061 477 1122 concilium
489 1063 656 1137 generale,
672 1077 801 1123 necnon
813 1061 859 1120 de
909 1069 995 1128 hanc
1020 1067 1143 1127 nostrae
1158 1065 1405 1127 constitutionis
1421 1067 1579 1142 paginam
1595 1068 1706 1128 sciens

53 1159 235 1220 novalibus
255 1159 366 1220 nullus
387 1175 406 1220 a
425 1158 518 1220 robis
538 1158 682 1219 decimas
701 1160 852 1234 exigere,
909 1167 1024 1226 contra
1051 1178 1125 1224 anm
1149 1164 1274 1224 temere
1298 1164 1416 1224 venire
1441 1165 1630 1236 tentaverit,
1651 1181 1710 1225 se-

51 1259 115 1318 aut
132 1259 330 1335 extorquere
344 1258 533 1333 praesumat
553 1257 857 1319 Proconsecratio-
909 1263 1016 1323 cundo
1052 1261 1193 1323 tertiove
1230 1261 1449 1332 commonita,
1481 1261 1547 1325 nisi
1578 1264 1707 1323 reatum

53 1354 246 1416 nibuavero
258 1354 415 1417 altarium
432 1354 482 1417 vel
498 1354 728 1425 ecclesiarum,
744 1355 778 1415 et
794 1369 854 1415 or·
909 1376 1005 1419 sumn
1020 1374 1167 1435 congrua
1186 1359 1414 1421 satisfactione
1435 1359 1632 1431 correxerit,
1646 1375 1708 1437 po-

54 1450 284 1513 diuatiooibus
324 1451 541 1523 elericorum,
578 1452 650 1512 sive
687 1467 747 1527 pro
780 1451 855 1517 oleo
910 1457 1037 1517 testatis
1072 1456 1274 1533 honorisque
1305 1457 1358 1516 sui
1389 1457 1550 1532 dignitate
1580 1458 1705 1527 careat,

55 1550 246 1619 sanemus}
259 1549 856 1626 quolibetecclesiasticosacrainento
909 1570 1066 1631 reamque
1081 1570 1116 1615 se
1133 1555 1246 1616 divino
1256 1555 1385 1632 judicio
1404 1553 1548 1615 existere
1568 1555 1609 1614 de
1629 1568 1711 1630 per·

55 1647 170 1709 nullus
185 1663 204 1708 a
220 1646 386 1708 vohissub
400 1646 535 1709 obtentu
549 1646 693 1724 alicujus
712 1662 857 1711 cousus·
911 1655 1039 1729 patrata
1068 1651 1241 1729 iniquitate
1265 1653 1462 1726 cognoscat,
1485 1651 1519 1712 et
1547 1666 1567 1712 a
1593 1665 1709 1712 sacra-

54 1744 195 1816 tudinis,
229 1744 283 1806 vel
317 1745 384 1806 alio
410 1745 508 1806 modo
534 1744 712 1820 quidquam
733 1744 857 1805 audeat
911 1750 1041 1811 tissime
1067 1764 1206 1825 corpore
1228 1750 1260 1810 et
1281 1749 1444 1823 sanguine
1472 1747 1544 1818 Dei,
1572 1760 1611 1808 ac
1636 1750 1707 1808 he·

54 1842 268 1919 extorquere,
286 1842 343 1903 sed
363 1842 436 1903 haec
457 1842 570 1904 omnia
593 1843 698 1917 gratis
716 1841 809 1905 vobis
835 1856 857 1905 a
911 1848 991 1907 mini
1004 1847 1231 1922 Redemptoris
1247 1845 1352 1906 nostri
1364 1848 1444 1907 Jesu
1458 1844 1580 1905 Christi
1596 1845 1707 1905 aliena

54 1939 257 2002 dioecesanis
270 1940 435 2017 episcopis
448 1940 692 2016 impendantur,
705 1940 855 2017 alioquin
911 1945 978 2015 liat,
1008 1944 1107 2020 atque
1139 1943 1173 2003 in
1211 1942 1336 2003 aeterno
1367 1942 1520 2003 examine
1549 1941 1708 2003 districtas

53 2036 518 2114 liceatuobisquemcumque
539 2037 743 2099 catholicum
762 2037 856 2098 adire
911 2041 1081 2118 subjaceat
1115 2038 1252 2115 ultioni;
1287 2039 1415 2102 cunctis
1451 2040 1561 2100 autem
1601 2039 1708 2099 eidem

55 2136 252 2206 antistitem,
285 2135 425 2210 gratiam
462 2136 560 2212 atque
591 2135 854 2196 communionem
911 2139 1036 2199 domini
1065 2141 1142 2215 jura
1179 2136 1387 2198 servantibus
1414 2137 1451 2198 lit
1480 2153 1547 2214 pax
1577 2137 1708 2197 Domini

56 2231 367 2308 apostolicaesedis
383 2229 569 2302 habentem,
586 2233 641 2307 qui
656 2232 768 2292 nostra
784 2230 854 2292 ire·
911 2237 1016 2297 nostri
1034 2239 1115 2299 Jesu
1129 2235 1263 2306 Christi,
1278 2239 1440 2313 qrratenus
1451 2236 1483 2296 et
1497 2234 1551 2295 hic
1567 2234 1708 2296 fructum

56 2332 113 2390 tus
135 2328 335 2391 auctoritate
358 2328 454 2389 robis
478 2328 564 2406 quod
581 2327 769 2406 postulatur
788 2328 855 2389 im·
911 2334 1005 2394 bonae
1021 2331 1707 2410 actionispercipiant,etapuddistrictum
1799 2370 1806 2383 ι
1859 2386 1870 2393 .

57 2426 190 2503 pendat.
206 2429 311 2487 Porro
326 2426 356 2486 si
375 2426 533 2502 episcopi,
550 2425 601 2486 rel
617 2424 674 2486 alii
691 2424 855 2486 ecclesia·
907 2431 1053 2506 judicem
1078 2431 1217 2507 praemia
1242 2432 1375 2492 aeterua
1401 2430 1493 2506 pacis
1517 2428 1702 2490 inveniant.

57 2540 133 2585 raim
148 2525 294 2585 rectores
308 2524 342 2584 in
353 2522 511 2585 ecclesias
522 2526 662 2594 uestras,
678 2522 730 2583 vel
746 2535 859 2599 perso*
911 2533 1026 2590 Amen.
1689 2518 1692 2532 ’

57 2639 120 2682 nas
135 2619 217 2682 inibi
232 2621 428 2683 constitutas
442 2620 855 2682 excommunicationisrel
950 2628 1068 2687 Datum
1094 2622 1247 2687 Laterani
1274 2640 1333 2702 per
1365 2638 1499 2684 manum
1535 2624 1706 2700 Rapmerii,
1752 2602 1757 2613 ⁸

59 2719 441 2780 interdictisententiam
466 2718 761 2793 promulgaverint,
785 2718 856 2777 sire
912 2723 1034 2785 sanctae
1050 2726 1209 2785 Romanas
1236 2722 1393 2783 Ecclesia
1416 2720 1705 2793 vicecancellarii,

58 2819 158 2879 etiam
181 2817 216 2877 in
232 2816 457 2877 mercenarios
480 2818 608 2876 vestros
628 2826 687 2892 pro
702 2832 753 2882 eo,
770 2815 855 2891 quod
911 2821 1066 2883 kalendis
1088 2821 1211 2891 martii,
1227 2820 1407 2881 indictione
1427 2819 1577 2896 septima,
1591 2820 1708 2880 Incar-

58 2917 146 2977 8i0ni
163 2915 289 2976 dictum
308 2915 370 2984 nsi,
393 2913 539 2974 decimas
558 2928 624 2974 non
646 2913 854 2989 persolvitis,
912 2919 1055 2981 nationis
1071 2918 1252 2980 Dominicae
1272 2932 1360 2978 anno
1381 2916 1559 2978 millesimo
1584 2914 1710 2977 ducen-

58 3028 118 3075 aen
141 3013 257 3089 aliqua
284 3012 461 3073 occasione
481 3011 627 3081 illoram,
655 3026 729 3086 quas
753 3026 773 3070 a
796 3009 858 3070 be·
911 3016 1029 3077 tesime
1050 3015 1178 3076 decimo
1203 3028 1302 3085 nono,
1317 3013 1528 3091 pontificatus
1546 3028 1627 3075 vero
1645 3012 1707 3074 do·
1804 3076 1814 3087 ,

58 3110 224 3185 nignitate
239 3109 333 3170 vobis
343 3108 533 3184 apostolica
548 3110 626 3169 sunt
642 3107 782 3178 indulta,
798 3123 857 3168 seu
912 3112 996 3174 mini
1008 3113 1146 3174 Honorii
1161 3126 1253 3189 papae
1266 3110 1356 3173 tertii
1370 3126 1458 3173 anno
1474 3109 1584 3172 tertio.

58 3206 289 3268 mercatores
327 3209 454 3267 vestros
486 3220 545 3282 pro
568 3220 629 3276 eo,
655 3205 740 3282 quod
762 3203 856 3265 robis
1323 3263 1334 3287 ⁷

58 3306 172 3383 aliqua
197 3304 358 3365 beneficia
381 3303 435 3364 rel
463 3301 620 3380 obsequia
637 3318 680 3363 ex
694 3302 856 3364 charitate
1202 3263 1415 3348 CXXXVII

59 3401 288 3478 prmstiterint,
303 3402 356 3462 vel
372 3401 414 3461 ad
432 3400 649 3461 laborandum
668 3399 858 3477 adiecerint
932 3390 983 3450 Ad
1004 3386 1261 3463 Matdsstimtlm
1277 3387 1435 3447 relictum
1458 3387 1682 3460 immtaivl‘it

1044 3484 1412 3559 constantinopolitani
1426 3487 1578 3544 ciducm.

1209 3598 1317 3655 lmnrs
1330 3598 1410 3655 1119.

1059 3695 1152 3761 [Fciam
1166 3693 1249 3744 Codex
1263 3695 1380 3758 diplom„
1394 3692 1439 3752 111,
1454 3709 1473 3750 ι,
1483 3692 1551 3757 aaa]

912 3796 1007 3867 ipsam
1022 3792 1057 3851 ad
1075 3807 1176 3866 preces
1194 3791 1317 3849 Andreae
1341 3792 1420 3865 regis
1441 3792 1596 3866 hungaria
1618 3802 1711 3867 prete·

1186 3880 1311 3954 geodm
1321 3881 1450 3952 suscipit.

952 3981 1040 4041 Idem
1072 3981 1240 4041 Honorius
1273 3979 1530 4054 Margaritham,
1557 3981 1709 4043 relictam

912 4078 1124 4154 imperatoris
1140 4075 1424 4152 Constantinopoli
1437 4077 1570 4138 viduam
1583 4077 1623 4138 ad
1637 4094 1710 4155 pre·

913 4192 968 4236 ces
996 4175 1137 4235 andrea
1167 4175 1255 4248 regis
1284 4173 1464 4248 Hungariae
1492 4174 1553 4234 suh
1579 4179 1710 4252 protec-

58 3501 94 3560 io
110 3499 178 3560 illis
190 3498 307 3559 diebus
320 3499 354 3558 in
367 3497 487 3575 quihus
500 3513 560 3558 vos
570 3497 740 3565 laboratis,
753 3498 788 3559 et
797 3497 856 3558 aiii

58 3595 238 3668 feriantur,
252 3597 329 3665 etc,
345 3595 555 3655 decerminus
567 3594 741 3655 irritanda.

101 3697 190 3755 Sane
203 3709 278 3754 cum
293 3693 385 3752 locus
397 3694 508 3753 vester
525 3692 623 3766 longe
637 3692 681 3754 sit
693 3692 734 3753 ab
748 3691 858 3753 homi·

59 3807 140 3852 num
182 3789 387 3851 habitatione
414 3790 579 3859 remotus,
611 3788 705 3849 robis
734 3789 857 3866 pagina

59 3889 218 3966 presenti
229 3888 450 3957 concedimus,
461 3888 578 3948 utcum
589 3887 746 3961 generale
757 3887 856 3947 terra

59 3986 163 4046 tuerit
188 3985 414 4055 interdictum,
427 3984 528 4045 liceat
544 3983 637 4044 vebis
652 3984 751 4043 unius
767 3999 858 4043 cam-

60 4098 158 4160 panae
179 4083 366 4160 pulsatione
381 4080 503 4142 iratres
522 4081 650 4142 vestros
663 4081 857 4156 competen-

58 4181 150 4241 tibus
170 4179 262 4240 horis
279 4179 320 4240 de
334 4177 504 4240 laboribus
519 4179 559 4238 ad
580 4177 755 4239 ecclesiam
776 4193 858 4238 cen-

58 4293 194 4339 rocare.
219 4279 288 4339 iloc
306 4280 429 4347 autem,
443 4277 476 4337 et
496 4278 531 4337 in
549 4276 627 4336 aliis
641 4276 723 4337 locis
737 4275 857 4336 restris

60 4374 274 4437 concedimus
297 4375 488 4445 observari,
513 4389 628 4450 quaea
655 4372 855 4445 civitatibus,

60 4474 181 4536 castris
201 4488 242 4534 ac
261 4472 347 4533 vicis
370 4470 454 4532 adeo
470 4474 681 4547 separantur,
702 4472 739 4531 ut
759 4470 857 4531 ineis

59 4586 164 4631 sonus
188 4584 358 4645 campanae
382 4569 503 4629 restrae
524 4569 661 4629 minime
683 4569 855 4641 audiaturr

59 4669 102 4728 ad
117 4669 190 4729 haec
201 4666 354 4729 omnibus
366 4666 515 4741 regulam
528 4669 672 4727 vestram
688 4667 857 4727 servanti-

60 4767 136 4836 bus,
154 4764 301 4826 laborem
326 4763 400 4825 leco
421 4763 635 4839 penitentias,
652 4765 686 4824 et
703 4766 859 4839 peccato-

58 4880 137 4925 rum
166 4877 301 4923 snorum
326 4861 523 4923 remissione
538 4861 745 4937 injungimus
760 4876 857 4937 quem

60 4964 97 5023 in
113 4963 186 5037 ipsa
202 4959 413 5020 obseruantia
437 4959 617 5034 patiuntur.
632 4957 734 5018 Vobis
747 4960 857 5019 autem

913 4275 1002 4334 lione
1037 4272 1131 4333 Sedis
1169 4271 1366 4348 Apostolicae
1401 4272 1550 4349 suscipit.
1590 4275 1707 4335 Datum

914 4370 1069 4431 Laterani
1089 4369 1157 4430 kal.
1174 4369 1297 4440 martii,
1320 4384 1410 4430 anno
1428 4370 1539 4431 tertie.
1555 4368 1707 4448 (Honos,

913 4468 969 4528 lib.
985 4470 1041 4539 ΙΙΙ,
1058 4467 1081 4528 1.
1098 4482 1201 4528 uxv11.
1218 4468 1360 4538 lintona,
1376 4470 1401 4529 t.
1418 4466 1473 4545 V.)

933 4745 984 4805 Ad
997 4745 1271 4816 arciriepiscopos
1286 4743 1319 4803 el
1335 4747 1508 4816 episcopos
1526 4747 1564 4803 in
1583 4757 1689 4819 reparo

1116 4844 1277 4901 Franclae
1289 4838 1502 4900 constitutor.

1205 4953 1222 5009 i
1236 4959 1320 5009 mart.
1334 4952 1412 5009 1119.

61 5056 418 5134 tirmiterinjnngimus
433 5056 469 5116 ut
482 5056 555 5118 sitis
568 5055 714 5116 conteuti
726 5056 858 5117 statutis
928 5060 1052 5123 illust..
1063 5059 1109 5111 ιιι.
1122 5059 1167 5113 ιιι,
1180 5059 1255 5122 spise
1268 5058 1324 5108 aio.
1335 5059 1393 5108 hs.
1407 5060 1443 5111 ha
1455 5059 1532 5109 eoru
1548 5060 1583 5110 uu
1598 5060 1692 5125 anain]

59 5157 188 5233 regulas
199 5153 784 5231 nostwethocprivilegiotantnm,
797 5168 857 5215 noa
913 5158 1032 5216 Mandat
1048 5165 1079 5214 ut
1099 5157 1250 5231 assignent
1273 5156 1347 5214 hena
1371 5156 1486 5215 mobilia
1506 5165 1535 5215 et
1551 5158 1706 5216 immobilia

58 5256 152 5316 enim
173 5252 241 5315 alia
261 5250 450 5329 privilegia,
467 5251 538 5312 sire
551 5250 777 5325 indulgentias
796 5251 853 5313 de-
947 5260 1013 5319 cus
1042 5245 1171 5309 obtinent
1196 5246 1277 5305 cella
1302 5245 1575 5309 Grandimontenses
1607 5256 1707 5305 eontra

59 5352 231 5415 cernimus
252 5364 320 5411 non
342 5351 468 5410 tenere.
482 5347 698 5408 Decernimns
710 5363 806 5424 ergo,
823 5348 858 5408 ut
947 5333 1127 5408 ejusordiuls
1142 5335 1279 5392 inaurata.

60 5450 148 5515 uuili
163 5446 484 5511 omninohominum
500 5445 859 5522 liceatpraelatamdo-
951 5443 1131 5513 Horrorius,
1165 5445 1241 5513 etc..
1266 5442 1512 5504 venerabilibus
1549 5442 1707 5505 iratribus

59 5564 152 5611 mum
164 5550 291 5608 emere
303 5542 508 5620 perturbare,
522 5545 581 5604 aut
593 5545 666 5619 ejus
679 5543 858 5620 possessio·
912 5540 1175 5618 archiepiscopis
1212 5544 1246 5602 et
1275 5540 1441 5617 episcopis
1472 5556 1534 5617 per
1568 5557 1707 5617 regnum

60 5661 124 5708 nes
147 5643 293 5712 aulone.
312 5640 364 5702 rel
381 5639 507 5703 ablatas
523 5640 680 5707 retinere,
693 5641 856 5721 minuere,
914 5639 1063 5701 Francia
1085 5637 1285 5699 constitutis.
