3774 6186
210 230 269 298 699
826 228 1002 292 BONORII
1024 230 1070 291 111
1089 229 1241 292 OPERA.
1796 229 1855 290 700

208 361 455 458 venerabilibus
485 382 644 454 iratribus
678 386 937 466 archiepiscopis
969 389 1004 451 et
1057 387 1275 466 presentium
1298 384 1519 464 indulgemus,
1537 388 1584 461 ut,
1605 401 1683 448 cum
1701 384 1854 449 ecclesiae

210 493 375 570 episcopis
388 492 421 553 et
439 489 569 551 dilectis
584 488 663 549 filiis
682 486 856 549 abbatibus
874 487 907 548 et
925 486 1002 547 aliis
1057 487 1177 548 vestrae
1193 485 1396 556 vacaverint,
1413 485 1514 548 liceat
1530 485 1626 546 vobis
1646 500 1706 546 eas
1720 499 1786 561 per
1799 485 1853 546 vi-

209 589 426 651 ecclesiarum
446 585 605 664 praelatIs,
623 584 664 646 ad
686 599 769 661 quos
791 584 911 645 litterae
930 583 1003 644 istae
1057 583 1142 659 ginti
1161 583 1282 644 diesin
1304 582 1457 643 manibus
1478 582 1598 644 vestris
1620 583 1694 643 sine
1713 583 1853 644 contra-

211 685 432 763 pervenerint,
454 683 648 744 salutemet
668 679 1004 758 apostolicambene-
1058 680 1202 743 dictione
1238 678 1351 757 aliqua
1379 679 1540 751 retinere,
1570 679 1617 741 ita
1645 678 1734 757 quod
1768 679 1853 740 inlra

209 781 399 843 dictionem.
447 783 450 789 ’
1057 776 1210 838 eumdem
1231 776 1409 838 terminum
1427 792 1447 837 a
1466 776 1560 838 vobis
1582 777 1694 838 rector
1713 775 1854 838 idoneus

248 877 474 948 attendentes,
489 883 587 954 quam
600 874 717 936 devote
732 873 844 934 dilecti
859 872 919 933 illii
935 872 1005 933 ira·
1057 872 1247 935 dioecesano
1259 873 1414 950 episcopo
1428 875 1658 950 praesentetur.
1670 872 1766 934 Nulli
1777 889 1854 949 ergo

207 977 276 1037 tres
291 974 473 1051 Hospitalis
499 975 630 1037 sanctae
650 971 765 1032 Mariae
781 969 1005 1032 Theutonico·
1058 971 1193 1032 omnino
1208 969 1334 1032 homini
1349 970 1548 1032 liceatbanc
1563 970 1853 1048 paginamnostrae

206 1089 282 1135 rum
305 1070 612 1148 Hierosolymitani,
641 1069 780 1130 Domino
806 1067 1002 1143 inspirante,
1058 1066 1283 1128 concessionis
1299 1066 1492 1142 intringere,
1514 1066 1567 1128 vel
1588 1067 1619 1127 ei
1635 1081 1722 1127 ausu
1745 1067 1854 1128 mine·

208 1169 381 1232 intendant
395 1167 551 1247 operibus
567 1166 699 1245 pietatis
710 1166 743 1227 et
755 1181 854 1242 quam
872 1163 1005 1225 serven·
1057 1165 1150 1225 rario
1165 1165 1341 1226 contraire.
1369 1165 1404 1225 Si
1424 1164 1499 1241 quis
1520 1166 1630 1225 autem
1652 1163 1719 1225 boc
1743 1165 1853 1226 enen-

208 1269 261 1330 ter
274 1283 310 1329 se
322 1268 356 1329 et
369 1282 430 1327 sua
447 1265 653 1326 intirmorum
666 1277 849 1340 pauperum
865 1275 1004 1336 suscep·
1056 1261 1129 1323 tare
1157 1263 1417 1340 praesumpserit,
1447 1261 1712 1337 indignationem
1743 1263 1853 1322 omni-

208 1363 292 1427 tioni
307 1366 341 1426 et
356 1361 590 1425 sustentationi
603 1361 783 1437 exponant,
796 1359 933 1436 paterna
947 1372 1004 1418 eos
1057 1359 1201 1436 potentis
1227 1360 1287 1420 Dei
1313 1360 1347 1421 et
1373 1358 1546 1420 beatorum
1576 1359 1668 1420 Petri
1697 1359 1734 1420 et
1759 1360 1853 1419 Pauli

208 1461 384 1523 affectione
399 1459 580 1534 diligimus,
591 1459 625 1520 et
638 1457 825 1534 petitiones,
836 1455 871 1517 in
885 1454 1004 1533 quibus
1058 1444 1282 1532 apostolorum
1309 1459 1382 1533 ejus
1408 1472 1444 1517 se
1472 1456 1603 1519 noverit
1625 1457 1851 1517 incursurum.

209 1575 284 1621 cum
302 1558 433 1636 iustitia
453 1572 640 1634 possumus,
658 1554 838 1617 clementer
857 1551 1005 1614 admitti·
1058 1555 1175 1615 Datum
1198 1553 1364 1625 Laterani,
1387 1569 1492 1614 nonas
1515 1552 1690 1621 februarii,
1720 1553 1854 1632 pontifi-

208 1672 282 1718 mus
303 1657 336 1718 et
361 1653 563 1733 profectibus
587 1653 736 1729 ipsorum
763 1652 796 1713 et
823 1648 1004 1711 commodis
1059 1651 1152 1712 catus
1166 1651 1271 1712 nostri
1286 1666 1374 1712 anno
1390 1651 1516 1728 quinto.

209 1769 341 1832 pervos
358 1754 391 1814 et
410 1766 470 1829 per
483 1750 568 1812 alios
590 1749 772 1811 efficaciter
794 1747 951 1810 debemus
973 1748 1005 1807 et

208 1851 362 1913 velumus
386 1848 571 1911 imminere.
591 1849 773 1924 Eapropter
794 1843 1005 1906 universitati
1364 1838 1548 1943 CCXLIX

209 1949 330 2010 vestrae
352 1962 412 2024 per
433 1945 624 2024 apostolica
645 1945 768 2021 scripta
795 1942 1002 2014 mandamus,

207 2047 307 2123 atque
318 2043 540 2122 praecipimus,
552 2044 715 2120 quatenus
730 2039 917 2118 privilegia,
931 2054 1004 2118 quae

208 2141 367 2205 iratribus
386 2141 482 2220 ipsis,
495 2140 619 2202 intuitu
637 2139 769 2216 pietatis
791 2137 1002 2208 indulsimus,

208 2257 284 2302 cum
298 2239 392 2301 vobis
407 2238 557 2301 exhibita
572 2236 707 2307 fuerint,
724 2235 902 2312 diligenter
918 2235 1005 2310 lega·
1353 2215 1372 2274 5
1389 2214 1461 2274 febr·
1476 2217 1554 2276 ¹²²¹·

207 2338 262 2410 tis,
281 2337 425 2399 fideliter
439 2335 614 2413 exponatis
633 2335 666 2396 et
684 2332 924 2395 inviolabiliter
945 2347 1003 2393 re·
1258 2329 1394 2396 [sranius
1406 2331 1423 2382 1.
1437 2347 1468 2392 a,
1480 2332 1536 2391 ³⁰⁹»
1550 2331 1656 2398 asten

209 2438 298 2498 moto
311 2433 545 2513 appellationis
556 2432 694 2508 diffugio
705 2430 835 2493 iacietis
850 2430 892 2490 ab
903 2429 1006 2490 omni·
1058 2438 1144 2498 Vetat
1163 2437 1291 2495 ordinem
1311 2437 1517 2496 Tbeutonicum
1539 2438 1684 2513 impediri,
1701 2440 1840 2512 quominus

209 2531 283 2605 bus,
300 2532 508 2611 quantumin
523 2528 617 2592 vobis
633 2528 742 2599 tuerit,
759 2527 941 2598 observari,
958 2527 1005 2588 ita
1094 2525 1283 2585 confratribus
1293 2529 1354 2585 suis
1370 2528 1399 2584 in
1416 2528 1588 2586 coemeterils
1601 2530 1665 2586 suis
1680 2530 1842 2603 sepulmnn

211 2629 297 2708 quod
322 2628 422 2691 iidem
449 2627 568 2689 iratres
589 2626 629 2688 de
652 2625 797 2703 acceptis
820 2623 1005 2701 privilegiis
1095 2615 1229 2688 prebeat.

210 2727 354 2789 fructum
376 2724 547 2788 obtineant
565 2726 597 2785 et
612 2739 670 2783 vos
690 2738 873 2799 pauperum
889 2736 1006 2782 neces·
1099 2724 1266 2786 Honorius
1276 2724 1462 2802 episcopus,
1472 2740 1590 2788 servus
1599 2742 1772 2789 servorum
1782 2727 1840 2798 Dei,

149 2855 152 2863 ·
211 2823 365 2884 sitatibus
386 2821 529 2897 compati
543 2819 724 2882 videamini
739 2821 902 2880 eteorum
919 2817 1005 2880 velle
1059 2822 1305 2883 venerabilibus
1339 2818 1497 2884 iratribus
1532 2823 1792 2901 archiepiscopis
1815 2826 1843 2885 et

211 2917 411 2981 utilitatibus
422 2919 556 2995 propter
564 2919 667 2978 Deum
678 2916 805 2978 utiliter
815 2915 1002 2976 subvenire.
1059 2919 1223 2998 episcopis
1246 2923 1279 2982 et
1303 2919 1433 2982 dilectis
1452 2920 1531 2981 filiis
1553 2920 1744 2990 abbatibus,
1759 2923 1841 2999 prio-

210 3018 329 3079 Datum
343 3015 510 3086 Laterani,
524 3030 630 3076 nonas
645 3013 816 3086 februarii,
831 3013 1006 3090 pontifica—
1058 3017 1162 3089 ribus,
1184 3017 1388 3094 praepositis,
1416 3017 1562 3089 decanis,
1592 3017 1839 3087 archidiaconis,

210 3116 264 3176 tus
280 3113 385 3175 nostri
400 3128 488 3174 anno
505 3112 630 3191 quinto.
1059 3115 1356 3193 archipresbyteris
1374 3117 1407 3177 et
1425 3114 1501 3176 aliis
1523 3115 1744 3177 ecclesiarum
1762 3132 1840 3194 prae-

1059 3211 1147 3284 latis,
1165 3212 1206 3274 ad
1222 3228 1304 3290 quos
1321 3212 1440 3275 litterae
1458 3212 1531 3274 lstae
1547 3214 1770 3290 pervenerint,
1794 3230 1840 3275 sa·

495 3297 721 3385 CCXLVIII
1059 3310 1161 3371 lutem
1176 3311 1210 3372 et
1224 3311 1438 3387 apostolicam
1454 3310 1733 3373 benedictionem.

211 3442 264 3503 Aa
281 3439 491 3516 magistrum
507 3441 541 3500 S.
558 3441 685 3500 Mortuo
706 3438 1002 3500 Tbeutontcorum.
1098 3408 1178 3467 Cum
1202 3407 1332 3515 dilectis
1358 3407 1454 3480 filiis,
1482 3407 1642 3515 tratribus
1671 3408 1838 3516 liospitalis

504 3557 612 3616 ΜΘΝ.
629 3559 708 3616 4224·
1060 3503 1189 3563 Sanctae
1211 3503 1326 3563 Manae
1352 3501 1632 3564 Theutomcornm
1657 3503 1838 3579 Hierosoly·

1059 3598 1188 3667 mitani,
1202 3598 1396 3661 duxerimus
1405 3599 1656 3676 indulgendum,
1669 3602 1707 3663 ut
1718 3600 1780 3673 bis,
1793 3598 1838 3676 qui

403 3671 540 3737 [sarcina
555 3670 574 3722 ¹·
585 3687 617 3730 ⁰*
631 3672 687 3731 ³⁰⁹.
701 3687 728 3722 ¹¹·
741 3670 811 3738 ω’]
1059 3712 1174 3758 eorum
1198 3696 1412 3758 confratriam
1436 3699 1688 3774 assumpserint,
1712 3699 1741 3759 si
1767 3698 1837 3758 torte

209 3778 344 3841 Concedit
354 3777 447 3837 (ildini
458 3779 633 3838 Theutonieo
645 3782 808 3838 vacantium
819 3781 1004 3840 ecclesiarum
1059 3792 1162 3866 Iocus,
1181 3795 1217 3855 in
1238 3810 1303 3870 quo
1324 3794 1498 3868 decedunt,
1520 3794 1719 3857 interdictus
1742 3795 1835 3862 ξηρή,

380 3884 429 3941 1³0¹
444 3869 547 3942 viginti
562 3867 623 3926 ‘¹³⁰⁸
638 3869 837 3926 mmmmm·
1058 3891 1124 3952 nisi
1147 3886 1287 3953 vinculo
1303 3892 1658 3954 excommunicationis
1677 3893 1837 3955 teneantur

248 3985 416 4048 Honorius
427 3986 612 4063 episcopus,
624 4001 741 4048 servus
750 4001 921 4048 servorum
932 3987 1001 4060 Dei,
1058 3988 1222 4059 adstricti,
1238 3990 1295 4049 aut
1310 3989 1505 4050 nominatim
1519 3989 1586 4051 sint
1600 3989 1778 4057 interdicti,
1792 4003 1835 4048 se·

210 4083 340 4145 dilectis
351 4081 599 4159 iiliismagistro
612 4084 644 4144 et
655 4082 812 4145 fratribus
823 4085 1004 4161 Hospitalis
1058 4086 1191 4164 pultura
1207 4085 1434 4148 ecclesiastica
1453 4100 1519 4147 nou
1537 4086 1657 4148 debeat
1674 4084 1833 4163 denegari,

210 4182 342 4242 Sanctae
361 4180 477 4240 Mariae
499 4179 779 4242 Theutonicorum
807 4182 1005 4260 Hierosoly·
1059 4183 1159 4244 nimis
1174 4183 1321 4260 graviter
1340 4183 1558 4255 excederetis,
1575 4183 1616 4257 si,
1633 4181 1833 4261 quodiratri·

209 4277 339 4348 mitani,
367 4278 508 4366 salutem
539 4279 574 4340 et
599 4277 816 4355 apostolicam
845 4277 1003 4341 benedic·
1057 4280 1120 4341 bus
1135 4281 1259 4342 eisdem
1281 4281 1517 4353 concessimus,
1534 4282 1781 4358 praesumeretis
1792 4281 1834 4341 in·

1058 2000 1111 2060 Ad
1124 1999 1405 2073 archepiscooos,
1422 2001 1607 2072 episcopos,
1627 1997 1706 2070 etc„
1722 1998 1756 2061 ct
1771 2001 1848 2060 otios

1365 2095 1541 2172 praelatos.

114 4418 119 4428 -
209 4375 346 4437 tionem.
1058 4378 1216 4454 ningere,
1232 4379 1288 4456 qui
1303 4378 1388 4439 alios
1406 4378 1448 4439 ad
1466 4379 1675 4441 observanda
1694 4378 1831 4441 Ecclesia

248 4469 476 4555 attendentes,
494 4486 593 4548 quam
610 4470 726 4534 devote
741 4473 774 4534 et
792 4471 1004 4537 laudabiliter
1058 4477 1217 4538 Romanae
1241 4476 1364 4537 statuta
1384 4475 1485 4538 verbo
1505 4476 1537 4538 et
1556 4476 1711 4553 exemplo
1726 4473 1831 4538 debetb

209 4567 345 4647 pietatis
364 4567 533 4645 *operibus
557 4571 591 4631 et
618 4569 802 4632 defensioni
828 4569 1004 4634 christiani
1058 4572 1256 4650 propensius
1265 4572 1457 4634 informare.
1468 4572 1607 4650 infringi
1623 4588 1766 4652 namque
1776 4585 1829 4631 sss

208 4665 353 4728 nominis
365 4666 399 4726 in
414 4665 649 4728 transmarinis
663 4666 812 4745 partibus
827 4667 1001 4741 insistatis,
1057 4671 1165 4732 unere
1184 4669 1345 4742 nolentes,
1363 4671 1450 4748 quod
1472 4670 1631 4733 fratribus
1653 4671 1828 4733 indulsimus

205 4765 304 4843 justis
317 4763 532 4842 petitionibus
543 4765 663 4825 vestris
673 4764 815 4826 libenter
824 4766 1003 4827 annuimus
1057 4767 1243 4839 antedictis,
1259 4768 1470 4831 universitati
1489 4770 1610 4830 vestrae
1632 4785 1693 4847 per
1710 4767 1829 4846 Aposto-

207 4862 367 4939 vobisque
382 4864 498 4923 contra
516 4861 682 4924 indebitas
699 4863 880 4931 molestias,
897 4879 1004 4942 quan·
1057 4866 1122 4927 lica
1142 4866 1266 4941 scripta
1287 4865 1483 4927 mandamus
1504 4867 1603 4943 atque
1627 4866 1826 4944 praecipimus.

208 4959 279 5021 tum
294 4975 367 5020 cum
380 4962 448 5021 Deo
461 4974 648 5035 possumus,
663 4958 884 5036 providemus.
896 4960 1001 5033 Unde,
1057 4965 1220 5041 quatenus
1235 4963 1328 5024 nullo
1341 4964 1491 5041 tempore
1508 4964 1683 5042 quisquam
1703 4965 1828 5027 vestrm

208 5056 286 5134 quia
301 5054 342 5116 ad
360 5055 562 5117 audientiam
578 5056 782 5132 apostolatus
802 5058 905 5118 nostri
922 5073 1001 5134 per·
1056 5059 1218 5136 impedire
1234 5062 1424 5136 presumat,
1441 5061 1619 5137 quominus
1640 5074 1774 5138 corpora
1787 5058 1828 5133 ip·

207 5153 309 5224 venit,
326 5152 411 5230 quod
428 5152 662 5216 decedentibus
684 5154 902 5215 ecclesiarum
921 5171 1001 5218 ves·
1056 5170 1180 5228 sorum,
1206 5157 1263 5234 qui
1279 5156 1494 5219 confratriam
1520 5157 1753 5236 predictorum
1775 5155 1789 5216 i
1815 5182 1829 5197 ·

206 5252 335 5313 irarum
350 5249 546 5322 rectoribus,
559 5251 706 5328 episcopi
722 5251 925 5314 etotticiales
944 5269 1003 5314 eo-
1055 5255 1143 5318 trum
1162 5254 1416 5330 assumpserint,
1429 5254 1483 5316 vel
1502 5257 1673 5317 assument
1688 5256 1722 5317 in
1738 5253 1831 5333 postc-

206 5363 281 5408 rum
309 5347 458 5424 ipsarum
487 5362 724 5425 nonnunquam
758 5349 1001 5411 ordinationem
1055 5368 1144 5424 rum,
1170 5351 1237 5413 nisi
1264 5351 1543 5414 excommunicati
1571 5352 1627 5415 vel
1653 5350 1830 5415 nominatim

206 5445 365 5508 differunt
389 5446 423 5507 ct
444 5444 571 5507 tructus
596 5445 631 5505 in
654 5461 734 5508 usus
762 5447 914 5525 proprios
941 5463 1001 5526 pro
1056 5445 1830 5527 luemntinterdicti,autetiampublicausurarii,

206 5556 266 5602 sna
279 5542 448 5606 voluntate
463 5543 672 5616 convertunt,
694 5544 891 5608 auctoritate
905 5545 999 5608 vobis
1054 5547 1226 5609 incorum
1255 5545 1389 5609 valeant
1416 5548 1615 5610 coemeteriis
1643 5546 1785 5624 sepeliri,
1810 5542 1832 5601 si
