<?xml version="1.0" encoding="UTF-8"?>
<!DOCTYPE html PUBLIC "-//W3C//DTD XHTML 1.0 Transitional//EN"
    "http://www.w3.org/TR/xhtml1/DTD/xhtml1-transitional.dtd">
<html xmlns="http://www.w3.org/1999/xhtml" xml:lang="en" lang="en">
 <head>
  <title>
</title>
<meta http-equiv="Content-Type" content="text/html;charset=utf-8" />
  <meta name='ocr-system' content='tesseract 3.04.00' />
  <meta name='ocr-capabilities' content='ocr_page ocr_carea ocr_par ocr_line ocrx_word'/>
</head>
<body>
  <div class='ocr_page' id='page_1' title='image "./mediiaevibiblio00horogoog_0127.png"; bbox 0 0 3774 6186; ppageno 0'>
   <div class='ocr_carea' id='block_1_1' title="bbox 74 256 1755 363">
    <p class='ocr_par' dir='ltr' id='par_1_1' title="bbox 74 256 1755 363">
     <span class='ocr_line' id='line_1_1' title="bbox 74 256 1755 363; baseline -0.004 -11"><span class='ocrx_word' id='word_1_1' title='bbox 74 256 89 291; x_wconf 55' lang='lat'>⁸·</span> <span class='ocrx_word' id='word_1_2' title='bbox 119 290 181 352; x_wconf 79' lang='lat' dir='ltr'>are</span> <span class='ocrx_word' id='word_1_3' title='bbox 735 269 911 352; x_wconf 80' lang='lat' dir='ltr'>nononn</span> <span class='ocrx_word' id='word_1_4' title='bbox 934 291 979 351; x_wconf 88' lang='lat'>111</span> <span class='ocrx_word' id='word_1_5' title='bbox 1000 292 1148 354; x_wconf 70' lang='lat' dir='ltr'>erens.</span> <span class='ocrx_word' id='word_1_6' title='bbox 1707 304 1755 363; x_wconf 77' lang='lat' dir='ltr'>:eo</span> 
     </span>
    </p>
   </div>
   <div class='ocr_carea' id='block_1_2' title="bbox 120 448 1754 631">
    <p class='ocr_par' dir='ltr' id='par_1_2' title="bbox 120 448 1754 631">
     <span class='ocr_line' id='line_1_2' title="bbox 121 448 1754 553; baseline 0.008 -43"><span class='ocrx_word' id='word_1_7' title='bbox 121 448 277 553; x_wconf 78' lang='lat' dir='ltr'>episcopo</span> <span class='ocrx_word' id='word_1_8' title='bbox 299 449 551 524; x_wconf 77' lang='lat' dir='ltr'>notnomagen,</span> <span class='ocrx_word' id='word_1_9' title='bbox 568 448 708 509; x_wconf 87' lang='lat' dir='ltr'>salutem</span> <span class='ocrx_word' id='word_1_10' title='bbox 726 450 760 510; x_wconf 92' lang='lat' dir='ltr'>et</span> <span class='ocrx_word' id='word_1_11' title='bbox 778 450 915 525; x_wconf 90' lang='lat' dir='ltr'>aposto·</span> <span class='ocrx_word' id='word_1_12' title='bbox 971 449 1098 524; x_wconf 83' lang='lat' dir='ltr'>dantes,</span> <span class='ocrx_word' id='word_1_13' title='bbox 1122 455 1255 529; x_wconf 90' lang='lat' dir='ltr'>propter</span> <span class='ocrx_word' id='word_1_14' title='bbox 1285 454 1347 515; x_wconf 91' lang='lat' dir='ltr'>boc</span> <span class='ocrx_word' id='word_1_15' title='bbox 1374 454 1469 518; x_wconf 91' lang='lat' dir='ltr'>vobis</span> <span class='ocrx_word' id='word_1_16' title='bbox 1497 457 1595 519; x_wconf 86' lang='lat' dir='ltr'>aliter</span> <span class='ocrx_word' id='word_1_17' title='bbox 1621 459 1754 522; x_wconf 87' lang='lat' dir='ltr'>scribere</span> 
     </span>
     <span class='ocr_line' id='line_1_3' title="bbox 120 545 1754 631; baseline 0.009 -26"><span class='ocrx_word' id='word_1_18' title='bbox 120 546 220 607; x_wconf 91' lang='lat' dir='ltr'>licam</span> <span class='ocrx_word' id='word_1_19' title='bbox 235 545 510 607; x_wconf 80' lang='lat' dir='ltr'>benedictionem.</span> <span class='ocrx_word' id='word_1_20' title='bbox 971 564 1038 609; x_wconf 92' lang='lat' dir='ltr'>non</span> <span class='ocrx_word' id='word_1_21' title='bbox 1052 564 1220 624; x_wconf 80' lang='lat' dir='ltr'><strong>cogamur.</strong></span> <span class='ocrx_word' id='word_1_22' title='bbox 1237 552 1356 613; x_wconf 86' lang='lat' dir='ltr'>Datum</span> <span class='ocrx_word' id='word_1_23' title='bbox 1371 554 1485 616; x_wconf 72' lang='lat' dir='ltr'>Roma</span> <span class='ocrx_word' id='word_1_24' title='bbox 1505 554 1593 631; x_wconf 91' lang='lat' dir='ltr'>apud</span> <span class='ocrx_word' id='word_1_25' title='bbox 1609 558 1754 619; x_wconf 89' lang='lat' dir='ltr'>Sanctum</span> 
     </span>
    </p>
   </div>
   <div class='ocr_carea' id='block_1_3' title="bbox 17 641 1755 812">
    <p class='ocr_par' dir='ltr' id='par_1_3' title="bbox 17 641 1755 812">
     <span class='ocr_line' id='line_1_4' title="bbox 17 641 1755 735; baseline 0.009 -34"><span class='ocrx_word' id='word_1_26' title='bbox 17 667 32 735; x_wconf 26' lang='grc' dir='ltr'>Ι·</span> <span class='ocrx_word' id='word_1_27' title='bbox 162 645 267 715; x_wconf 90' lang='lat' dir='ltr'>Quum</span> <span class='ocrx_word' id='word_1_28' title='bbox 277 642 437 704; x_wconf 89' lang='lat' dir='ltr'>instantia</span> <span class='ocrx_word' id='word_1_29' title='bbox 452 643 567 705; x_wconf 91' lang='lat' dir='ltr'>nostra</span> <span class='ocrx_word' id='word_1_30' title='bbox 584 641 778 720; x_wconf 87' lang='lat' dir='ltr'>quotidiana</span> <span class='ocrx_word' id='word_1_31' title='bbox 800 643 844 704; x_wconf 90' lang='lat' dir='ltr'>sit</span> <span class='ocrx_word' id='word_1_32' title='bbox 858 658 915 704; x_wconf 93' lang='lat' dir='ltr'>ec·</span> <span class='ocrx_word' id='word_1_33' title='bbox 972 647 1105 706; x_wconf 86' lang='lat' dir='ltr'>Petrum</span> <span class='ocrx_word' id='word_1_34' title='bbox 1118 649 1213 709; x_wconf 85' lang='lat' dir='ltr'>sexto</span> <span class='ocrx_word' id='word_1_35' title='bbox 1228 663 1333 711; x_wconf 89' lang='lat' dir='ltr'>nonas</span> <span class='ocrx_word' id='word_1_36' title='bbox 1348 649 1440 723; x_wconf 86' lang='lat' dir='ltr'>maii,</span> <span class='ocrx_word' id='word_1_37' title='bbox 1457 651 1671 728; x_wconf 76' lang='lat' dir='ltr'>pontificatus</span> <span class='ocrx_word' id='word_1_38' title='bbox 1688 669 1755 716; x_wconf 86' lang='lat' dir='ltr'>nos·</span> 
     </span>
     <span class='ocr_line' id='line_1_5' title="bbox 121 738 1247 812; baseline 0.005 -12"><span class='ocrx_word' id='word_1_39' title='bbox 121 739 299 801; x_wconf 88' lang='lat' dir='ltr'>clesiarum</span> <span class='ocrx_word' id='word_1_40' title='bbox 312 740 459 802; x_wconf 91' lang='lat' dir='ltr'>omnium</span> <span class='ocrx_word' id='word_1_41' title='bbox 473 738 661 803; x_wconf 89' lang='lat' dir='ltr'>sollicitudo</span> <span class='ocrx_word' id='word_1_42' title='bbox 675 742 843 812; x_wconf 91' lang='lat' dir='ltr'>continua,</span> <span class='ocrx_word' id='word_1_43' title='bbox 858 740 915 801; x_wconf 92' lang='lat' dir='ltr'>in·</span> <span class='ocrx_word' id='word_1_44' title='bbox 970 742 1015 805; x_wconf 90' lang='lat' dir='ltr'>tri</span> <span class='ocrx_word' id='word_1_45' title='bbox 1030 759 1119 804; x_wconf 90' lang='lat' dir='ltr'>anno</span> <span class='ocrx_word' id='word_1_46' title='bbox 1136 745 1247 807; x_wconf 89' lang='lat' dir='ltr'>tertio.</span> 
     </span>
    </p>
   </div>
   <div class='ocr_carea' id='block_1_4' title="bbox 37 837 1753 1900">
    <p class='ocr_par' dir='ltr' id='par_1_4' title="bbox 45 837 1753 1401">
     <span class='ocr_line' id='line_1_6' title="bbox 120 837 1753 920; baseline 0.007 -21"><span class='ocrx_word' id='word_1_47' title='bbox 120 838 224 899; x_wconf 90' lang='lat' dir='ltr'>terest</span> <span class='ocrx_word' id='word_1_48' title='bbox 249 837 362 898; x_wconf 91' lang='lat' dir='ltr'>nostra</span> <span class='ocrx_word' id='word_1_49' title='bbox 391 838 428 900; x_wconf 91' lang='lat' dir='ltr'>ut</span> <span class='ocrx_word' id='word_1_50' title='bbox 455 838 669 915; x_wconf 87' lang='lat' dir='ltr'>provideatur</span> <span class='ocrx_word' id='word_1_51' title='bbox 697 838 737 898; x_wconf 96' lang='lat' dir='ltr'>de</span> <span class='ocrx_word' id='word_1_52' title='bbox 766 837 916 914; x_wconf 88' lang='lat' dir='ltr'>personis</span> <span class='ocrx_word' id='word_1_53' title='bbox 1011 841 1176 916; x_wconf 85' lang='lat' dir='ltr'>Scriptum</span> <span class='ocrx_word' id='word_1_54' title='bbox 1193 843 1243 905; x_wconf 91' lang='lat' dir='ltr'>est</span> <span class='ocrx_word' id='word_1_55' title='bbox 1257 843 1470 920; x_wconf 79' lang='lat' dir='ltr'>superbos...</span> <span class='ocrx_word' id='word_1_56' title='bbox 1493 846 1609 909; x_wconf 89' lang='lat' dir='ltr'>Sancti</span> <span class='ocrx_word' id='word_1_57' title='bbox 1628 847 1753 911; x_wconf 85' lang='lat' dir='ltr'>Huberti</span> 
     </span>
     <span class='ocr_line' id='line_1_7' title="bbox 121 934 1752 1016; baseline 0.007 -21"><span class='ocrx_word' id='word_1_58' title='bbox 121 934 250 996; x_wconf 89' lang='lat' dir='ltr'>idoneis</span> <span class='ocrx_word' id='word_1_59' title='bbox 272 934 424 996; x_wconf 87' lang='lat' dir='ltr'>ecclesiis</span> <span class='ocrx_word' id='word_1_60' title='bbox 442 935 596 996; x_wconf 89' lang='lat' dir='ltr'>viduatis.</span> <span class='ocrx_word' id='word_1_61' title='bbox 616 937 721 1007; x_wconf 90' lang='lat' dir='ltr'>Quum</span> <span class='ocrx_word' id='word_1_62' title='bbox 743 935 855 1012; x_wconf 85' lang='lat' dir='ltr'>itaque</span> <span class='ocrx_word' id='word_1_63' title='bbox 870 934 918 994; x_wconf 91' lang='lat' dir='ltr'>si·</span> <span class='ocrx_word' id='word_1_64' title='bbox 971 935 1054 998; x_wconf 83' lang='lat' dir='ltr'>et...</span> <span class='ocrx_word' id='word_1_65' title='bbox 1069 938 1182 999; x_wconf 81' lang='lat' dir='ltr'>Sancti</span> <span class='ocrx_word' id='word_1_66' title='bbox 1198 940 1372 1016; x_wconf 84' lang='lat' dir='ltr'>Sepulchri</span> <span class='ocrx_word' id='word_1_67' title='bbox 1387 941 1564 1004; x_wconf 87' lang='lat' dir='ltr'>abbatibus</span> <span class='ocrx_word' id='word_1_68' title='bbox 1576 945 1660 1005; x_wconf 81' lang='lat' dir='ltr'>et...</span> <span class='ocrx_word' id='word_1_69' title='bbox 1681 960 1752 1006; x_wconf 84' lang='lat' dir='ltr'>can-</span> 
     </span>
     <span class='ocr_line' id='line_1_8' title="bbox 121 1031 1753 1118; baseline 0.007 -26"><span class='ocrx_word' id='word_1_70' title='bbox 121 1031 176 1092; x_wconf 92' lang='lat' dir='ltr'>cut</span> <span class='ocrx_word' id='word_1_71' title='bbox 190 1048 233 1093; x_wconf 86' lang='lat' dir='ltr'>ex</span> <span class='ocrx_word' id='word_1_72' title='bbox 248 1036 341 1109; x_wconf 85' lang='lat' dir='ltr'>parte</span> <span class='ocrx_word' id='word_1_73' title='bbox 359 1031 417 1095; x_wconf 90' lang='lat' dir='ltr'>tua</span> <span class='ocrx_word' id='word_1_74' title='bbox 437 1032 500 1094; x_wconf 85' lang='lat' dir='ltr'>fuit</span> <span class='ocrx_word' id='word_1_75' title='bbox 514 1032 717 1110; x_wconf 88' lang='lat' dir='ltr'>propositum</span> <span class='ocrx_word' id='word_1_76' title='bbox 733 1048 846 1094; x_wconf 88' lang='lat' dir='ltr'>coram</span> <span class='ocrx_word' id='word_1_77' title='bbox 861 1047 918 1092; x_wconf 90' lang='lat' dir='ltr'>no-</span> <span class='ocrx_word' id='word_1_78' title='bbox 971 1035 1034 1096; x_wconf 87' lang='lat' dir='ltr'>tori</span> <span class='ocrx_word' id='word_1_79' title='bbox 1048 1037 1273 1112; x_wconf 67' lang='lat' dir='ltr'>cameracen„</span> <span class='ocrx_word' id='word_1_80' title='bbox 1289 1040 1326 1099; x_wconf 89' lang='lat' dir='ltr'>ut</span> <span class='ocrx_word' id='word_1_81' title='bbox 1337 1039 1514 1116; x_wconf 85' lang='lat' dir='ltr'>praedictos</span> <span class='ocrx_word' id='word_1_82' title='bbox 1529 1040 1719 1118; x_wconf 89' lang='lat' dir='ltr'>episcopum</span> <span class='ocrx_word' id='word_1_83' title='bbox 1726 1046 1753 1104; x_wconf 90' lang='lat' dir='ltr'>et</span> 
     </span>
     <span class='ocr_line' id='line_1_9' title="bbox 120 1127 1752 1208; baseline 0.007 -20"><span class='ocrx_word' id='word_1_84' title='bbox 120 1127 183 1199; x_wconf 93' lang='lat' dir='ltr'>bis,</span> <span class='ocrx_word' id='word_1_85' title='bbox 197 1128 347 1206; x_wconf 83' lang='lat' dir='ltr'>quaedam</span> <span class='ocrx_word' id='word_1_86' title='bbox 363 1129 576 1201; x_wconf 90' lang='lat' dir='ltr'>monasteria,</span> <span class='ocrx_word' id='word_1_87' title='bbox 587 1129 621 1191; x_wconf 91' lang='lat' dir='ltr'>et</span> <span class='ocrx_word' id='word_1_88' title='bbox 632 1128 781 1192; x_wconf 85' lang='lat' dir='ltr'>ecclesiae</span> <span class='ocrx_word' id='word_1_89' title='bbox 793 1128 868 1190; x_wconf 79' lang='lat' dir='ltr'>alim</span> <span class='ocrx_word' id='word_1_90' title='bbox 882 1128 916 1189; x_wconf 92' lang='lat' dir='ltr'>in</span> <span class='ocrx_word' id='word_1_91' title='bbox 971 1132 1153 1208; x_wconf 88' lang='lat' dir='ltr'>capitulum</span> <span class='ocrx_word' id='word_1_92' title='bbox 1173 1133 1214 1195; x_wconf 85' lang='lat' dir='ltr'>ad</span> <span class='ocrx_word' id='word_1_93' title='bbox 1230 1134 1264 1195; x_wconf 95' lang='lat' dir='ltr'>id</span> <span class='ocrx_word' id='word_1_94' title='bbox 1279 1136 1440 1199; x_wconf 88' lang='lat' dir='ltr'>attentius</span> <span class='ocrx_word' id='word_1_95' title='bbox 1456 1140 1627 1208; x_wconf 85' lang='lat' dir='ltr'>moneant,</span> <span class='ocrx_word' id='word_1_96' title='bbox 1642 1140 1676 1200; x_wconf 89' lang='lat' dir='ltr'>et</span> <span class='ocrx_word' id='word_1_97' title='bbox 1689 1139 1752 1200; x_wconf 88' lang='lat' dir='ltr'>edl-</span> 
     </span>
     <span class='ocr_line' id='line_1_10' title="bbox 45 1226 1571 1311; baseline 0.007 -25"><span class='ocrx_word' id='word_1_98' title='bbox 45 1247 50 1260; x_wconf 88' lang='lat'><strong>·</strong></span> <span class='ocrx_word' id='word_1_99' title='bbox 120 1227 178 1287; x_wconf 89' lang='lat' dir='ltr'>tua</span> <span class='ocrx_word' id='word_1_100' title='bbox 192 1226 327 1287; x_wconf 81' lang='lat' dir='ltr'>dioecesi</span> <span class='ocrx_word' id='word_1_101' title='bbox 340 1227 492 1288; x_wconf 85' lang='lat' dir='ltr'>vacarint</span> <span class='ocrx_word' id='word_1_102' title='bbox 504 1226 590 1287; x_wconf 88' lang='lat' dir='ltr'>ultra</span> <span class='ocrx_word' id='word_1_103' title='bbox 604 1227 733 1304; x_wconf 86' lang='lat' dir='ltr'>tempus</span> <span class='ocrx_word' id='word_1_104' title='bbox 753 1242 772 1287; x_wconf 88' lang='lat' dir='ltr'>a</span> <span class='ocrx_word' id='word_1_105' title='bbox 790 1241 916 1288; x_wconf 90' lang='lat' dir='ltr'>canone</span> <span class='ocrx_word' id='word_1_106' title='bbox 971 1229 1095 1291; x_wconf 90' lang='lat' dir='ltr'>caciter</span> <span class='ocrx_word' id='word_1_107' title='bbox 1107 1230 1265 1294; x_wconf 89' lang='lat' dir='ltr'>inducere</span> <span class='ocrx_word' id='word_1_108' title='bbox 1281 1247 1347 1294; x_wconf 91' lang='lat' dir='ltr'>non</span> <span class='ocrx_word' id='word_1_109' title='bbox 1361 1235 1571 1311; x_wconf 86' lang='lat' dir='ltr'>postponant.</span> 
     </span>
     <span class='ocr_line' id='line_1_11' title="bbox 121 1320 916 1401; baseline 0.001 -19"><span class='ocrx_word' id='word_1_110' title='bbox 121 1320 310 1395; x_wconf 80' lang='lat' dir='ltr'>diffinitum,</span> <span class='ocrx_word' id='word_1_111' title='bbox 322 1322 606 1396; x_wconf 60' lang='lat' dir='ltr'>fraternitatum,</span> <span class='ocrx_word' id='word_1_112' title='bbox 615 1323 655 1385; x_wconf 90' lang='lat' dir='ltr'>de</span> <span class='ocrx_word' id='word_1_113' title='bbox 666 1339 729 1401; x_wconf 86' lang='lat' dir='ltr'>qua</span> <span class='ocrx_word' id='word_1_114' title='bbox 742 1322 873 1400; x_wconf 88' lang='lat' dir='ltr'>plenam</span> <span class='ocrx_word' id='word_1_115' title='bbox 882 1323 916 1383; x_wconf 92' lang='lat' dir='ltr'>in</span> 
     </span>
    </p>

    <p class='ocr_par' dir='ltr' id='par_1_5' title="bbox 120 1383 1415 1498">
     <span class='ocr_line' id='line_1_12' title="bbox 120 1383 1415 1498; baseline 0.001 -17"><span class='ocrx_word' id='word_1_116' title='bbox 120 1419 260 1481; x_wconf 90' lang='lat' dir='ltr'>Domino</span> <span class='ocrx_word' id='word_1_117' title='bbox 274 1417 429 1481; x_wconf 82' lang='lat' dir='ltr'>fiduciam</span> <span class='ocrx_word' id='word_1_118' title='bbox 450 1419 647 1493; x_wconf 90' lang='lat' dir='ltr'>obtinemus,</span> <span class='ocrx_word' id='word_1_119' title='bbox 655 1436 716 1498; x_wconf 90' lang='lat' dir='ltr'>per</span> <span class='ocrx_word' id='word_1_120' title='bbox 727 1420 916 1498; x_wconf 85' lang='lat' dir='ltr'>Apostolica</span> <span class='ocrx_word' id='word_1_121' title='bbox 1320 1383 1415 1472; x_wconf 72' lang='lat' dir='ltr'>CCX</span> 
     </span>
    </p>

    <p class='ocr_par' dir='ltr' id='par_1_6' title="bbox 120 1510 1753 1790">
     <span class='ocr_line' id='line_1_13' title="bbox 122 1510 1753 1595; baseline 0.004 -19"><span class='ocrx_word' id='word_1_122' title='bbox 122 1515 245 1594; x_wconf 90' lang='lat' dir='ltr'>scripta</span> <span class='ocrx_word' id='word_1_123' title='bbox 260 1515 466 1589; x_wconf 89' lang='lat' dir='ltr'>mandamus,</span> <span class='ocrx_word' id='word_1_124' title='bbox 478 1518 652 1595; x_wconf 88' lang='lat' dir='ltr'>quatenns,</span> <span class='ocrx_word' id='word_1_125' title='bbox 670 1518 699 1578; x_wconf 90' lang='lat' dir='ltr'>si</span> <span class='ocrx_word' id='word_1_126' title='bbox 712 1518 764 1583; x_wconf 88' lang='lat' dir='ltr'>est</span> <span class='ocrx_word' id='word_1_127' title='bbox 778 1518 836 1591; x_wconf 89' lang='lat' dir='ltr'>ita,</span> <span class='ocrx_word' id='word_1_128' title='bbox 849 1518 916 1580; x_wconf 88' lang='lat' dir='ltr'>tarn</span> <span class='ocrx_word' id='word_1_129' title='bbox 971 1510 1753 1594; x_wconf 70' lang='lat' dir='ltr'>aontdmroomsoesstonencomepiscoporum</span> 
     </span>
     <span class='ocr_line' id='line_1_14' title="bbox 120 1611 1720 1692; baseline 0.002 -18"><span class='ocrx_word' id='word_1_130' title='bbox 120 1611 336 1685; x_wconf 87' lang='lat' dir='ltr'>monasteria,</span> <span class='ocrx_word' id='word_1_131' title='bbox 353 1629 452 1692; x_wconf 87' lang='lat' dir='ltr'>quam</span> <span class='ocrx_word' id='word_1_132' title='bbox 471 1613 557 1676; x_wconf 88' lang='lat' dir='ltr'>alias</span> <span class='ocrx_word' id='word_1_133' title='bbox 572 1615 812 1677; x_wconf 81' lang='lat' dir='ltr'>ecclesiastaes</span> <span class='ocrx_word' id='word_1_134' title='bbox 828 1615 915 1676; x_wconf 90' lang='lat' dir='ltr'>dioe-</span> <span class='ocrx_word' id='word_1_135' title='bbox 1011 1615 1217 1675; x_wconf 66' lang='lat' dir='ltr'>domomum</span> <span class='ocrx_word' id='word_1_136' title='bbox 1230 1615 1544 1677; x_wconf 79' lang='lat' dir='ltr'>Proemonstroten.</span> <span class='ocrx_word' id='word_1_137' title='bbox 1553 1618 1720 1681; x_wconf 68' lang='lat' dir='ltr'>aemam</span> 
     </span>
     <span class='ocr_line' id='line_1_15' title="bbox 121 1709 1468 1790; baseline 0.004 -18"><span class='ocrx_word' id='word_1_138' title='bbox 121 1711 207 1772; x_wconf 91' lang='lat' dir='ltr'>cesis</span> <span class='ocrx_word' id='word_1_139' title='bbox 215 1709 289 1786; x_wconf 82' lang='lat' dir='ltr'>lege</span> <span class='ocrx_word' id='word_1_140' title='bbox 299 1710 359 1773; x_wconf 90' lang='lat' dir='ltr'>tibi</span> <span class='ocrx_word' id='word_1_141' title='bbox 374 1709 561 1773; x_wconf 86' lang='lat' dir='ltr'>dioecesana</span> <span class='ocrx_word' id='word_1_142' title='bbox 570 1711 796 1790; x_wconf 90' lang='lat' dir='ltr'>subjectas,de</span> <span class='ocrx_word' id='word_1_143' title='bbox 807 1728 917 1790; x_wconf 80' lang='lat' dir='ltr'>perso</span> <span class='ocrx_word' id='word_1_144' title='bbox 1261 1726 1280 1784; x_wconf 78' lang='lat' dir='ltr'>e</span> <span class='ocrx_word' id='word_1_145' title='bbox 1297 1727 1365 1785; x_wconf 64' lang='lat' dir='ltr'>man</span> <span class='ocrx_word' id='word_1_146' title='bbox 1385 1728 1468 1787; x_wconf 73' lang='lat' dir='ltr'>itit.</span> 
     </span>
    </p>

    <p class='ocr_par' dir='ltr' id='par_1_7' title="bbox 37 1805 1642 1900">
     <span class='ocr_line' id='line_1_16' title="bbox 37 1805 1642 1900; baseline 0.007 -33"><span class='ocrx_word' id='word_1_147' title='bbox 37 1870 41 1879; x_wconf 85' lang='lat'><em>.</em></span> <span class='ocrx_word' id='word_1_148' title='bbox 121 1805 673 1872; x_wconf 80' lang='lat' dir='ltr'>nisidoneisnonobstantefrivolae</span> <span class='ocrx_word' id='word_1_149' title='bbox 683 1808 916 1888; x_wconf 84' lang='lat' dir='ltr'>appellationis</span> <span class='ocrx_word' id='word_1_150' title='bbox 1105 1831 1197 1897; x_wconf 54' lang='lat' dir='ltr'>[num</span> <span class='ocrx_word' id='word_1_151' title='bbox 1210 1833 1290 1884; x_wconf 54' lang='lat' dir='ltr'>aa„</span> <span class='ocrx_word' id='word_1_152' title='bbox 1304 1832 1387 1898; x_wconf 73' lang='lat' dir='ltr'>unq.</span> <span class='ocrx_word' id='word_1_153' title='bbox 1403 1845 1532 1893; x_wconf 65' lang='lat' dir='ltr'>mm,</span> <span class='ocrx_word' id='word_1_154' title='bbox 1547 1835 1569 1894; x_wconf 82' lang='lat' dir='ltr'>i,</span> <span class='ocrx_word' id='word_1_155' title='bbox 1586 1834 1642 1900; x_wconf 76' lang='lat' dir='ltr'>ln]</span> 
     </span>
    </p>
   </div>
   <div class='ocr_carea' id='block_1_5' title="bbox 119 1903 1759 2181">
    <p class='ocr_par' dir='ltr' id='par_1_8' title="bbox 119 1903 1759 2181">
     <span class='ocr_line' id='line_1_17' title="bbox 121 1903 1758 2005; baseline 0.004 -39"><span class='ocrx_word' id='word_1_156' title='bbox 121 1903 263 1982; x_wconf 91' lang='lat' dir='ltr'>objectu,</span> <span class='ocrx_word' id='word_1_157' title='bbox 274 1904 408 1967; x_wconf 85' lang='lat' dir='ltr'>studeas</span> <span class='ocrx_word' id='word_1_158' title='bbox 423 1905 591 1978; x_wconf 87' lang='lat' dir='ltr'>ordinare,</span> <span class='ocrx_word' id='word_1_159' title='bbox 608 1907 641 1966; x_wconf 91' lang='lat' dir='ltr'>in</span> <span class='ocrx_word' id='word_1_160' title='bbox 658 1907 707 1967; x_wconf 89' lang='lat' dir='ltr'>eis</span> <span class='ocrx_word' id='word_1_161' title='bbox 719 1923 792 1984; x_wconf 82' lang='lat' dir='ltr'>quae</span> <span class='ocrx_word' id='word_1_162' title='bbox 805 1906 915 1969; x_wconf 88' lang='lat' dir='ltr'>corri-</span> <span class='ocrx_word' id='word_1_163' title='bbox 971 1930 1113 1987; x_wconf 59' lang='lat' dir='ltr'>pommus</span> <span class='ocrx_word' id='word_1_164' title='bbox 1127 1930 1416 1989; x_wconf 54' lang='lat' dir='ltr'>mmmmm</span> <span class='ocrx_word' id='word_1_165' title='bbox 1430 1932 1598 2005; x_wconf 53' lang='lat' dir='ltr'>em„</span> <span class='ocrx_word' id='word_1_166' title='bbox 1615 1941 1647 1990; x_wconf 81' lang='lat' dir='ltr'>et</span> <span class='ocrx_word' id='word_1_167' title='bbox 1663 1934 1758 1991; x_wconf 57' lang='lat' dir='ltr'>affl,</span> 
     </span>
     <span class='ocr_line' id='line_1_18' title="bbox 119 2000 1758 2094; baseline 0.007 -32"><span class='ocrx_word' id='word_1_168' title='bbox 119 2000 916 2080; x_wconf 81' lang='lat' dir='ltr'>gendaetret‘ormandasuerintproutsecundum</span> <span class='ocrx_word' id='word_1_169' title='bbox 1005 2018 1080 2074; x_wconf 68' lang='lat' dir='ltr'>‚ium</span> <span class='ocrx_word' id='word_1_170' title='bbox 1100 2018 1232 2076; x_wconf 61' lang='lat' dir='ltr'>montem</span> <span class='ocrx_word' id='word_1_171' title='bbox 1253 2021 1556 2079; x_wconf 53' lang='lat' dir='ltr'>premonstratensem</span> <span class='ocrx_word' id='word_1_172' title='bbox 1577 2020 1713 2094; x_wconf 68' lang='lat' dir='ltr'>deponi,</span> <span class='ocrx_word' id='word_1_173' title='bbox 1731 2031 1758 2080; x_wconf 71' lang='grc' dir='ltr'><strong>α</strong></span> 
     </span>
     <span class='ocr_line' id='line_1_19' title="bbox 121 2097 1759 2181; baseline 0.005 -21"><span class='ocrx_word' id='word_1_174' title='bbox 121 2099 225 2160; x_wconf 89' lang='lat' dir='ltr'>Deum</span> <span class='ocrx_word' id='word_1_175' title='bbox 233 2097 804 2176; x_wconf 82' lang='lat' dir='ltr'>riderisexpedire.contradictores</span> <span class='ocrx_word' id='word_1_176' title='bbox 816 2100 846 2161; x_wconf 93' lang='lat' dir='ltr'>si</span> <span class='ocrx_word' id='word_1_177' title='bbox 859 2100 916 2177; x_wconf 86' lang='lat' dir='ltr'>qui</span> <span class='ocrx_word' id='word_1_178' title='bbox 1006 2106 1121 2178; x_wconf 86' lang='lat' dir='ltr'>pallium</span> <span class='ocrx_word' id='word_1_179' title='bbox 1135 2108 1268 2166; x_wconf 73' lang='lat' dir='ltr'>ilamensi</span> <span class='ocrx_word' id='word_1_180' title='bbox 1284 2107 1500 2181; x_wconf 82' lang='lat' dir='ltr'>archiepiscopo</span> <span class='ocrx_word' id='word_1_181' title='bbox 1520 2109 1636 2168; x_wconf 74' lang='lat' dir='ltr'>undam</span> <span class='ocrx_word' id='word_1_182' title='bbox 1647 2118 1679 2169; x_wconf 84' lang='lat' dir='ltr'>et</span> <span class='ocrx_word' id='word_1_183' title='bbox 1696 2110 1759 2169; x_wconf 83' lang='lat' dir='ltr'>dde-</span> 
     </span>
    </p>
   </div>
   <div class='ocr_carea' id='block_1_6' title="bbox 119 2193 1580 2274">
    <p class='ocr_par' dir='ltr' id='par_1_9' title="bbox 119 2193 1580 2274">
     <span class='ocr_line' id='line_1_20' title="bbox 119 2193 1580 2274; baseline 0.001 -20"><span class='ocrx_word' id='word_1_184' title='bbox 119 2193 318 2264; x_wconf 79' lang='lat' dir='ltr'>iuerint,vel</span> <span class='ocrx_word' id='word_1_185' title='bbox 329 2195 469 2257; x_wconf 86' lang='lat' dir='ltr'>rebelles</span> <span class='ocrx_word' id='word_1_186' title='bbox 484 2211 543 2274; x_wconf 91' lang='lat' dir='ltr'>per</span> <span class='ocrx_word' id='word_1_187' title='bbox 552 2212 727 2258; x_wconf 89' lang='lat' dir='ltr'>censuram</span> <span class='ocrx_word' id='word_1_188' title='bbox 738 2196 917 2259; x_wconf 88' lang='lat' dir='ltr'>ecclesias-</span> <span class='ocrx_word' id='word_1_189' title='bbox 1004 2195 1093 2253; x_wconf 75' lang='lat' dir='ltr'>bun·</span> <span class='ocrx_word' id='word_1_190' title='bbox 1106 2195 1142 2252; x_wconf 80' lang='lat' dir='ltr'>ab</span> <span class='ocrx_word' id='word_1_191' title='bbox 1156 2210 1192 2253; x_wconf 85' lang='lat' dir='ltr'>ec</span> <span class='ocrx_word' id='word_1_192' title='bbox 1203 2203 1416 2255; x_wconf 82' lang='lat' dir='ltr'>sacramentum</span> <span class='ocrx_word' id='word_1_193' title='bbox 1425 2198 1580 2271; x_wconf 79' lang='lat' dir='ltr'>excipiant</span> 
     </span>
    </p>
   </div>
   <div class='ocr_carea' id='block_1_7' title="bbox 36 2291 1763 5684">
    <p class='ocr_par' dir='ltr' id='par_1_10' title="bbox 36 2291 1763 5684">
     <span class='ocr_line' id='line_1_21' title="bbox 119 2291 1758 2381; baseline 0.009 -29"><span class='ocrx_word' id='word_1_194' title='bbox 119 2291 220 2352; x_wconf 92' lang='lat' dir='ltr'>ticam</span> <span class='ocrx_word' id='word_1_195' title='bbox 233 2291 456 2369; x_wconf 86' lang='lat' dir='ltr'>appellatione</span> <span class='ocrx_word' id='word_1_196' title='bbox 466 2293 648 2371; x_wconf 87' lang='lat' dir='ltr'>postposita</span> <span class='ocrx_word' id='word_1_197' title='bbox 663 2293 912 2372; x_wconf 88' lang='lat' dir='ltr'>compescendo.</span> <span class='ocrx_word' id='word_1_198' title='bbox 1008 2304 1177 2366; x_wconf 83' lang='lat' dir='ltr'>Honorius</span> <span class='ocrx_word' id='word_1_199' title='bbox 1191 2303 1367 2381; x_wconf 85' lang='lat' dir='ltr'>episcopus</span> <span class='ocrx_word' id='word_1_200' title='bbox 1376 2320 1493 2367; x_wconf 80' lang='lat' dir='ltr'>servus</span> <span class='ocrx_word' id='word_1_201' title='bbox 1505 2319 1682 2369; x_wconf 79' lang='lat' dir='ltr'>serrorum</span> <span class='ocrx_word' id='word_1_202' title='bbox 1691 2308 1758 2378; x_wconf 85' lang='lat' dir='ltr'>Dei,</span> 
     </span>
     <span class='ocr_line' id='line_1_22' title="bbox 120 2388 1759 2466; baseline 0.001 -18"><span class='ocrx_word' id='word_1_203' title='bbox 120 2388 239 2448; x_wconf 86' lang='lat' dir='ltr'>Datum</span> <span class='ocrx_word' id='word_1_204' title='bbox 255 2391 368 2450; x_wconf 86' lang='lat' dir='ltr'>Romae</span> <span class='ocrx_word' id='word_1_205' title='bbox 389 2389 475 2466; x_wconf 91' lang='lat' dir='ltr'>apud</span> <span class='ocrx_word' id='word_1_206' title='bbox 490 2392 645 2451; x_wconf 87' lang='lat' dir='ltr'>Sanctum</span> <span class='ocrx_word' id='word_1_207' title='bbox 664 2392 799 2454; x_wconf 88' lang='lat' dir='ltr'>Petrum</span> <span class='ocrx_word' id='word_1_208' title='bbox 816 2391 915 2453; x_wconf 88' lang='lat' dir='ltr'>tertio</span> <span class='ocrx_word' id='word_1_209' title='bbox 968 2400 1152 2463; x_wconf 69' lang='lat' dir='ltr'>venerabili</span> <span class='ocrx_word' id='word_1_210' title='bbox 1184 2400 1281 2463; x_wconf 71' lang='lat' dir='ltr'>fratri</span> <span class='ocrx_word' id='word_1_211' title='bbox 1313 2402 1494 2464; x_wconf 62' lang='lat' dir='ltr'>Hammo</span> <span class='ocrx_word' id='word_1_212' title='bbox 1529 2404 1759 2466; x_wconf 52' lang='lat' dir='ltr'>summensi</span> 
     </span>
     <span class='ocr_line' id='line_1_23' title="bbox 121 2484 1758 2576; baseline 0.009 -30"><span class='ocrx_word' id='word_1_213' title='bbox 121 2484 284 2546; x_wconf 84' lang='lat' dir='ltr'>kalendas</span> <span class='ocrx_word' id='word_1_214' title='bbox 316 2485 408 2560; x_wconf 86' lang='lat' dir='ltr'>maii,</span> <span class='ocrx_word' id='word_1_215' title='bbox 436 2487 646 2565; x_wconf 78' lang='lat' dir='ltr'>pontificatus</span> <span class='ocrx_word' id='word_1_216' title='bbox 683 2488 789 2551; x_wconf 90' lang='lat' dir='ltr'>nostri</span> <span class='ocrx_word' id='word_1_217' title='bbox 827 2503 915 2550; x_wconf 90' lang='lat' dir='ltr'>anno</span> <span class='ocrx_word' id='word_1_218' title='bbox 969 2498 1124 2576; x_wconf 82' lang='lat' dir='ltr'>episcopo</span> <span class='ocrx_word' id='word_1_219' title='bbox 1148 2498 1182 2560; x_wconf 88' lang='lat' dir='ltr'>et</span> <span class='ocrx_word' id='word_1_220' title='bbox 1207 2498 1327 2561; x_wconf 90' lang='lat' dir='ltr'>dilecte</span> <span class='ocrx_word' id='word_1_221' title='bbox 1358 2498 1428 2560; x_wconf 83' lang='lat' dir='ltr'>illio</span> <span class='ocrx_word' id='word_1_222' title='bbox 1458 2501 1622 2562; x_wconf 74' lang='lat' dir='ltr'>(bervaeio</span> <span class='ocrx_word' id='word_1_223' title='bbox 1649 2500 1758 2563; x_wconf 86' lang='lat' dir='ltr'>abbati</span> 
     </span>
     <span class='ocr_line' id='line_1_24' title="bbox 122 2583 1760 2674; baseline 0.001 -15"><span class='ocrx_word' id='word_1_224' title='bbox 122 2583 230 2644; x_wconf 60' lang='grc' dir='ltr'><strong>ῑθΐῖἱθ·</strong></span> <span class='ocrx_word' id='word_1_225' title='bbox 969 2596 1293 2669; x_wconf 84' lang='lat' dir='ltr'>Praemonstratensi,</span> <span class='ocrx_word' id='word_1_226' title='bbox 1318 2596 1460 2659; x_wconf 86' lang='lat' dir='ltr'>salutem</span> <span class='ocrx_word' id='word_1_227' title='bbox 1485 2598 1520 2660; x_wconf 89' lang='lat' dir='ltr'>et</span> <span class='ocrx_word' id='word_1_228' title='bbox 1545 2599 1760 2674; x_wconf 83' lang='lat' dir='ltr'>apostolicam</span> 
     </span>
     <span class='ocr_line' id='line_1_25' title="bbox 462 2692 1542 2805; baseline 0 -51"><span class='ocrx_word' id='word_1_229' title='bbox 462 2709 578 2796; x_wconf 63' lang='lat' dir='ltr'>CCIX</span> <span class='ocrx_word' id='word_1_230' title='bbox 968 2692 1243 2803; x_wconf 80' lang='lat' dir='ltr'>benedictionem.</span> <span class='ocrx_word' id='word_1_231' title='bbox 1265 2791 1272 2804; x_wconf 21' lang='grc' dir='ltr'><em>ὑ</em></span> <span class='ocrx_word' id='word_1_232' title='bbox 1535 2792 1542 2805; x_wconf 89' lang='lat'><strong>.</strong></span> 
     </span>
     <span class='ocr_line' id='line_1_26' title="bbox 121 2790 1762 2965; baseline 0.001 -63"><span class='ocrx_word' id='word_1_233' title='bbox 121 2843 174 2902; x_wconf 78' lang='lat' dir='ltr'>An</span> <span class='ocrx_word' id='word_1_234' title='bbox 188 2795 394 2915; x_wconf 72' lang='lat' dir='ltr'>episcopatos,</span> <span class='ocrx_word' id='word_1_235' title='bbox 411 2842 445 2902; x_wconf 86' lang='lat' dir='ltr'>et</span> <span class='ocrx_word' id='word_1_236' title='bbox 460 2845 648 2914; x_wconf 77' lang='lat' dir='ltr'>capitulum</span> <span class='ocrx_word' id='word_1_237' title='bbox 659 2842 911 2904; x_wconf 69' lang='lat' dir='ltr'>atrebatenses.</span> <span class='ocrx_word' id='word_1_238' title='bbox 968 2790 1316 2959; x_wconf 45' lang='grc' dir='ltr'>ὥῐξέξθέοἰῧὲζῖὲᾙ</span> <span class='ocrx_word' id='word_1_239' title='bbox 1327 2790 1762 2965; x_wconf 47' lang='lat' dir='ltr'>pfflgfflffigggngg</span> 
     </span>
     <span class='ocr_line' id='line_1_27' title="bbox 289 2954 1762 3071; baseline 0 -23"><span class='ocrx_word' id='word_1_240' title='bbox 289 3061 294 3070; x_wconf 91' lang='lat'>.</span> <span class='ocrx_word' id='word_1_241' title='bbox 420 2954 520 3011; x_wconf 60' lang='lat' dir='ltr'>’mai&#39;</span> <span class='ocrx_word' id='word_1_242' title='bbox 535 2954 614 3013; x_wconf 75' lang='lat'>¹²¹⁹·</span> <span class='ocrx_word' id='word_1_243' title='bbox 850 3060 855 3071; x_wconf 28' lang='grc' dir='ltr'>Ι</span> <span class='ocrx_word' id='word_1_244' title='bbox 968 2984 1075 3047; x_wconf 85' lang='lat' dir='ltr'>tinere</span> <span class='ocrx_word' id='word_1_245' title='bbox 1087 2986 1194 3047; x_wconf 90' lang='lat' dir='ltr'>soleat</span> <span class='ocrx_word' id='word_1_246' title='bbox 1207 3000 1354 3061; x_wconf 91' lang='lat' dir='ltr'>persuos</span> <span class='ocrx_word' id='word_1_247' title='bbox 1367 2986 1502 3047; x_wconf 88' lang='lat' dir='ltr'>nuntios</span> <span class='ocrx_word' id='word_1_248' title='bbox 1520 2986 1700 3062; x_wconf 85' lang='lat' dir='ltr'>speciales,</span> <span class='ocrx_word' id='word_1_249' title='bbox 1710 2988 1762 3063; x_wconf 88' lang='lat' dir='ltr'>qui</span> 
     </span>
     <span class='ocr_line' id='line_1_28' title="bbox 144 3059 1760 3160; baseline -0.001 -50"><span class='ocrx_word' id='word_1_250' title='bbox 144 3059 529 3123; x_wconf 64' lang='lat' dir='ltr'>[Regesi.‚llb.lfl,eplsl.m.</span> <span class='ocrx_word' id='word_1_251' title='bbox 546 3059 889 3125; x_wconf 64' lang='lat' dir='ltr'>M88.L8P0nddli1⁷hdll.]</span> <span class='ocrx_word' id='word_1_252' title='bbox 967 3083 1134 3145; x_wconf 56' lang='lat' dir='ltr'>tradentes</span> <span class='ocrx_word' id='word_1_253' title='bbox 1149 3083 1230 3144; x_wconf 73' lang='lat' dir='ltr'>illud</span> <span class='ocrx_word' id='word_1_254' title='bbox 1250 3082 1292 3144; x_wconf 66' lang='lat' dir='ltr'>ab</span> <span class='ocrx_word' id='word_1_255' title='bbox 1307 3084 1373 3155; x_wconf 54' lang='lat' dir='ltr'>his,</span> <span class='ocrx_word' id='word_1_256' title='bbox 1392 3083 1512 3160; x_wconf 61' lang='lat' dir='ltr'><strong>quibus</strong></span> <span class='ocrx_word' id='word_1_257' title='bbox 1530 3083 1689 3157; x_wconf 58' lang='lat' dir='ltr'><strong>traditur,</strong></span> <span class='ocrx_word' id='word_1_258' title='bbox 1706 3101 1760 3145; x_wconf 61' lang='lat' dir='ltr'>re-</span> 
     </span>
     <span class='ocr_line' id='line_1_29' title="bbox 118 3165 1763 3257; baseline -0.002 -31"><span class='ocrx_word' id='word_1_259' title='bbox 118 3165 277 3226; x_wconf 79' lang='lat' dir='ltr'>blandatut</span> <span class='ocrx_word' id='word_1_260' title='bbox 291 3165 472 3240; x_wconf 84' lang='lat' dir='ltr'>praebendum</span> <span class='ocrx_word' id='word_1_261' title='bbox 493 3166 620 3240; x_wconf 77' lang='lat' dir='ltr'>assignet</span> <span class='ocrx_word' id='word_1_262' title='bbox 636 3165 780 3224; x_wconf 82' lang='lat' dir='ltr'>Gotelrido</span> <span class='ocrx_word' id='word_1_263' title='bbox 797 3167 910 3225; x_wconf 90' lang='lat' dir='ltr'>clerico.</span> <span class='ocrx_word' id='word_1_264' title='bbox 968 3181 1092 3256; x_wconf 61' lang='lat' dir='ltr'>cimam</span> <span class='ocrx_word' id='word_1_265' title='bbox 1111 3182 1348 3256; x_wconf 51' lang='lat' dir='ltr'>mmmmm,</span> <span class='ocrx_word' id='word_1_266' title='bbox 1365 3197 1426 3241; x_wconf 87' lang='lat' dir='ltr'>nos</span> <span class='ocrx_word' id='word_1_267' title='bbox 1440 3182 1555 3243; x_wconf 63' lang='lat' dir='ltr'>pam„</span> <span class='ocrx_word' id='word_1_268' title='bbox 1574 3181 1710 3257; x_wconf 66' lang='lat' dir='ltr'>plenam</span> <span class='ocrx_word' id='word_1_269' title='bbox 1724 3182 1763 3242; x_wconf 52' lang='grc' dir='ltr'>ἀρ</span> 
     </span>
     <span class='ocr_line' id='line_1_30' title="bbox 159 3276 1760 3361; baseline 0.001 -15"><span class='ocrx_word' id='word_1_270' title='bbox 159 3284 337 3355; x_wconf 90' lang='lat' dir='ltr'>Honorius,</span> <span class='ocrx_word' id='word_1_271' title='bbox 362 3287 437 3356; x_wconf 79' lang='lat' dir='ltr'>etc,</span> <span class='ocrx_word' id='word_1_272' title='bbox 459 3283 643 3346; x_wconf 86' lang='lat' dir='ltr'>venerabili</span> <span class='ocrx_word' id='word_1_273' title='bbox 669 3283 804 3345; x_wconf 81' lang='lat' dir='ltr'>fratri...</span> <span class='ocrx_word' id='word_1_274' title='bbox 821 3284 914 3361; x_wconf 89' lang='lat' dir='ltr'>epis·</span> <span class='ocrx_word' id='word_1_275' title='bbox 967 3276 1760 3352; x_wconf 72' lang='lat' dir='ltr'>fldeacdssigentiavestratlduciamobtinentes,</span> 
     </span>
     <span class='ocr_line' id='line_1_31' title="bbox 118 3373 1763 3457; baseline -0.007 -15"><span class='ocrx_word' id='word_1_276' title='bbox 118 3397 213 3457; x_wconf 92' lang='lat' dir='ltr'>copo,</span> <span class='ocrx_word' id='word_1_277' title='bbox 229 3383 262 3442; x_wconf 91' lang='lat' dir='ltr'>et</span> <span class='ocrx_word' id='word_1_278' title='bbox 274 3380 403 3441; x_wconf 88' lang='lat' dir='ltr'>dilectis</span> <span class='ocrx_word' id='word_1_279' title='bbox 420 3380 498 3440; x_wconf 84' lang='lat' dir='ltr'>tiliis</span> <span class='ocrx_word' id='word_1_280' title='bbox 511 3379 657 3457; x_wconf 91' lang='lat' dir='ltr'>capitulo</span> <span class='ocrx_word' id='word_1_281' title='bbox 671 3380 860 3442; x_wconf 81' lang='lat' dir='ltr'>Atrebaten.</span> <span class='ocrx_word' id='word_1_282' title='bbox 968 3374 1104 3449; x_wconf 91' lang='lat' dir='ltr'>pallium</span> <span class='ocrx_word' id='word_1_283' title='bbox 1120 3389 1139 3434; x_wconf 89' lang='lat' dir='ltr'>a</span> <span class='ocrx_word' id='word_1_284' title='bbox 1153 3373 1249 3434; x_wconf 86' lang='lat' dir='ltr'>nobis</span> <span class='ocrx_word' id='word_1_285' title='bbox 1258 3388 1318 3450; x_wconf 86' lang='lat' dir='ltr'>pro</span> <span class='ocrx_word' id='word_1_286' title='bbox 1329 3373 1513 3435; x_wconf 81' lang='lat' dir='ltr'>venerabili</span> <span class='ocrx_word' id='word_1_287' title='bbox 1528 3373 1633 3436; x_wconf 85' lang='lat' dir='ltr'>tratre</span> <span class='ocrx_word' id='word_1_288' title='bbox 1648 3379 1763 3437; x_wconf 73' lang='lat' dir='ltr'>nostro</span> 
     </span>
     <span class='ocr_line' id='line_1_32' title="bbox 159 3470 1763 3553; baseline -0.003 -16"><span class='ocrx_word' id='word_1_289' title='bbox 159 3476 300 3552; x_wconf 81' lang='lat' dir='ltr'>Dignum</span> <span class='ocrx_word' id='word_1_290' title='bbox 315 3475 412 3538; x_wconf 91' lang='lat' dir='ltr'>estin</span> <span class='ocrx_word' id='word_1_291' title='bbox 427 3476 476 3536; x_wconf 90' lang='lat' dir='ltr'>eis</span> <span class='ocrx_word' id='word_1_292' title='bbox 488 3475 650 3537; x_wconf 83' lang='lat' dir='ltr'>beneficia</span> <span class='ocrx_word' id='word_1_293' title='bbox 665 3477 848 3549; x_wconf 85' lang='lat' dir='ltr'>cumulare,</span> <span class='ocrx_word' id='word_1_294' title='bbox 856 3476 912 3553; x_wconf 88' lang='lat' dir='ltr'>qui</span> <span class='ocrx_word' id='word_1_295' title='bbox 967 3470 1134 3531; x_wconf 89' lang='lat' dir='ltr'>Willelmc</span> <span class='ocrx_word' id='word_1_296' title='bbox 1151 3470 1307 3532; x_wconf 89' lang='lat' dir='ltr'>Remensi</span> <span class='ocrx_word' id='word_1_297' title='bbox 1329 3471 1584 3546; x_wconf 85' lang='lat' dir='ltr'>archiepiscopo</span> <span class='ocrx_word' id='word_1_298' title='bbox 1604 3487 1682 3532; x_wconf 90' lang='lat' dir='ltr'>cum</span> <span class='ocrx_word' id='word_1_299' title='bbox 1705 3474 1763 3532; x_wconf 89' lang='lat' dir='ltr'>de·</span> 
     </span>
     <span class='ocr_line' id='line_1_33' title="bbox 36 3564 1763 3650; baseline -0.003 -15"><span class='ocrx_word' id='word_1_300' title='bbox 36 3565 38 3569; x_wconf 67' lang='grc'>’</span> <span class='ocrx_word' id='word_1_301' title='bbox 118 3572 279 3648; x_wconf 81' lang='lat' dir='ltr'>degratia</span> <span class='ocrx_word' id='word_1_302' title='bbox 292 3572 480 3648; x_wconf 82' lang='lat' dir='ltr'>ingratiam</span> <span class='ocrx_word' id='word_1_303' title='bbox 493 3573 716 3649; x_wconf 80' lang='lat' dir='ltr'>assurgentes,</span> <span class='ocrx_word' id='word_1_304' title='bbox 727 3573 804 3633; x_wconf 90' lang='lat' dir='ltr'>inde</span> <span class='ocrx_word' id='word_1_305' title='bbox 816 3573 913 3650; x_wconf 86' lang='lat' dir='ltr'>proii-</span> <span class='ocrx_word' id='word_1_306' title='bbox 966 3566 1034 3630; x_wconf 91' lang='lat' dir='ltr'>bita</span> <span class='ocrx_word' id='word_1_307' title='bbox 1051 3567 1209 3629; x_wconf 85' lang='lat' dir='ltr'>instantia</span> <span class='ocrx_word' id='word_1_308' title='bbox 1224 3568 1427 3643; x_wconf 85' lang='lat' dir='ltr'>postulatum</span> <span class='ocrx_word' id='word_1_309' title='bbox 1447 3567 1544 3629; x_wconf 80' lang='lat' dir='ltr'>vobis</span> <span class='ocrx_word' id='word_1_310' title='bbox 1561 3567 1603 3629; x_wconf 94' lang='lat' dir='ltr'>de</span> <span class='ocrx_word' id='word_1_311' title='bbox 1619 3564 1763 3644; x_wconf 89' lang='lat' dir='ltr'>corpere</span> 
     </span>
     <span class='ocr_line' id='line_1_34' title="bbox 118 3664 1761 3745; baseline -0.003 -13"><span class='ocrx_word' id='word_1_312' title='bbox 118 3685 194 3732; x_wconf 92' lang='lat' dir='ltr'>cere</span> <span class='ocrx_word' id='word_1_313' title='bbox 207 3671 359 3731; x_wconf 92' lang='lat' dir='ltr'>nituntur</span> <span class='ocrx_word' id='word_1_314' title='bbox 372 3669 413 3730; x_wconf 89' lang='lat' dir='ltr'>ad</span> <span class='ocrx_word' id='word_1_315' title='bbox 429 3670 594 3741; x_wconf 88' lang='lat' dir='ltr'>meritum,</span> <span class='ocrx_word' id='word_1_316' title='bbox 609 3668 696 3730; x_wconf 92' lang='lat' dir='ltr'>unde</span> <span class='ocrx_word' id='word_1_317' title='bbox 707 3669 853 3745; x_wconf 91' lang='lat' dir='ltr'>ipsorum</span> <span class='ocrx_word' id='word_1_318' title='bbox 867 3670 913 3730; x_wconf 82' lang='lat' dir='ltr'>vi·</span> <span class='ocrx_word' id='word_1_319' title='bbox 964 3664 1055 3727; x_wconf 92' lang='lat' dir='ltr'>beati</span> <span class='ocrx_word' id='word_1_320' title='bbox 1067 3665 1161 3727; x_wconf 89' lang='lat' dir='ltr'>Petri</span> <span class='ocrx_word' id='word_1_321' title='bbox 1182 3666 1358 3740; x_wconf 85' lang='lat' dir='ltr'>sumptum,</span> <span class='ocrx_word' id='word_1_322' title='bbox 1382 3680 1442 3742; x_wconf 87' lang='lat' dir='ltr'>per</span> <span class='ocrx_word' id='word_1_323' title='bbox 1462 3664 1603 3726; x_wconf 86' lang='lat' dir='ltr'>dilectos</span> <span class='ocrx_word' id='word_1_324' title='bbox 1618 3666 1709 3726; x_wconf 87' lang='lat' dir='ltr'>tilios</span> <span class='ocrx_word' id='word_1_325' title='bbox 1724 3668 1761 3727; x_wconf 88' lang='lat' dir='ltr'>V.</span> 
     </span>
     <span class='ocr_line' id='line_1_35' title="bbox 117 3761 1763 3843; baseline -0.002 -16"><span class='ocrx_word' id='word_1_326' title='bbox 117 3766 257 3828; x_wconf 88' lang='lat' dir='ltr'>debatur</span> <span class='ocrx_word' id='word_1_327' title='bbox 271 3766 398 3828; x_wconf 86' lang='lat' dir='ltr'>meritis</span> <span class='ocrx_word' id='word_1_328' title='bbox 414 3765 620 3828; x_wconf 86' lang='lat' dir='ltr'>retributum.</span> <span class='ocrx_word' id='word_1_329' title='bbox 642 3766 798 3828; x_wconf 83' lang='lat' dir='ltr'>volentes</span> <span class='ocrx_word' id='word_1_330' title='bbox 811 3766 913 3843; x_wconf 82' lang='lat' dir='ltr'>igitur</span> <span class='ocrx_word' id='word_1_331' title='bbox 965 3764 1134 3824; x_wconf 90' lang='lat' dir='ltr'>cantorem</span> <span class='ocrx_word' id='word_1_332' title='bbox 1143 3763 1342 3824; x_wconf 69' lang='lat' dir='ltr'>Remuset</span> <span class='ocrx_word' id='word_1_333' title='bbox 1352 3763 1391 3825; x_wconf 86' lang='lat' dir='ltr'>V.</span> <span class='ocrx_word' id='word_1_334' title='bbox 1404 3761 1650 3837; x_wconf 74' lang='lat' dir='ltr'>lingonensem</span> <span class='ocrx_word' id='word_1_335' title='bbox 1666 3779 1763 3824; x_wconf 81' lang='lat' dir='ltr'>cano</span> 
     </span>
     <span class='ocr_line' id='line_1_36' title="bbox 118 3858 1762 3931; baseline -0.003 -6"><span class='ocrx_word' id='word_1_336' title='bbox 118 3867 155 3926; x_wconf 93' lang='lat' dir='ltr'>ut</span> <span class='ocrx_word' id='word_1_337' title='bbox 177 3863 317 3926; x_wconf 89' lang='lat' dir='ltr'>dilectus</span> <span class='ocrx_word' id='word_1_338' title='bbox 347 3862 435 3924; x_wconf 85' lang='lat' dir='ltr'>iilius</span> <span class='ocrx_word' id='word_1_339' title='bbox 460 3862 660 3931; x_wconf 83' lang='lat' dir='ltr'>Gotelridus,</span> <span class='ocrx_word' id='word_1_340' title='bbox 690 3862 832 3924; x_wconf 91' lang='lat' dir='ltr'>clericus</span> <span class='ocrx_word' id='word_1_341' title='bbox 860 3863 934 3925; x_wconf 91' lang='lat' dir='ltr'>di-·</span> <span class='ocrx_word' id='word_1_342' title='bbox 966 3859 1076 3920; x_wconf 88' lang='lat' dir='ltr'>uicum</span> <span class='ocrx_word' id='word_1_343' title='bbox 1100 3858 1272 3931; x_wconf 86' lang='lat' dir='ltr'>mittimus,</span> <span class='ocrx_word' id='word_1_344' title='bbox 1298 3858 1435 3922; x_wconf 84' lang='lat' dir='ltr'>utillud</span> <span class='ocrx_word' id='word_1_345' title='bbox 1457 3858 1531 3922; x_wconf 76' lang='lat' dir='ltr'>vice</span> <span class='ocrx_word' id='word_1_346' title='bbox 1553 3861 1762 3921; x_wconf 63' lang='lat' dir='ltr'>uosmacum</span> 
     </span>
     <span class='ocr_line' id='line_1_37' title="bbox 115 3955 1762 4033; baseline -0.003 -12"><span class='ocrx_word' id='word_1_347' title='bbox 115 3960 210 4022; x_wconf 86' lang='lat' dir='ltr'>lectae</span> <span class='ocrx_word' id='word_1_348' title='bbox 235 3960 270 4021; x_wconf 90' lang='lat' dir='ltr'>iu</span> <span class='ocrx_word' id='word_1_349' title='bbox 298 3958 430 4021; x_wconf 86' lang='lat' dir='ltr'>Christo</span> <span class='ocrx_word' id='word_1_350' title='bbox 450 3959 527 4020; x_wconf 87' lang='lat' dir='ltr'>tiliae</span> <span class='ocrx_word' id='word_1_351' title='bbox 552 3958 673 4020; x_wconf 89' lang='lat' dir='ltr'>nobilis</span> <span class='ocrx_word' id='word_1_352' title='bbox 695 3959 845 4020; x_wconf 84' lang='lat' dir='ltr'>mulieris</span> <span class='ocrx_word' id='word_1_353' title='bbox 849 4004 908 4021; x_wconf 91' lang='grc'><strong>.....</strong></span> <span class='ocrx_word' id='word_1_354' title='bbox 965 3971 1112 4031; x_wconf 77' lang='lat' dir='ltr'>congrua</span> <span class='ocrx_word' id='word_1_355' title='bbox 1128 3955 1338 4019; x_wconf 84' lang='lat' dir='ltr'>solemnitate</span> <span class='ocrx_word' id='word_1_356' title='bbox 1350 3955 1500 4028; x_wconf 66' lang='lat' dir='ltr'>madens,</span> <span class='ocrx_word' id='word_1_357' title='bbox 1523 3971 1564 4019; x_wconf 85' lang='lat' dir='ltr'>ac</span> <span class='ocrx_word' id='word_1_358' title='bbox 1587 3957 1762 4033; x_wconf 86' lang='lat' dir='ltr'>recipiatis</span> 
     </span>
     <span class='ocr_line' id='line_1_38' title="bbox 117 4052 1762 4134; baseline -0.002 -16"><span class='ocrx_word' id='word_1_359' title='bbox 117 4056 293 4118; x_wconf 87' lang='lat' dir='ltr'>comitissae</span> <span class='ocrx_word' id='word_1_360' title='bbox 320 4055 496 4117; x_wconf 81' lang='lat' dir='ltr'>Flandren.</span> <span class='ocrx_word' id='word_1_361' title='bbox 521 4055 736 4134; x_wconf 87' lang='lat' dir='ltr'>apostolicam</span> <span class='ocrx_word' id='word_1_362' title='bbox 756 4056 909 4132; x_wconf 83' lang='lat' dir='ltr'>gratiam,</span> <span class='ocrx_word' id='word_1_363' title='bbox 965 4053 1137 4115; x_wconf 83' lang='lat' dir='ltr'>fidelitatis</span> <span class='ocrx_word' id='word_1_364' title='bbox 1160 4053 1384 4129; x_wconf 86' lang='lat' dir='ltr'>juramentum</span> <span class='ocrx_word' id='word_1_365' title='bbox 1410 4053 1527 4116; x_wconf 73' lang='lat' dir='ltr'>nostro</span> <span class='ocrx_word' id='word_1_366' title='bbox 1553 4052 1692 4115; x_wconf 89' lang='lat' dir='ltr'>nomine</span> <span class='ocrx_word' id='word_1_367' title='bbox 1718 4053 1762 4115; x_wconf 88' lang='lat' dir='ltr'>ab</span> 
     </span>
     <span class='ocr_line' id='line_1_39' title="bbox 116 4148 1763 4231; baseline -0.002 -17"><span class='ocrx_word' id='word_1_368' title='bbox 116 4170 216 4231; x_wconf 80' lang='lat' dir='ltr'>quarn</span> <span class='ocrx_word' id='word_1_369' title='bbox 241 4169 333 4230; x_wconf 76' lang='lat' dir='ltr'>[rurae</span> <span class='ocrx_word' id='word_1_370' title='bbox 357 4152 542 4214; x_wconf 79' lang='lat' dir='ltr'>devotionis</span> <span class='ocrx_word' id='word_1_371' title='bbox 568 4150 689 4214; x_wconf 83' lang='lat' dir='ltr'>affectu</span> <span class='ocrx_word' id='word_1_372' title='bbox 717 4151 908 4230; x_wconf 89' lang='lat' dir='ltr'>promeruit,</span> <span class='ocrx_word' id='word_1_373' title='bbox 963 4148 1097 4221; x_wconf 88' lang='lat' dir='ltr'>eedem;</span> <span class='ocrx_word' id='word_1_374' title='bbox 1112 4148 1237 4211; x_wconf 84' lang='lat' dir='ltr'>formas</span> <span class='ocrx_word' id='word_1_375' title='bbox 1247 4151 1358 4211; x_wconf 91' lang='lat' dir='ltr'>autem</span> <span class='ocrx_word' id='word_1_376' title='bbox 1366 4151 1466 4226; x_wconf 86' lang='lat' dir='ltr'>juxta</span> <span class='ocrx_word' id='word_1_377' title='bbox 1476 4164 1559 4226; x_wconf 77' lang='lat' dir='ltr'>quas</span> <span class='ocrx_word' id='word_1_378' title='bbox 1570 4148 1703 4213; x_wconf 84' lang='lat' dir='ltr'>debetis</span> <span class='ocrx_word' id='word_1_379' title='bbox 1713 4151 1763 4227; x_wconf 91' lang='lat' dir='ltr'>ip-</span> 
     </span>
     <span class='ocr_line' id='line_1_40' title="bbox 115 4246 1761 4326; baseline -0.001 -14"><span class='ocrx_word' id='word_1_380' title='bbox 115 4266 152 4312; x_wconf 89' lang='lat' dir='ltr'>se</span> <span class='ocrx_word' id='word_1_381' title='bbox 173 4250 298 4310; x_wconf 89' lang='lat' dir='ltr'>babere</span> <span class='ocrx_word' id='word_1_382' title='bbox 311 4249 435 4312; x_wconf 89' lang='lat' dir='ltr'>sentiat</span> <span class='ocrx_word' id='word_1_383' title='bbox 451 4265 510 4326; x_wconf 92' lang='lat' dir='ltr'>per</span> <span class='ocrx_word' id='word_1_384' title='bbox 524 4247 688 4320; x_wconf 84' lang='lat' dir='ltr'>effectum,</span> <span class='ocrx_word' id='word_1_385' title='bbox 703 4248 909 4310; x_wconf 88' lang='lat' dir='ltr'>universita-</span> <span class='ocrx_word' id='word_1_386' title='bbox 964 4263 1036 4307; x_wconf 89' lang='lat' dir='ltr'>sum</span> <span class='ocrx_word' id='word_1_387' title='bbox 1054 4246 1192 4323; x_wconf 88' lang='lat' dir='ltr'>pallium</span> <span class='ocrx_word' id='word_1_388' title='bbox 1205 4247 1348 4319; x_wconf 87' lang='lat' dir='ltr'>tradere,</span> <span class='ocrx_word' id='word_1_389' title='bbox 1364 4263 1405 4308; x_wconf 88' lang='lat' dir='ltr'>ac</span> <span class='ocrx_word' id='word_1_390' title='bbox 1423 4246 1593 4309; x_wconf 79' lang='lat' dir='ltr'>fidelitatis</span> <span class='ocrx_word' id='word_1_391' title='bbox 1608 4248 1761 4325; x_wconf 85' lang='lat' dir='ltr'>recipene</span> 
     </span>
     <span class='ocr_line' id='line_1_41' title="bbox 115 4342 1759 4421; baseline -0.001 -13"><span class='ocrx_word' id='word_1_392' title='bbox 115 4349 182 4408; x_wconf 89' lang='lat' dir='ltr'>tem</span> <span class='ocrx_word' id='word_1_393' title='bbox 197 4347 342 4408; x_wconf 85' lang='lat' dir='ltr'>vestram</span> <span class='ocrx_word' id='word_1_394' title='bbox 357 4347 481 4408; x_wconf 91' lang='lat' dir='ltr'>attente</span> <span class='ocrx_word' id='word_1_395' title='bbox 496 4344 677 4420; x_wconf 79' lang='lat' dir='ltr'>rogandam</span> <span class='ocrx_word' id='word_1_396' title='bbox 698 4344 864 4417; x_wconf 85' lang='lat' dir='ltr'>duximus,</span> <span class='ocrx_word' id='word_1_397' title='bbox 878 4346 911 4407; x_wconf 91' lang='lat' dir='ltr'>et</span> <span class='ocrx_word' id='word_1_398' title='bbox 960 4344 1198 4421; x_wconf 76' lang='lat' dir='ltr'>iuramentum,</span> <span class='ocrx_word' id='word_1_399' title='bbox 1212 4343 1308 4405; x_wconf 73' lang='lat' dir='ltr'>vobis</span> <span class='ocrx_word' id='word_1_400' title='bbox 1322 4342 1383 4405; x_wconf 86' lang='lat' dir='ltr'>sub</span> <span class='ocrx_word' id='word_1_401' title='bbox 1401 4343 1493 4407; x_wconf 89' lang='lat' dir='ltr'>bulla</span> <span class='ocrx_word' id='word_1_402' title='bbox 1516 4344 1633 4406; x_wconf 82' lang='lat' dir='ltr'>uostm</span> <span class='ocrx_word' id='word_1_403' title='bbox 1648 4344 1759 4406; x_wconf 83' lang='lat' dir='ltr'>desti·</span> 
     </span>
     <span class='ocr_line' id='line_1_42' title="bbox 115 4439 1759 4519; baseline -0.001 -14"><span class='ocrx_word' id='word_1_404' title='bbox 115 4442 333 4514; x_wconf 90' lang='lat' dir='ltr'>monendam,</span> <span class='ocrx_word' id='word_1_405' title='bbox 363 4457 422 4519; x_wconf 91' lang='lat' dir='ltr'>per</span> <span class='ocrx_word' id='word_1_406' title='bbox 445 4441 634 4519; x_wconf 68' lang='lat' dir='ltr'>apostolica</span> <span class='ocrx_word' id='word_1_407' title='bbox 662 4440 755 4502; x_wconf 82' lang='lat' dir='ltr'>vobis</span> <span class='ocrx_word' id='word_1_408' title='bbox 787 4442 909 4518; x_wconf 88' lang='lat' dir='ltr'>scripta</span> <span class='ocrx_word' id='word_1_409' title='bbox 964 4455 1084 4501; x_wconf 85' lang='lat' dir='ltr'>namus</span> <span class='ocrx_word' id='word_1_410' title='bbox 1108 4440 1269 4512; x_wconf 86' lang='lat' dir='ltr'>inclusas,</span> <span class='ocrx_word' id='word_1_411' title='bbox 1291 4439 1500 4503; x_wconf 84' lang='lat' dir='ltr'>devotionem</span> <span class='ocrx_word' id='word_1_412' title='bbox 1523 4441 1673 4504; x_wconf 72' lang='lat' dir='ltr'>reanum</span> <span class='ocrx_word' id='word_1_413' title='bbox 1697 4457 1759 4503; x_wconf 91' lang='lat' dir='ltr'>ro-</span> 
     </span>
     <span class='ocr_line' id='line_1_43' title="bbox 116 4537 1759 4619; baseline -0.002 -17"><span class='ocrx_word' id='word_1_414' title='bbox 116 4540 322 4613; x_wconf 89' lang='lat' dir='ltr'>mandantes,</span> <span class='ocrx_word' id='word_1_415' title='bbox 337 4542 499 4619; x_wconf 86' lang='lat' dir='ltr'>quatenus</span> <span class='ocrx_word' id='word_1_416' title='bbox 512 4539 663 4600; x_wconf 90' lang='lat' dir='ltr'>eumdem</span> <span class='ocrx_word' id='word_1_417' title='bbox 678 4554 746 4600; x_wconf 85' lang='lat' dir='ltr'>suae</span> <span class='ocrx_word' id='word_1_418' title='bbox 762 4537 910 4616; x_wconf 91' lang='lat' dir='ltr'>probita-</span> <span class='ocrx_word' id='word_1_419' title='bbox 963 4540 1079 4613; x_wconf 77' lang='lat' dir='ltr'>gantos</span> <span class='ocrx_word' id='word_1_420' title='bbox 1105 4537 1275 4610; x_wconf 81' lang='lat' dir='ltr'>attentius,</span> <span class='ocrx_word' id='word_1_421' title='bbox 1296 4554 1337 4600; x_wconf 79' lang='lat' dir='ltr'>ac</span> <span class='ocrx_word' id='word_1_422' title='bbox 1360 4549 1420 4615; x_wconf 87' lang='lat' dir='ltr'>per</span> <span class='ocrx_word' id='word_1_423' title='bbox 1442 4537 1635 4617; x_wconf 72' lang='lat' dir='ltr'>apostolica</span> <span class='ocrx_word' id='word_1_424' title='bbox 1662 4537 1759 4601; x_wconf 83' lang='lat' dir='ltr'>vobis</span> 
     </span>
     <span class='ocr_line' id='line_1_44' title="bbox 115 4634 1759 4714; baseline -0.004 -11"><span class='ocrx_word' id='word_1_425' title='bbox 115 4639 158 4703; x_wconf 88' lang='lat' dir='ltr'>tis</span> <span class='ocrx_word' id='word_1_426' title='bbox 183 4637 315 4710; x_wconf 90' lang='lat' dir='ltr'>intuitu,</span> <span class='ocrx_word' id='word_1_427' title='bbox 339 4639 373 4699; x_wconf 94' lang='lat' dir='ltr'>et</span> <span class='ocrx_word' id='word_1_428' title='bbox 395 4652 531 4714; x_wconf 89' lang='lat' dir='ltr'>precum</span> <span class='ocrx_word' id='word_1_429' title='bbox 551 4637 740 4699; x_wconf 86' lang='lat' dir='ltr'>nostrarum</span> <span class='ocrx_word' id='word_1_430' title='bbox 761 4635 906 4710; x_wconf 89' lang='lat' dir='ltr'>obtentu,</span> <span class='ocrx_word' id='word_1_431' title='bbox 963 4635 1087 4711; x_wconf 89' lang='lat' dir='ltr'>scripta</span> <span class='ocrx_word' id='word_1_432' title='bbox 1104 4635 1309 4707; x_wconf 84' lang='lat' dir='ltr'>mandantes,</span> <span class='ocrx_word' id='word_1_433' title='bbox 1330 4638 1494 4712; x_wconf 82' lang='lat' dir='ltr'>quatenns</span> <span class='ocrx_word' id='word_1_434' title='bbox 1515 4634 1641 4697; x_wconf 81' lang='lat' dir='ltr'>formas</span> <span class='ocrx_word' id='word_1_435' title='bbox 1667 4636 1759 4713; x_wconf 85' lang='lat' dir='ltr'>ipsas</span> 
     </span>
     <span class='ocr_line' id='line_1_45' title="bbox 113 4730 1759 4810; baseline -0.002 -12"><span class='ocrx_word' id='word_1_436' title='bbox 113 4736 149 4798; x_wconf 92' lang='lat' dir='ltr'>in</span> <span class='ocrx_word' id='word_1_437' title='bbox 162 4736 297 4798; x_wconf 81' lang='lat' dir='ltr'>tratrem</span> <span class='ocrx_word' id='word_1_438' title='bbox 310 4734 458 4797; x_wconf 86' lang='lat' dir='ltr'>vestrum</span> <span class='ocrx_word' id='word_1_439' title='bbox 472 4736 505 4796; x_wconf 91' lang='lat' dir='ltr'>et</span> <span class='ocrx_word' id='word_1_440' title='bbox 519 4734 716 4797; x_wconf 88' lang='lat' dir='ltr'>canonicum</span> <span class='ocrx_word' id='word_1_441' title='bbox 731 4732 910 4797; x_wconf 90' lang='lat' dir='ltr'>admitten-</span> <span class='ocrx_word' id='word_1_442' title='bbox 961 4730 1177 4794; x_wconf 86' lang='lat' dir='ltr'>observantes</span> <span class='ocrx_word' id='word_1_443' title='bbox 1190 4746 1250 4808; x_wconf 86' lang='lat' dir='ltr'>per</span> <span class='ocrx_word' id='word_1_444' title='bbox 1264 4731 1387 4804; x_wconf 90' lang='lat' dir='ltr'>omnia,</span> <span class='ocrx_word' id='word_1_445' title='bbox 1398 4731 1435 4794; x_wconf 90' lang='lat' dir='ltr'>in</span> <span class='ocrx_word' id='word_1_446' title='bbox 1448 4732 1520 4809; x_wconf 87' lang='lat' dir='ltr'>ipso</span> <span class='ocrx_word' id='word_1_447' title='bbox 1535 4733 1672 4807; x_wconf 79' lang='lat' dir='ltr'>negotio</span> <span class='ocrx_word' id='word_1_448' title='bbox 1686 4748 1759 4810; x_wconf 85' lang='lat' dir='ltr'>pro-</span> 
     </span>
     <span class='ocr_line' id='line_1_46' title="bbox 114 4827 1756 4908; baseline -0.001 -14"><span class='ocrx_word' id='word_1_449' title='bbox 114 4836 175 4904; x_wconf 89' lang='lat' dir='ltr'>tes,</span> <span class='ocrx_word' id='word_1_450' title='bbox 192 4833 223 4894; x_wconf 88' lang='lat' dir='ltr'>ei</span> <span class='ocrx_word' id='word_1_451' title='bbox 238 4831 448 4908; x_wconf 87' lang='lat' dir='ltr'>praebendam</span> <span class='ocrx_word' id='word_1_452' title='bbox 464 4831 619 4894; x_wconf 84' lang='lat' dir='ltr'>investra</span> <span class='ocrx_word' id='word_1_453' title='bbox 631 4830 773 4893; x_wconf 89' lang='lat' dir='ltr'>ecclesia</span> <span class='ocrx_word' id='word_1_454' title='bbox 786 4829 909 4893; x_wconf 87' lang='lat' dir='ltr'>libera·</span> <span class='ocrx_word' id='word_1_455' title='bbox 962 4829 1099 4901; x_wconf 85' lang='lat' dir='ltr'>cedatis,</span> <span class='ocrx_word' id='word_1_456' title='bbox 1115 4829 1165 4891; x_wconf 91' lang='lat' dir='ltr'>sic</span> <span class='ocrx_word' id='word_1_457' title='bbox 1179 4827 1320 4890; x_wconf 79' lang='lat' dir='ltr'>fideliter</span> <span class='ocrx_word' id='word_1_458' title='bbox 1340 4831 1376 4890; x_wconf 84' lang='lat' dir='ltr'>et</span> <span class='ocrx_word' id='word_1_459' title='bbox 1395 4827 1587 4906; x_wconf 83' lang='lat' dir='ltr'>prudenter,</span> <span class='ocrx_word' id='word_1_460' title='bbox 1602 4830 1693 4907; x_wconf 83' lang='lat' dir='ltr'>quod</span> <span class='ocrx_word' id='word_1_461' title='bbox 1712 4831 1756 4892; x_wconf 85' lang='lat' dir='ltr'>d-</span> 
     </span>
     <span class='ocr_line' id='line_1_47' title="bbox 114 4925 1758 5007; baseline 0.001 -18"><span class='ocrx_word' id='word_1_462' title='bbox 114 4929 190 4991; x_wconf 89' lang='lat' dir='ltr'>liter</span> <span class='ocrx_word' id='word_1_463' title='bbox 205 4929 383 4991; x_wconf 84' lang='lat' dir='ltr'>conferatis</span> <span class='ocrx_word' id='word_1_464' title='bbox 398 4945 497 5007; x_wconf 87' lang='lat' dir='ltr'>quam</span> <span class='ocrx_word' id='word_1_465' title='bbox 513 4928 611 4992; x_wconf 91' lang='lat' dir='ltr'>citius</span> <span class='ocrx_word' id='word_1_466' title='bbox 626 4926 784 4990; x_wconf 91' lang='lat' dir='ltr'>obtulerit</span> <span class='ocrx_word' id='word_1_467' title='bbox 804 4944 841 4989; x_wconf 91' lang='lat' dir='ltr'>se</span> <span class='ocrx_word' id='word_1_468' title='bbox 856 4927 909 4989; x_wconf 85' lang='lat' dir='ltr'>la·</span> <span class='ocrx_word' id='word_1_469' title='bbox 961 4927 1081 4988; x_wconf 90' lang='lat' dir='ltr'>demet</span> <span class='ocrx_word' id='word_1_470' title='bbox 1095 4926 1305 5002; x_wconf 88' lang='lat' dir='ltr'>prudentiam</span> <span class='ocrx_word' id='word_1_471' title='bbox 1318 4927 1464 4991; x_wconf 76' lang='lat' dir='ltr'>vestram</span> <span class='ocrx_word' id='word_1_472' title='bbox 1482 4925 1666 4989; x_wconf 84' lang='lat' dir='ltr'>debeamus</span> <span class='ocrx_word' id='word_1_473' title='bbox 1686 4944 1758 4991; x_wconf 86' lang='lat' dir='ltr'>me·</span> 
     </span>
     <span class='ocr_line' id='line_1_48' title="bbox 114 5022 1756 5101; baseline 0 -13"><span class='ocrx_word' id='word_1_474' title='bbox 114 5027 231 5088; x_wconf 91' lang='lat' dir='ltr'>cultas.</span> <span class='ocrx_word' id='word_1_475' title='bbox 246 5029 366 5086; x_wconf 90' lang='lat' dir='ltr'>Preces</span> <span class='ocrx_word' id='word_1_476' title='bbox 379 5027 412 5087; x_wconf 87' lang='lat' dir='ltr'>et</span> <span class='ocrx_word' id='word_1_477' title='bbox 425 5027 618 5088; x_wconf 88' lang='lat' dir='ltr'>mandatum</span> <span class='ocrx_word' id='word_1_478' title='bbox 634 5029 784 5087; x_wconf 88' lang='lat' dir='ltr'>nostrum</span> <span class='ocrx_word' id='word_1_479' title='bbox 793 5025 908 5087; x_wconf 90' lang='lat' dir='ltr'>taliter</span> <span class='ocrx_word' id='word_1_480' title='bbox 960 5023 1026 5085; x_wconf 86' lang='lat' dir='ltr'>rito</span> <span class='ocrx_word' id='word_1_481' title='bbox 1044 5023 1300 5085; x_wconf 80' lang='lat' dir='ltr'>commendere:</span> <span class='ocrx_word' id='word_1_482' title='bbox 1320 5022 1451 5100; x_wconf 87' lang='lat' dir='ltr'>quodsi</span> <span class='ocrx_word' id='word_1_483' title='bbox 1465 5024 1543 5101; x_wconf 88' lang='lat' dir='ltr'>qnid</span> <span class='ocrx_word' id='word_1_484' title='bbox 1560 5023 1756 5088; x_wconf 83' lang='lat' dir='ltr'>bnrnanitus</span> 
     </span>
     <span class='ocr_line' id='line_1_49' title="bbox 114 5118 1754 5199; baseline 0.001 -16"><span class='ocrx_word' id='word_1_485' title='bbox 114 5122 293 5199; x_wconf 89' lang='lat' dir='ltr'>impleturi,</span> <span class='ocrx_word' id='word_1_486' title='bbox 310 5123 396 5198; x_wconf 90' lang='lat' dir='ltr'>quod</span> <span class='ocrx_word' id='word_1_487' title='bbox 416 5123 487 5199; x_wconf 88' lang='lat' dir='ltr'>ipse</span> <span class='ocrx_word' id='word_1_488' title='bbox 512 5139 570 5199; x_wconf 92' lang='lat' dir='ltr'>per</span> <span class='ocrx_word' id='word_1_489' title='bbox 594 5125 688 5199; x_wconf 76' lang='lat' dir='ltr'>anus</span> <span class='ocrx_word' id='word_1_490' title='bbox 707 5122 906 5183; x_wconf 86' lang='lat' dir='ltr'>industriam</span> <span class='ocrx_word' id='word_1_491' title='bbox 961 5119 1093 5181; x_wconf 91' lang='lat' dir='ltr'>interim</span> <span class='ocrx_word' id='word_1_492' title='bbox 1106 5118 1210 5183; x_wconf 88' lang='lat' dir='ltr'>alicui</span> <span class='ocrx_word' id='word_1_493' title='bbox 1223 5120 1382 5191; x_wconf 84' lang='lat' dir='ltr'>vestrum,</span> <span class='ocrx_word' id='word_1_494' title='bbox 1397 5119 1483 5197; x_wconf 83' lang='lat' dir='ltr'>quod</span> <span class='ocrx_word' id='word_1_495' title='bbox 1497 5119 1598 5192; x_wconf 76' lang='lat' dir='ltr'>absit,</span> <span class='ocrx_word' id='word_1_496' title='bbox 1620 5122 1754 5195; x_wconf 80' lang='lat' dir='ltr'>accidit,</span> 
     </span>
     <span class='ocr_line' id='line_1_50' title="bbox 114 5217 1756 5296; baseline 0.001 -16"><span class='ocrx_word' id='word_1_497' title='bbox 114 5224 208 5296; x_wconf 82' lang='lat' dir='ltr'>grata</span> <span class='ocrx_word' id='word_1_498' title='bbox 223 5218 316 5281; x_wconf 80' lang='lat' dir='ltr'>vobis</span> <span class='ocrx_word' id='word_1_499' title='bbox 332 5221 364 5280; x_wconf 94' lang='lat' dir='ltr'>et</span> <span class='ocrx_word' id='word_1_500' title='bbox 387 5219 452 5296; x_wconf 79' lang='lat' dir='ltr'>ipsi</span> <span class='ocrx_word' id='word_1_501' title='bbox 475 5220 625 5281; x_wconf 83' lang='lat' dir='ltr'>ecclesiae</span> <span class='ocrx_word' id='word_1_502' title='bbox 646 5220 801 5296; x_wconf 92' lang='lat' dir='ltr'>poterunt</span> <span class='ocrx_word' id='word_1_503' title='bbox 821 5234 907 5280; x_wconf 92' lang='lat' dir='ltr'>com·</span> <span class='ocrx_word' id='word_1_504' title='bbox 959 5218 1099 5293; x_wconf 85' lang='lat' dir='ltr'>reliqua,</span> <span class='ocrx_word' id='word_1_505' title='bbox 1125 5232 1200 5294; x_wconf 84' lang='lat' dir='ltr'>quae</span> <span class='ocrx_word' id='word_1_506' title='bbox 1226 5217 1399 5293; x_wconf 86' lang='lat' dir='ltr'>praemissa</span> <span class='ocrx_word' id='word_1_507' title='bbox 1422 5219 1511 5288; x_wconf 77' lang='lat' dir='ltr'>sunt,</span> <span class='ocrx_word' id='word_1_508' title='bbox 1534 5217 1756 5283; x_wconf 83' lang='lat' dir='ltr'>nibilominus</span> 
     </span>
     <span class='ocr_line' id='line_1_51' title="bbox 113 5314 1753 5393; baseline 0.002 -15"><span class='ocrx_word' id='word_1_509' title='bbox 113 5317 209 5378; x_wconf 90' lang='lat' dir='ltr'>moda</span> <span class='ocrx_word' id='word_1_510' title='bbox 220 5316 407 5393; x_wconf 85' lang='lat' dir='ltr'>provenire,</span> <span class='ocrx_word' id='word_1_511' title='bbox 421 5331 459 5376; x_wconf 91' lang='lat' dir='ltr'>eo</span> <span class='ocrx_word' id='word_1_512' title='bbox 475 5315 520 5376; x_wconf 86' lang='lat' dir='ltr'>sit</span> <span class='ocrx_word' id='word_1_513' title='bbox 536 5315 570 5375; x_wconf 92' lang='lat' dir='ltr'>in</span> <span class='ocrx_word' id='word_1_514' title='bbox 582 5317 743 5377; x_wconf 84' lang='lat' dir='ltr'>restraet</span> <span class='ocrx_word' id='word_1_515' title='bbox 756 5315 905 5392; x_wconf 82' lang='lat' dir='ltr'>ejusdem</span> <span class='ocrx_word' id='word_1_516' title='bbox 960 5315 1172 5391; x_wconf 79' lang='lat' dir='ltr'>exsequatur,</span> <span class='ocrx_word' id='word_1_517' title='bbox 1191 5314 1350 5391; x_wconf 84' lang='lat' dir='ltr'>quidquid</span> <span class='ocrx_word' id='word_1_518' title='bbox 1365 5315 1476 5378; x_wconf 87' lang='lat' dir='ltr'>autem</span> <span class='ocrx_word' id='word_1_519' title='bbox 1493 5314 1576 5376; x_wconf 90' lang='lat' dir='ltr'>inde</span> <span class='ocrx_word' id='word_1_520' title='bbox 1595 5315 1753 5387; x_wconf 73' lang='lat' dir='ltr'>fenenne.</span> 
     </span>
     <span class='ocr_line' id='line_1_52' title="bbox 114 5410 1755 5490; baseline 0.001 -14"><span class='ocrx_word' id='word_1_521' title='bbox 114 5415 263 5477; x_wconf 75' lang='lat' dir='ltr'>ecclesiae</span> <span class='ocrx_word' id='word_1_522' title='bbox 290 5414 465 5477; x_wconf 86' lang='lat' dir='ltr'>devotione</span> <span class='ocrx_word' id='word_1_523' title='bbox 489 5411 680 5485; x_wconf 82' lang='lat' dir='ltr'>ferventior,</span> <span class='ocrx_word' id='word_1_524' title='bbox 704 5429 768 5490; x_wconf 86' lang='lat' dir='ltr'>quo</span> <span class='ocrx_word' id='word_1_525' title='bbox 792 5429 851 5474; x_wconf 80' lang='lat' dir='ltr'>vos</span> <span class='ocrx_word' id='word_1_526' title='bbox 869 5413 905 5474; x_wconf 91' lang='lat' dir='ltr'>in</span> <span class='ocrx_word' id='word_1_527' title='bbox 960 5410 1055 5474; x_wconf 90' lang='lat' dir='ltr'>nobis</span> <span class='ocrx_word' id='word_1_528' title='bbox 1065 5427 1125 5488; x_wconf 90' lang='lat' dir='ltr'>per</span> <span class='ocrx_word' id='word_1_529' title='bbox 1138 5410 1267 5472; x_wconf 89' lang='lat' dir='ltr'>litteras</span> <span class='ocrx_word' id='word_1_530' title='bbox 1279 5411 1443 5471; x_wconf 85' lang='lat' dir='ltr'>veraciter</span> <span class='ocrx_word' id='word_1_531' title='bbox 1452 5410 1627 5477; x_wconf 82' lang='lat' dir='ltr'>intimetis.</span> <span class='ocrx_word' id='word_1_532' title='bbox 1637 5415 1755 5477; x_wconf 81' lang='lat' dir='ltr'>narum</span> 
     </span>
     <span class='ocr_line' id='line_1_53' title="bbox 114 5508 1753 5590; baseline 0 -18"><span class='ocrx_word' id='word_1_533' title='bbox 114 5530 173 5573; x_wconf 88' lang='lat' dir='ltr'>sna</span> <span class='ocrx_word' id='word_1_534' title='bbox 185 5513 372 5590; x_wconf 87' lang='lat' dir='ltr'>receptione</span> <span class='ocrx_word' id='word_1_535' title='bbox 385 5511 553 5572; x_wconf 81' lang='lat' dir='ltr'>invenerit</span> <span class='ocrx_word' id='word_1_536' title='bbox 562 5511 792 5587; x_wconf 86' lang='lat' dir='ltr'>promptiores,</span> <span class='ocrx_word' id='word_1_537' title='bbox 804 5512 905 5572; x_wconf 92' lang='lat' dir='ltr'>etnos</span> <span class='ocrx_word' id='word_1_538' title='bbox 961 5511 1072 5571; x_wconf 87' lang='lat' dir='ltr'>Romae</span> <span class='ocrx_word' id='word_1_539' title='bbox 1085 5508 1170 5584; x_wconf 90' lang='lat' dir='ltr'>apud</span> <span class='ocrx_word' id='word_1_540' title='bbox 1188 5510 1344 5570; x_wconf 89' lang='lat' dir='ltr'>Sanctum</span> <span class='ocrx_word' id='word_1_541' title='bbox 1355 5509 1490 5569; x_wconf 87' lang='lat' dir='ltr'>Petrum</span> <span class='ocrx_word' id='word_1_542' title='bbox 1501 5508 1531 5570; x_wconf 94' lang='lat' dir='ltr'>ll</span> <span class='ocrx_word' id='word_1_543' title='bbox 1541 5524 1651 5572; x_wconf 89' lang='lat' dir='ltr'>nonas</span> <span class='ocrx_word' id='word_1_544' title='bbox 1663 5510 1753 5580; x_wconf 90' lang='lat' dir='ltr'>maii,</span> 
     </span>
     <span class='ocr_line' id='line_1_54' title="bbox 112 5605 1512 5684; baseline -0.007 -10"><span class='ocrx_word' id='word_1_545' title='bbox 112 5612 231 5674; x_wconf 81' lang='lat' dir='ltr'>nestrae</span> <span class='ocrx_word' id='word_1_546' title='bbox 264 5610 450 5672; x_wconf 82' lang='lat' dir='ltr'>devotionis</span> <span class='ocrx_word' id='word_1_547' title='bbox 484 5608 707 5670; x_wconf 88' lang='lat' dir='ltr'>obedientiam</span> <span class='ocrx_word' id='word_1_548' title='bbox 737 5623 906 5670; x_wconf 90' lang='lat' dir='ltr'>commen-</span> <span class='ocrx_word' id='word_1_549' title='bbox 959 5605 1387 5684; x_wconf 78' lang='lat' dir='ltr'>pontificatusnostrianno</span> <span class='ocrx_word' id='word_1_550' title='bbox 1401 5605 1512 5667; x_wconf 86' lang='lat' dir='ltr'>tertio.</span> 
     </span>
    </p>
   </div>
   <div class='ocr_carea' id='block_1_8' title="bbox 0 0 1892 6182">
    <p class='ocr_par' dir='ltr' id='par_1_11' title="bbox 0 0 1892 6182">
     <span class='ocr_line' id='line_1_55' title="bbox 0 0 1892 6182; baseline 0 0"><span class='ocrx_word' id='word_1_551' title='bbox 0 0 1892 6182; x_wconf 95' lang='lat' dir='ltr'> </span> 
     </span>
    </p>
   </div>
  </div>
 </body>
</html>
