3774 6186
105 322 164 387 aar
406 348 408 355 ·
726 319 953 387 srrs'roum.
977 321 1054 381 urs.
1079 320 1132 380 1v.
1332 292 1344 320 ⁸
1691 322 1752 383 ers

108 478 904 565 puitexsrcitusChristianus,quumnequaquam
958 479 1085 541 ordinis
1097 480 1130 540 et
1140 477 1325 540 Vadacensi
1338 476 1523 550 abbatibus,
1534 477 1749 543 Abriucensis

109 579 282 643 sufficiant
299 579 342 641 ad
357 578 549 656 praediotarn
564 577 709 640 incolere
723 576 902 646 civitatem,
958 580 992 638 et
1021 574 1279 637 Cenomanensis
1304 575 1510 647 dioecesium,
1531 578 1565 637 et
1590 579 1750 654 magistro

110 676 143 740 et
179 676 364 754 procedere
386 674 429 736 ad
452 674 537 737 alias
562 674 803 751 impugnandas
832 672 904 733 sine
959 672 1147 735 scholarum
1161 671 1403 748 andegavensi,
1421 674 1562 736 salutem
1577 674 1752 751 etaposto·

110 774 315 852 quibuscum
324 773 385 834 illa
396 772 504 834 teneri
513 771 737 835 aChristianis
751 786 816 832 non
827 786 906 845 pos·
959 770 1060 832 licam
1073 769 1350 832 benedictionem.

111 870 247 944 sitnon
256 867 671 933 restatnisiauteamcum
687 868 780 929 tanta
796 866 905 943 gloria
997 868 1165 929 accedens
1192 866 1273 927 olim
1299 867 1340 927 ad
1364 868 1577 943 praesentiam
1603 869 1750 931 nostram

111 965 335 1044 conquisitam
353 963 574 1042 ignominiose
587 965 752 1035 deserere,
766 964 825 1024 aut
843 964 907 1025 cir·
958 964 1159 1026 venerabilis
1174 964 1279 1025 frater
1296 964 1408 1024 noster
1423 966 1647 1028 Nannstensis
1660 968 1751 1044 epis-

112 1064 319 1127 curnstantss
351 1077 543 1141 expugnare
566 1059 904 1132 viriliter,etCl1ris-
959 1077 1061 1139 copus
1082 1060 1300 1140 (Stephanus)
1316 1061 1496 1137 postulavit
1517 1065 1751 1124 excommuni-

112 1162 204 1225 tiano
216 1159 347 1231 nomini
356 1160 525 1237 praeeunte
533 1158 661 1236 judicio
674 1157 816 1218 feliciter
831 1155 906 1217 sub·
960 1159 1100 1221 cationis
1111 1161 1144 1221 et
1154 1157 1320 1219 interdicti
1335 1159 1527 1230 sententias,
1541 1161 1673 1236 quasin
1687 1176 1751 1221 no-

111 1261 246 1336 tugare.
282 1258 352 1318 Nos
394 1255 527 1334 quidem
573 1255 692 1317 futuris
736 1252 905 1330 praeterita
959 1256 1059 1318 bilem
1073 1256 1182 1316 virum
1206 1255 1358 1317 comitem
1377 1256 1558 1318 Britanniae
1573 1273 1613 1317 ac
1626 1257 1752 1319 terram

114 1355 329 1431 coaptantes,
351 1352 410 1413 illa
431 1351 582 1413 videmur
606 1352 756 1429 tempora
784 1348 906 1416 intueri
961 1368 1056 1413 suam
1071 1367 1130 1428 pro
1144 1352 1304 1413 violentia
1319 1351 1520 1424 libertatum,
1535 1369 1576 1413 ac
1590 1353 1703 1413 multis
1720 1355 1755 1415 et

113 1450 238 1530 quibus
265 1447 450 1521 Machabaei
483 1449 597 1510 sancta
627 1462 698 1517 sua,
721 1446 905 1524 profligatis
960 1448 1117 1525 gravibus
1138 1448 1268 1509 damnis
1284 1448 1318 1508 et
1330 1447 1466 1524 injuriis
1480 1447 1521 1509 ab
1544 1448 1617 1524 ipso
1632 1450 1756 1510 comite

113 1547 284 1626 parabus,
298 1561 375 1615 cum
384 1558 506 1620 magna
518 1544 630 1621 populi
644 1544 698 1605 sui
708 1543 909 1606 latitiares-
961 1550 1059 1622 atque
1074 1545 1156 1614 suis,
1171 1543 1235 1605 sibi
1250 1546 1283 1606 et
1297 1545 1446 1606 ecclesiae
1461 1561 1530 1607 suae
1543 1561 1582 1607 ac
1594 1549 1666 1623 ejus
1679 1546 1755 1607 sub·

113 1645 303 1717 curarunt,
320 1643 354 1706 et
366 1641 408 1704 de
421 1641 543 1705 divinae
558 1641 690 1718 pietatis
705 1640 907 1703 abundantia
961 1643 1039 1704 ditis
1050 1642 1217 1717 irrogatis,
1230 1641 1452 1703 fractisetiam
1463 1642 1657 1719 quibusdam
1668 1659 1756 1705 com-

115 1741 332 1812 confldentes,
349 1753 520 1815 speramus
535 1737 621 1815 quod
642 1737 809 1800 modernis
824 1738 909 1797 tem·
962 1738 1182 1816 positionibus
1208 1738 1294 1800 inter
1319 1754 1376 1799 eos
1398 1739 1503 1811 initis,
1527 1740 1694 1812 intrueret,
1720 1743 1755 1804 et

117 1837 254 1916 poribus
276 1837 349 1899 baec
374 1835 411 1899 in
434 1834 555 1912 populo
583 1833 772 1897 Christiano
792 1832 909 1894 debeat
963 1835 1238 1910 metropolitanus
1276 1836 1486 1911 postmodum
1521 1837 1752 1911 confirmarat,

115 1935 233 1998 laetitia
258 1932 425 1996 innovari.
448 1934 620 1994 Monemus
641 1931 743 2007 igitur
768 1930 907 1996 univer·
963 1945 1091 1990 necnon
1111 1927 1187 1991 illas
1211 1944 1293 2005 quas
1314 1929 1402 1989 idem
1426 1930 1702 2006 metropolitanus
1719 1931 1755 1992 in

115 2035 217 2097 amna
233 2031 389 2101 vestram,
404 2045 560 2105 rogamus
574 2030 606 2091 et
621 2027 834 2089 obsecramus
850 2041 911 2102 per
964 2026 1161 2104 provinciali
1174 2026 1315 2087 concilio
1329 2027 1598 2102 promulgaverat
1608 2028 1645 2088 in
1659 2043 1757 2089 eum-

117 2129 349 2206 aspersionem
363 2126 537 2201 sanguinis
551 2127 631 2186 issu
643 2123 776 2195 Christi,
793 2124 911 2200 quate·
964 2123 1049 2195 dem,
1069 2122 1257 2199 apostolico
1285 2124 1467 2185 munimine
1494 2123 1657 2186 roborari.
1684 2126 1757 2187 Nos

117 2243 179 2289 nus
191 2224 327 2289 accensi
342 2223 441 2300 hujus
452 2222 577 2284 laetitia
587 2221 764 2292 desiderio,
779 2219 821 2281 ad
832 2219 912 2280 sub-
964 2221 1076 2282 autem
1101 2219 1234 2298 dilectis
1260 2219 1339 2281 filiis
1365 2221 1492 2282 cantori
1521 2222 1556 2283 et
1585 2221 1756 2297 magistris

117 2320 309 2385 tentionem
333 2319 501 2383 exercitus
534 2318 714 2398 sepedicti,
740 2316 911 2379 renovatis
964 2317 1072 2378 duello
1083 2317 1117 2378 et
1125 2317 1253 2388 Restio,
1261 2317 1754 2392 canonicisilenomanensibus,

118 2420 241 2481 animis
262 2419 296 2479 et
315 2416 455 2489 viribus,
475 2416 511 2476 ia
529 2416 629 2477 tantae
655 2412 923 2496 opportunitatis
965 2414 1115 2475 dedimus
1130 2414 1164 2475 in
1179 2413 1355 2484 mandatis,
1371 2414 1417 2485 ut,
1438 2413 1468 2474 si
1489 2428 1599 2476 comes
1614 2413 1758 2492 praedio-

118 2515 261 2578 articulo
296 2513 491 2577 intendatis.
520 2514 589 2574 Nos
618 2512 729 2572 autem
762 2509 911 2577 factata
966 2515 1018 2574 tus
1046 2513 1220 2590 praestaret
1244 2512 1286 2572 da
1312 2513 1441 2572 damnis
1465 2514 1499 2574 et
1531 2513 1666 2591 injuriis
1688 2515 1758 2575 mm

123 2612 293 2693 principio·
302 2610 526 2686 indulgentias
543 2609 751 2679 innovantes,
759 2605 912 2668 omnibus
966 2610 1055 2671 circa
1071 2608 1240 2671 libertates
1255 2624 1353 2686 quarn
1366 2609 1433 2669 alia
1445 2609 1630 2671 manifestis
1644 2626 1761 2672 emen-

123 2711 180 2786 qui
196 2708 345 2770 laborem
367 2708 468 2768 istum
480 2707 515 2767 in
531 2706 675 2782 propriis
687 2704 838 2781 personis
855 2720 914 2763 su·
966 2707 1054 2778 dam,
1080 2721 1120 2767 ac
1141 2706 1260 2767 deindo
1286 2705 1517 2775 sufficientem,
1542 2707 1630 2784 quod
1654 2709 1759 2771 staret

120 2806 254 2875 bierint,
271 2803 480 2880 etexpeasis
497 2802 537 2865 ac'
549 2801 600 2863 eis
611 2801 840 2868 nibilominus,
856 2799 912 2877 qui
963 2804 1139 2880 jurisuper
1147 2802 1267 2870 dubiis,
1275 2802 1674 2873 cautionemrelaaarsnt
1685 2819 1759 2864 san-

120 2919 189 2964 non
207 2903 241 2962 in
254 2900 397 2978 propriis
414 2899 565 2976 personis
576 2898 791 2967 accesserint,
805 2897 863 2958 sed
878 2897 913 2957 in
966 2901 1089 2962 tenuas
1116 2899 1332 2972 memoratas;
1365 2900 1515 2976 alioquin
1544 2900 1645 2977 ipsas,
1671 2901 1759 2962 sicut

121 2999 279 3076 expensis
303 2997 372 3058 suis
402 2999 499 3073 juxta
520 2995 695 3057 facultates
719 3010 798 3055 suas
824 2994 914 3055 viros
967 2995 1211 3058 rationabiliter
1220 2998 1331 3057 esseut
1344 2996 1432 3069 latas,
1449 2997 1646 3060 auctoritate
1655 2999 1760 3073 apos-

123 3097 259 3156 idoneos
284 3094 534 3166 destinavarlnt,
548 3106 677 3153 necnon
698 3093 731 3152 et
751 3090 828 3152 aliis
845 3089 913 3166 qui,
968 3093 1069 3154 tolica
1079 3093 1228 3153 facerent
1238 3107 1342 3168 usque
1355 3094 1395 3153 ad
1409 3092 1668 3155 satisfactionem
1682 3109 1761 3154 con.-

122 3193 202 3255 licet
216 3193 251 3252 in
269 3192 388 3253 alienis
402 3191 573 3267 expansis,
582 3190 618 3250 in
641 3188 786 3266 propriis
804 3189 915 3249 tamen
947 3210 952 3217 ·
969 3205 1086 3266 gruem
1099 3187 1338 3249 inviolabiliter
1346 3188 1528 3250 observari.

123 3289 278 3367 personis
288 3288 502 3358 accesserint,
511 3287 643 3362 plenam
654 3300 789 3346 suorum
804 3299 917 3362 pecca·
1010 3288 1182 3363 Quumque
1195 3300 1297 3361 super
1310 3285 1353 3345 iis
1365 3285 1517 3362 jamdicti
1533 3286 1664 3362 judices
1684 3302 1763 3363 pro·

125 3390 245 3458 torum,
262 3386 303 3447 de
323 3385 442 3462 quibus
463 3384 632 3445 fuerintat
646 3382 745 3444 corde
767 3381 914 3452 contriti,
971 3383 1161 3452 cessissent,
1186 3385 1280 3460 parte
1301 3382 1429 3443 comitis
1458 3382 1655 3460 appellante,
1685 3399 1761 3445 me-

123 3501 166 3545 ex
194 3498 253 3545 ore
279 3481 438 3551 confessi,
468 3480 599 3541 veniam
630 3479 856 3554 indulgemus,
885 3481 918 3540 et
972 3482 1117 3544 moratus
1128 3480 1302 3557 episcopus
1315 3480 1348 3540 et
1366 3481 1598 3556 procuratores
1617 3481 1761 3551 comitis,

124 3581 160 3641 in
187 3579 408 3642 retributione
435 3580 601 3655 justorum
636 3577 753 3639 aeterni
789 3575 917 3652 praemii
972 3579 1127 3641 videlicet
1141 3579 1306 3640 Oliverius
1319 3577 1425 3649 miles,
1441 3579 1498 3656 qui
1512 3579 1552 3639 ad
1565 3578 1762 3654 litigandum

126 3677 324 3755 pollicemur
346 3675 569 3749 augmentum.
584 3674 690 3749 Huius
705 3687 834 3749 quoque
859 3687 917 3732 ro·
973 3678 1006 3738 ot
1020 3675 1293 3752 componendum,
1309 3676 1342 3736 et
1360 3676 1560 3737 Rotonensis
1579 3675 1692 3745 abbas,
1706 3675 1765 3754 qui

126 3773 296 3835 missionis
333 3771 486 3835 volumus
521 3771 555 3831 et
591 3769 803 3830 concedimus
844 3781 918 3827 esse
973 3774 1015 3834 ad
1029 3771 1291 3849 componendum
1312 3773 1457 3849 speciale
1481 3773 1672 3835 mandatum
1699 3773 1766 3835 ha,

127 3870 307 3948 participes
318 3869 415 3945 juxta
429 3866 647 3946 quantitatem
662 3863 801 3925 subsidii
811 3865 844 3925 et
856 3864 919 3924 ds·
973 3869 1106 3941 hebent,
1121 3870 1156 3930 in
1167 3872 1282 3930 nostra
1293 3872 1550 3945 comparuerunt
1563 3871 1764 3946 praesentia:

126 3967 273 4029 notionis
286 3967 582 4035 affectumomues
598 3962 653 4039 qui
667 3961 707 4021 ad
723 3959 919 4023 subventio·
975 3966 1094 4044 quibus
1117 3967 1273 4027 dilectum
1299 3966 1405 4025 filium
1431 3967 1580 4026 nostrum
1600 3966 1660 4025 Th.
1675 3965 1764 4027 tituli

128 4080 203 4126 nem
216 4062 367 4139 praedicti
377 4061 503 4137 negotii
520 4060 562 4121 de
577 4058 673 4120 bonis
692 4057 921 4132 suiscongrue
977 4064 1106 4124 Sanctae
1135 4062 1267 4124 Sabinae
1300 4061 1527 4138 presbyterum
1562 4062 1767 4123 cardinalem

127 4158 374 4231 ministrabunt»
390 4160 449 4220 aui
468 4156 659 4233 imilfflldesst
673 4153 852 4216 ⁶⁰ss⁸ilium
868 4153 921 4215 vel
977 4159 1200 4222 concessimus
1213 4159 1409 4229 auditorem,
1422 4174 1486 4236 quo
1498 4158 1674 4227 mediante,
1686 4157 1768 4219 ami·

129 4257 295 4319 auxilium
307 4256 538 4332 opportunum.
977 4256 1131 4319 cabiliter
1144 4256 1295 4332 provenit
1307 4256 1501 4333 compositio
1518 4255 1687 4326 intereos,
1702 4268 1767 4316 cu-

448 4393 607 4481 LXXIV
973 4358 1031 4432 Jus
1044 4355 1194 4415 tenorem
1208 4352 1249 4413 de
1264 4351 1366 4414 verbo
1384 4352 1425 4413 ad
1446 4351 1582 4413 verbum
1596 4351 1770 4429 praesenti·

560 4519 571 4533 ,
978 4451 1039 4511 bus
1050 4449 1212 4526 jussimus
1226 4449 1391 4520 annotari,
1409 4448 1558 4526 quitatis
1573 4450 1623 4510 est
1639 4469 1647 4509 a
1861 4512 1869 4523 ,

131 4522 182 4581 M
195 4521 475 4580 mmmmm
489 4517 523 4579 εἰ
543 4519 773 4578 V‘Wemem
788 4514 925 4577 abbam
1019 4550 1056 4608 ln
1071 4547 1158 4607 banc
1179 4545 1317 4607 formam
1332 4545 1583 4622 compositionis
1597 4548 1666 4606 tam
1681 4545 1771 4621 spis-

175 4615 209 4679 et
222 4616 432 4692 montrum
445 4619 640 4726 scholarum
654 4615 874 4689 Aredcpaccu.
979 4660 1081 4721 copus
1096 4644 1331 4709 metensis,
1348 4658 1445 4720 quam
1466 4642 1697 4720 procuratores
1712 4656 1771 4703 00,

415 4719 575 4824 ¹⁸l⁸¹¹¹¹⁸fj
591 4717 670 4777 ¹²²⁰·
980 4741 1081 4812 mitis,
1096 4741 1349 4801 convenerunt:

216 4814 616 4904 [¹³⁰⁰‘1¹¹“’¹³⁰⁰¹¹⁰¹¹.‘¹⁰³”¹⁸‘·3
632 4819 649 4864 ι
663 4815 730 4872 m’
746 4812 846 4878 1'·⁶⁹¹³
1021 4840 1050 4900 1.
1074 4841 1189 4899 Comes
1201 4837 1382 4898 Butanuiae
1401 4836 1553 4897 restituet
1570 4835 1725 4911 episcopo
1738 4834 1773 4896 et

335 4896 443 4958 ⁸⁰⁸⁶⁸⁸”
460 4893 505 4943 'm'
517 4895 559 4951 ιγ’
570 4900 645 4958 ‘⁹¹⁸³'
657 4892 724 4955 ω’]
981 4934 1127 5012 capitulo
1139 4936 1263 4997 terram
1275 4949 1381 5003 suam
1396 4933 1428 4993 et
1441 4931 1589 4993 redditus
1603 4932 1679 4993 inde
1695 4946 1774 5009 per·

133 4985 238 5045 Notum
257 4984 301 5041 ais
325 4981 390 5041 facit
410 4997 442 5040 se
465 4982 647 5040 concordiam
669 4996 720 5054 pro
745 4980 821 5039 bono
849 4979 928 5052 pacis
1677 5029 1683 5042 ,

170 5074 245 5129 iuter
266 5070 440 5144 Stephanum
464 5071 677 5128 Nannetenscm
706 5070 872 5142 episcopum
895 5081 928 5124 ac
981 5036 1093 5109 ⁰⁰pr
1108 5032 1245 5107 ΜΨ
1257 5046 1294 5091 ⁸⁰
1308 5045 1406 5106 quam
1420 5044 1580 5106 Wsuoe’
1595 5029 1773 5090 mmmd‘*

171 5157 928 5223 Petrumcomitemliritannialnitamconfirmavisse,
983 5130 1077 5191 ⁰imi⁸
1097 5144 1196 5206 (luam
1216 5129 1252 5188 5¹¹
1275 5127 1363 5198 affisss
1390 5125 1513 5198 tallia&
1533 5126 1714 5202 furnagium
1740 5126 1774 5189 ⁰¹

170 5250 271 5322 eisque
285 5246 412 5315 mandet,
433 5255 471 5314 ur,
487 5260 555 5303 eura
575 5247 713 5318 ipsorum,
729 5244 791 5301 hm
809 5258 927 5315 compo.
983 5227 1178 5289 exactiones
1209 5224 1305 5296 alias,
1340 5239 1546 5302 quocumque
1573 5222 1680 5289 modo,
1706 5223 1774 5283 mm

171 5336 340 5409 nunccius
353 5344 433 5393 teum
446 5336 572 5392 insertus
585 5342 639 5401 est,
656 5348 706 5407 per
720 5347 872 5389 cornutam
886 5345 931 5388 ec
984 5339 1043 5398 per
1059 5337 1095 5383 se
1108 5337 1206 5399 quam
1227 5336 1285 5397 per
1301 5337 1390 5391 suos,
1406 5322 1573 5391 extortas;
1588 5320 1621 5379 et
1635 5317 1775 5394 quitabit

172 5425 362 5484 clesiaaticam
377 5423 494 5480 llrrnitar
508 5421 684 5481 observatur.
985 5434 1095 5481 coram
1108 5417 1277 5495 judicibus
1293 5418 1448 5493 homagia
1463 5418 1496 5477 at
1509 5416 1728 5484 sacramanta,
1744 5412 1775 5476 si

177 5523 346 5586 Honorius
383 5521 578 5599 episcopus,
608 5534 724 5583 servus
759 5534 930 5581 servorum
986 5532 1050 5593 qua
1067 5515 1183 5591 habuit
1205 5513 1247 5575 ab
1272 5514 1460 5576 bominibus
1476 5511 1622 5588 episcopi
1639 5511 1672 5571 in
1688 5524 1776 5584 prte-

140 5621 209 5694 nei,
225 5619 355 5681 dilectis
366 5618 444 5679 filiis
454 5618 495 5677 de
510 5616 687 5678 saviniaco
701 5615 931 5676 cisterciensis
981 5613 1143 5689 judicium
1160 5611 1264 5688 ipsius
1279 5609 1435 5688 episcopi.
