3774 6186
99 285 153 349 aa

415 473 569 563 CXXIX

99 605 148 669 ad
181 606 384 671 Obiaaouam
412 610 610 683 enacopum
642 612 888 683 parmensem,

133 704 415 767 archidiaconum
429 703 463 766 et
475 706 813 783 archipresbyterum
824 708 893 769 Re·

133 802 306 878 atrienses.

386 914 598 973 lencilino.

251 1019 368 1085 [Saviolb
376 1020 442 1071 Αιιιι.
449 1020 566 1084 ιιοιομι.,
573 1020 606 1078 ιι,
616 1033 645 1080 ιι,
656 1020 724 1086 lia]

99 1124 214 1185 uanum
239 1134 271 1185 ut
302 1127 491 1185 Bononiensis
525 1124 561 1183 nd
595 1127 761 1199 abroganda
788 1134 890 1187 statuta

128 1224 231 1273 contra
251 1215 408 1273 libertatem
422 1214 596 1275 scholarium
608 1214 748 1275 hactenns
765 1215 891 1274 habitam

127 1303 167 1361 ab
182 1305 254 1378 ipsis
265 1303 341 1361 edila
351 1303 534 1378 compellant.

132 1421 277 1485 statutis
292 1421 439 1483 civitatis
454 1421 674 1483 Bononiensis
694 1420 791 1483 iactis
812 1436 894 1482 con·

98 1533 146 1581 ra
160 1517 332 1580 scholares
346 1518 426 1580 olim
446 1518 542 1580 nobis
557 1518 726 1590 exhibitis,
739 1519 893 1595 potestati

98 1617 127 1679 ιι
141 1616 266 1693 populo
276 1615 424 1694 ejusdem
434 1615 586 1676 indimus
597 1616 631 1675 in
647 1616 836 1692 preceptis,
850 1630 893 1675 ne

98 1713 268 1775 scholares
281 1712 457 1790 praedictos
477 1713 592 1774 contra
612 1710 796 1774 libertatem
810 1711 893 1772 hao-

98 1824 195 1873 tenus
216 1810 363 1872 habitam
378 1810 555 1872 occasione
576 1810 776 1871 statutorum
799 1809 893 1886 ipso-

98 1923 182 1979 rum,
194 1907 366 1984 quavelut
377 1907 492 1984 iniqua
502 1906 657 1967 duximus
672 1905 891 1983 reprobanda,

98 2003 137 2066 de
161 2005 284 2067 caetero
302 2019 369 2065 non
395 2003 619 2075 molestarent,
636 2002 823 2065 libertatem
836 2017 895 2064 eo-

98 2118 170 2163 rum
184 2101 432 2179 quomodolibet
445 2100 670 2177 infringendo,
686 2100 893 2161 universita-

98 2201 162 2261 tem
187 2215 302 2260 eorum
335 2198 553 2261 nihilominus
585 2197 802 2260 exhortantes
837 2199 892 2268 ut,

97 2296 317 2358 consideratis
339 2296 538 2360 utilitatibus
560 2296 594 2358 et
617 2294 799 2356 honoribus
817 2309 895 2372 pro-

97 2393 307 2456 venientibus
320 2393 428 2456 sidem
441 2410 485 2455 ex
500 2392 707 2457 scholaribus
727 2392 820 2469 ipsis,
837 2407 896 2468 per
944 2398 947 2405 ’

98 2492 221 2554 statuta
237 2491 428 2569 hujusmodi
441 2507 507 2553 non
524 2491 738 2553 molestarent
748 2489 892 2560 eosdem,

98 2604 160 2651 nec
186 2588 334 2651 iacerent
367 2588 408 2650 ds
434 2589 554 2653 catere
588 2587 771 2655 molestari,
796 2601 895 2663 snper

98 2698 215 2748 eorum
234 2685 468 2748 observatione
488 2684 683 2763 praestitum,
701 2699 775 2745 cum
789 2682 893 2744 illici-

97 2785 167 2847 tum
190 2781 301 2856 luerit,
327 2782 526 2845 remittendo
553 2781 638 2859 quod
670 2781 752 2858 ipsis
785 2779 894 2843 tacere

98 2880 341 2952 differentibus,
356 2880 468 2941 dilecti
482 2879 542 2941 iiiii
559 2882 596 2940 R.
609 2879 724 2940 doctor
738 2878 893 2940 decreto-

708 290 938 352 EPISTOLAE.
962 294 1040 354 nm.
1066 295 1119 355 1v.

1680 295 1740 356 4³0

945 451 1079 525 similia,
1094 452 1250 526 studium,
1268 470 1332 541 qun
1347 455 1382 516 in
1397 448 1533 517 civitate
1549 451 1665 516 eadem
1679 451 1742 516 ilo-

944 550 1049 622 rants,
1059 550 1179 612 civitas
1189 551 1262 627 ipsa
1278 550 1384 623 floret,
1398 567 1464 612 non
1479 550 1662 613 turbentda
1674 566 1741 614 aaa·

944 649 1028 719 tero,
1053 662 1115 708 neo
1135 647 1270 709 turbare
1294 648 1504 725 aliquatenus
1526 647 1659 721 iaciant,
1683 647 1742 710 sed

946 744 1117 806 scholares
1136 746 1227 822 ipsos
1242 745 1506 808 honorificentiis
1521 746 1690 808 consuetis
1708 747 1741 809 ei

945 840 1042 904 bonis
1064 841 1308 904 conditionibus
1326 842 1414 921 (quae
1433 842 1487 904 vla
1506 843 1572 905 erit
1589 843 1693 905 tutior
1709 843 1742 905 et

946 938 1125 1017 potentior)
1141 942 1258 1001 curent
1276 940 1317 1001 ad
1340 943 1440 1002 terrm
1464 956 1533 1002 suae
1552 939 1742 1018 gloriamsi

947 1036 1153 1099 commodum
1171 1038 1328 1100 retinere.
1351 1038 1512 1110 Quocirca
1534 1037 1741 1106 mandamus,

947 1135 1110 1211 qnatenus
1125 1135 1154 1196 si
1173 1135 1259 1212 quod
1285 1136 1479 1197 mandamus
1503 1135 1544 1197 de
1567 1136 1642 1198 stat.
1659 1136 1741 1214 ipsis

947 1232 1097 1293 delendis
1120 1232 1302 1310 adimplere
1323 1233 1513 1296 distulerint
1535 1233 1622 1296 ultra
1645 1246 1742 1294 men·

948 1346 1028 1401 sem,
1045 1329 1097 1390 vel
1111 1330 1258 1407 ipsorum
1274 1331 1478 1397 scholarium
1493 1331 1668 1394 decaetero
1684 1331 1741 1391 in·

948 1424 1095 1502 iringent
1120 1427 1322 1501 libertatem,
1351 1444 1411 1490 vos
1441 1429 1575 1491 eosdem
1604 1430 1672 1491 tam
1701 1426 1742 1489 ad

948 1524 1072 1585 statuta
1086 1524 1226 1586 delenda
1241 1540 1341 1602 qnam
1356 1525 1397 1586 ad
1413 1526 1599 1588 libertatem
1614 1540 1744 1587 eorum·

948 1620 1022 1681 dem
1051 1620 1255 1682 scholarium
1279 1622 1552 1694 conservandam,
1574 1637 1633 1699 per
1659 1637 1742 1683 cen·

949 1733 1061 1778 suram
1077 1718 1349 1792 ecclesiasticam,
1369 1719 1591 1796 appellatione
1604 1719 1741 1790 remota,

949 1814 1200 1891 compellantur.
1215 1815 1346 1887 Quodsi
1367 1830 1435 1877 non
1447 1831 1563 1878 omnes
1580 1815 1633 1876 his
1645 1830 1744 1877 exse·

949 1911 1089 1991 quendis
1104 1912 1255 1991 poteritis
1268 1913 1430 1975 interesse
1445 1913 1509 1975 duo
1529 1916 1676 1975 vestrum
1700 1927 1740 1974 ea

949 2007 1168 2071 nihilominus
1192 2012 1430 2087 exsequantur.
1447 2012 1565 2073 Datum
1589 2008 1741 2080 Viterbii,
1783 2074 1787 2087 ¹

950 2108 995 2169 ιιι
1022 2105 1097 2169 idus
1132 2106 1240 2180 maii,
1270 2107 1484 2186 pontificatus
1521 2107 1629 2171 nostrl
1655 2096 1744 2170 anno

949 2205 1079 2281 quarto.

1281 2311 1417 2397 CXXX

949 2445 1002 2505 Ad
1021 2443 1176 2505 abbatem
1190 2444 1225 2505 et
1238 2444 1442 2506 conventum
1466 2443 1586 2506 sancit
1611 2445 1746 2506 iberum

1252 2542 1291 2604 tn
1312 2539 1438 2604 Scotto.

1244 2663 1278 2721 ιι
1292 2663 1360 2720 mall
1381 2662 1461 2721 lata.

1019 2777 1150 2842 libainai,
1163 2777 1229 2828 ιιοιι.
1242 2777 1377 2843 hungaria
1395 2782 1420 2829 sl
1433 2777 1509 2837 Soet..
1525 2777 1565 2839 tt,
1579 2790 1607 2829 n.
1623 2775 1679 2843 aa]

950 2884 1114 2945 Conventus
1124 2885 1152 2944 S.
1170 2883 1287 2943 l’bome
1302 2886 1434 2958 martyris
1448 2885 1477 2943 in
1493 2885 1586 2943 scotia
1605 2898 1662 2953 una
1679 2898 1744 2942 cnm
1791 2958 1798 2967 ἱ

98 2994 172 3039 ιιιιιι
187 2979 222 3040 et
244 2980 281 3041 0.
304 2977 346 3038 de
360 2980 541 3051 Tonnengo
562 2975 628 3036 viri
648 2974 797 3047 litterati,
814 2989 895 3053 pro·
985 2973 1215 3046 possesionibus
1229 2974 1289 3031 suis
1303 2973 1356 3033 sub
1376 2975 1554 3047 protectione
1571 2974 1744 3048 apostoliea

98 3074 166 3137 vidi
195 3077 230 3136 et
257 3074 371 3136 tideles
404 3089 465 3151 pro
500 3072 718 3134 universitate
746 3071 895 3150 ipsorum
986 3060 1071 3121 801¹ss
1088 3062 1230 3135 recipitur.

100 3172 304 3234 scholarium
328 3173 475 3233 nostram
494 3169 705 3247 praesentiam
729 3167 893 3240 adierunt,
991 3170 1159 3232 Honorius
1178 3170 1364 3248 episcopus,
1387 3168 1518 3233 dilectis
1533 3168 1612 3231 illiis
1630 3166 1744 3231 abbati

100 3286 201 3348 nuper
233 3270 277 3331 iis
309 3269 508 3347 apostoliea
549 3266 749 3345 provisionis
784 3281 896 3328 reme·
951 3269 985 3332 et
999 3268 1177 3330 conventui
1192 3269 1225 3330 S.
1241 3267 1375 3331 Thomas
1389 3267 1547 3346 mampsis
1568 3267 1602 3329 in
1621 3267 1743 3340 scona,

99 3368 190 3431 dium
215 3367 444 3447 implorantes.
460 3369 564 3427 Porro
585 3365 699 3427 dilecti
717 3364 778 3425 tilii
801 3366 897 3440 Horo
952 3366 1105 3428 salutem.

99 3464 210 3543 legum
238 3465 370 3536 doctor,
398 3465 431 3526 et
459 3463 649 3525 thidericus
674 3463 740 3524 viri
767 3460 896 3539 providi
992 3461 1212 3525 Cumanobis
1226 3463 1448 3541 petitur,etc.;
1462 3463 1651 3541 eapropter,
1667 3463 1743 3535 etc,

100 3562 132 3627 st
145 3561 263 3626 fideles
276 3560 529 3640 perversitatem
544 3559 734 3639 hujusmodi
752 3559 895 3621 statuto-
951 3575 1058 3635 usorse
1084 3564 1320 3623 concurrentes
1334 3576 1484 3623 assensn.
1504 3561 1743 3624 Monasterium

99 3676 173 3725 rum
202 3659 315 3722 conati
339 3658 567 3735 multiplieiter
596 3656 749 3734 palliare,
764 3656 897 3717 tandem
953 3661 987 3720 S.
1003 3659 1137 3721 Thomas
1152 3658 1321 3737 martyris,
1343 3660 1377 3721 et
1399 3673 1561 3736 personas
1581 3658 1665 3721 inibi
1680 3660 1747 3721 Do-

99 3757 164 3821 dno
177 3775 221 3821 ex
233 3757 366 3820 statutis
379 3756 473 3833 ipsis,
487 3755 642 3817 videlicet
657 3754 697 3815 de
712 3752 897 3815 rectoribus
952 3755 1042 3817 mino
1064 3755 1263 3818 famulantes
1279 3772 1354 3819 cum
1375 3756 1529 3818 omnibus
1548 3755 1656 3829 bonis,
1672 3771 1746 3835 qum

99 3858 133 3920 st
145 3855 328 3919 lectoribus
344 3852 633 3924 extraordinariis,
645 3852 679 3912 in
690 3852 813 3912 nostrae
828 3849 899 3911 dis·
952 3854 1248 3931 inpresentiarum
1264 3852 1510 3917 rationabiliter
1520 3853 1676 3931 possidet,
1688 3855 1746 3916 aut

98 3953 276 4033 positionis
286 3951 495 4029 beneplacito
505 3949 610 4011 libere
620 3951 813 4026 posuerunt,
824 3963 898 4024 sup·
952 3949 987 4011 in
1001 3947 1160 4020 futurum,
1172 3951 1350 4026 praestante
1366 3949 1516 4020 Domino,
1523 3949 1624 4027 justis
1638 3949 1745 4011 modis

98 4050 276 4130 plicantes,
295 4050 332 4113 ut
351 4064 453 4127 super
467 4048 544 4110 aliis
563 4046 739 4125 providere
758 4047 897 4124 paterna
953 4046 1073 4123 poterit
1087 4045 1238 4123 adipisci,
1260 4046 1323 4108 sub
1342 4046 1431 4109 beati
1458 4046 1548 4107 Petri
1572 4046 1606 4107 et
1633 4046 1747 4108 nostra

101 4147 327 4212 sollicitudine
348 4146 574 4223 dignaremur.
595 4144 678 4218 Quia
700 4143 804 4220 igitur
829 4144 899 4205 sta-
953 4141 1748 4221 protectionesuscipimusspecialiterautemde

101 4248 174 4311 tuta
186 4245 299 4309 omnia
317 4260 391 4323 quae
408 4244 442 4306 in
464 4243 584 4306 litteris
605 4242 728 4305 nostris
741 4240 834 4318 prius
856 4240 898 4301 ad
953 4238 1092 4302 Turired
1108 4242 1141 4302 et
1159 4239 1200 4302 de
1216 4241 1438 4316 inverhugim,
1464 4239 1504 4301 de
1525 4236 1750 4302 Alberkerdo-

102 4344 205 4425 ipsos,
220 4344 284 4407 hac
301 4343 344 4403 de
355 4357 457 4404 causa
476 4339 624 4411 directis,
641 4338 771 4417 plenius
786 4337 898 4400 conti·
954 4354 1024 4410 ver,
1035 4338 1076 4400 de
1089 4337 1291 4410 Havatvisel,
1306 4336 1347 4399 de
1361 4336 1538 4410 Muniioth,
1552 4336 1593 4399 de
1606 4335 1749 4398 Aberra-

101 4444 234 4513 nentur,
249 4441 368 4502 merito
382 4438 645 4516 reprobavimus,
657 4435 819 4517 querceis
833 4450 899 4496 non
953 4436 1014 4508 tbi,
1031 4435 1072 4498 de
1089 4436 1293 4508 Stratitteen,
1314 4435 1355 4496 de
1370 4435 1518 4498 Meriana
1532 4435 1566 4498 et
1586 4433 1628 4496 de
1648 4434 1749 4497 Keri-

98 4540 195 4605 decst
213 4540 284 4602 illis
297 4538 338 4601 de
362 4539 483 4599 caetero
496 4535 674 4607 inhaerere,
691 4533 898 4596 devotionem
954 4532 1199 4594 murecclesias
1214 4534 1247 4594 et
1258 4531 1446 4595 Glaskelem
1462 4533 1546 4595 etde
1557 4531 1750 4594 Kendeldu-

100 4654 219 4701 sorum
234 4636 432 4697 monendam
451 4634 608 4695 duximus
629 4633 663 4694 at
688 4630 898 4701 hortandam,
955 4634 1135 4703 resterras,
1147 4631 1271 4692 terram
1282 4630 1371 4692 inter
1379 4630 1506 4691 Heilsar
1519 4631 1553 4692 st
1565 4628 1746 4697 Kaledovc,

101 4733 361 4815 parapostolica
376 4733 426 4795 ais
439 4732 563 4807 scripta
572 4728 901 4804 mandantes,quate-
955 4731 1078 4791 terram
1102 4727 1143 4789 de
1162 4727 1318 4799 Ballisac,
1338 4730 1442 4790 totum
1456 4741 1574 4788 nemus
1587 4725 1629 4788 da
1648 4727 1750 4789 uros-

101 4850 165 4896 nus
180 4831 389 4895 attendentes
402 4829 487 4907 quod
503 4827 676 4890 scholares
696 4826 786 4904 ipsos
801 4825 899 4886 beni·
955 4824 1066 4896 tauch,
1084 4840 1185 4885 unam
1204 4839 1351 4886 annuam
1372 4838 1517 4885 marcam
1540 4823 1672 4900 argenti
1686 4839 1749 4886 no-

99 4933 229 5009 gnitate
249 4929 396 4991 retinere
410 4926 560 5004 possunt,
576 4924 696 4986 melius
716 4939 815 5000 quam
834 4921 900 4983 du·
954 4923 1006 4985 bis
1031 4937 1052 4983 a
1076 4922 1178 4983 claras
1202 4921 1371 4984 memoriae
1404 4923 1531 4998 Fergen
1563 4922 1684 4984 comite
1708 4920 1749 4983 de

99 5027 281 5102 ripaque
306 5021 387 5085 iacit
410 5023 447 5082 ut
470 5019 564 5082 multi
588 5019 690 5081 etiam
714 5017 900 5079 naturalem
955 5020 1082 5082 Butam
1098 5019 1153 5096 pia
1168 5018 1368 5081 liberalitate
1380 5032 1585 5091 concessam,
1601 5020 1748 5081 etunam

100 5125 163 5187 soli
184 5121 396 5184 dulcedinem
411 5118 658 5194 derelinquant,
678 5115 801 5178 statuta
829 5115 900 5191 ipsa
955 5131 1101 5180 annuam
1123 5117 1156 5178 et
1176 5115 1348 5178 dimidiam
1370 5117 1539 5179 marcham
1557 5116 1688 5194 argenti
1714 5117 1748 5177 in

99 5222 140 5284 de
152 5236 271 5283 eorum
285 5217 484 5296 capitulario
498 5215 629 5293 penitus
644 5214 787 5284 deleant,
802 5214 902 5288 aeju·
956 5216 1100 5292 piscaria
1118 5214 1159 5275 de
1182 5215 1265 5286 ilar,
1287 5230 1417 5276 necnon
1437 5214 1599 5286 homiues,
1626 5215 1746 5287 terras,

100 5318 290 5381 ramentum
300 5331 400 5392 super
410 5315 543 5376 illorum
559 5312 792 5374 observatione
803 5325 901 5386 praes·
956 5326 1092 5388 pascua,
1117 5309 1357 5387 possessiones,
1378 5310 1548 5372 libertates
1571 5311 1605 5372 et
1622 5309 1748 5371 immu-

101 5415 196 5479 titum
221 5413 319 5475 dictae
345 5411 513 5489 potestati,
528 5425 604 5471 cum
628 5407 669 5469 nd
690 5405 899 5470 observatio·
956 5408 1079 5471 nitates
1093 5409 1126 5468 et
1139 5407 1207 5468 alia
1221 5406 1308 5468 bona
1324 5409 1453 5479 vestra,
1473 5406 1559 5468 siout
1581 5422 1621 5468 aa
1635 5407 1748 5470 omnia

99 5531 174 5577 nem
192 5515 265 5589 eius
278 5512 436 5586 tanquam
451 5507 571 5578 illiciti,
585 5505 722 5568 minime
736 5504 899 5573 teneatur,
951 5507 1043 5584 juste
1057 5520 1097 5567 ac
1111 5504 1250 5582 paciiice
1271 5504 1459 5582 possidetis,
1475 5505 1509 5565 et
1527 5505 1561 5565 in
1576 5505 1748 5569 authenti-

98 5611 307 5676 ramittentes
329 5609 464 5671 omnino
484 5623 543 5683 per
564 5607 686 5668 statuta
709 5602 826 5665 eadem
847 5602 899 5664 vel
955 5604 1005 5666 cis
1018 5603 1249 5681 episcoporum
1268 5601 1750 5677 dioecesnnorum,ragum,no·
