3774 6186
84 246 89 269 ’
113 285 173 347 sm

732 283 908 345 HONORII
929 284 974 344 111
996 285 1144 347 OPERA.
1699 283 1759 344 580

114 445 265 523 adipisci,
282 445 343 508 sub
357 444 446 517 beati
466 444 555 506 Petri
580 442 613 504 et
640 443 753 505 nostra
775 443 908 520 proteo-
1001 445 1220 523 supplicastIs
1236 444 1341 516 nobis,
1357 445 1393 506 ut
1406 460 1480 506 cum
1501 443 1653 506 ecclesie
1681 458 1760 502 res-

113 545 204 606 tione
214 543 428 620 suscipimus;
442 539 634 618 specialiter
647 541 757 601 autem
775 555 909 617 posses·
960 543 1022 604 trae
1037 541 1163 604 fabrica
1184 557 1303 618 graves
1317 544 1467 619 sumptus
1480 543 1639 619 exposcat
1648 541 1760 602 omni-

115 643 226 705 siones
241 642 282 703 de
298 639 529 717 Gugeswiller,
547 654 586 699 ac
601 638 668 699 alia
681 637 767 699 hona
782 638 905 708 vestra,
961 639 1022 701 bus
1038 640 1159 701 Christi
1175 640 1338 714 fidelibus,
1352 640 1407 717 qui
1420 639 1502 702 leria
1526 640 1645 716 quarta
1671 638 1757 700 inira

115 740 201 803 elcut
215 755 255 800 ea
269 739 381 800 omnia
391 739 480 815 Juste
505 737 539 797 et
556 735 694 811 pacifice
717 734 905 812 possidetis,

115 836 220 909 vobis,
238 838 270 897 et
284 851 416 912 perros
436 833 542 895 eidem
560 833 773 904 monasterio,
787 833 864 892 auct
887 862 907 877 -

115 934 213 995 ritate
227 932 416 1010 Apostolica
431 929 676 1000 confirmamus,
687 933 719 990 et
734 928 907 1005 praesentis

115 1032 230 1107 scripti
245 1029 431 1108 patrocinio
444 1026 698 1089 communimus
714 1025 806 1086 Nulli
828 1040 907 1100 ergo

115 1129 249 1190 omnino
265 1128 435 1189 hominum
451 1126 550 1186 liceat
562 1124 648 1184 hanc
663 1124 817 1199 paginam
829 1138 908 1183 nos-

114 1226 175 1288 trae
183 1224 395 1303 protectionis
404 1220 904 1295 etcontlrmationisinfringere,

115 1322 169 1384 vel
186 1323 217 1383 ei
243 1337 328 1382 ausu
355 1320 533 1381 temerario
562 1318 739 1379 contraire.
771 1318 805 1377 Si
834 1316 907 1394 quis

21 1426 27 1435 '
77 1406 84 1419 ’
116 1422 225 1482 autem
251 1419 315 1480 hoc
342 1417 505 1479 attentare
534 1415 793 1492 praesumpserit,
815 1414 907 1474 indi-

115 1517 306 1594 gnationem
334 1512 569 1591 omnipotentis
591 1511 651 1573 Dei
672 1513 704 1572 et
736 1512 908 1573 beatorum

118 1615 208 1675 Petri
223 1613 256 1675 et
270 1612 366 1675 Pauli
380 1611 605 1688 apostolorum
622 1612 694 1687 eJus
719 1626 755 1670 se
779 1607 909 1670 noverit

117 1711 339 1772 incursurum.

155 1810 275 1870 Datum
313 1806 480 1881 Laterani,
513 1804 666 1866 kalendis
710 1802 907 1874 decembris,

118 1905 329 1984 pontificatus
345 1904 450 1965 nostri
462 1919 550 1965 anuo
563 1903 689 1979 quinto.

158 2026 200 2083 ln
219 2023 383 2083 eamdam
408 2023 548 2081 modum
569 2017 712 2078 ecclesia
732 2017 773 2077 de
795 2016 911 2078 Otteu-

117 2114 221 2181 roden
242 2135 324 2179 cum
353 2117 561 2194 pertinentiis
597 2115 667 2175 suis
695 2113 911 2175 confirmatur

118 2214 225 2277 eidem
238 2214 425 2286 conventui,
442 2214 513 2275 dot.
532 2214 571 2274 ot
590 2226 710 2287 supro.

449 2400 576 2489 CXIII

157 2536 613 2610 Adeptrcopumbdctenscm
632 2533 666 2594 ct
684 2532 873 2607 capitutum

349 2636 502 2705 ejusdcm
518 2634 678 2692 ecclesie.

70 2827 74 2831 Ι
386 2744 544 2802 Ξᾱοοθιῃῠ.
567 2744 646 2800 1220.

122 2856 241 2920 [liegest.,
256 2853 302 2904 lib.
315 2854 346 2911 V,
358 2852 431 2917 epist.
446 2851 499 2907 lat,
509 2850 562 2900 tea.
575 2851 630 2899 hiss.
644 2849 679 2898 La
688 2848 762 2898 Porte
771 2847 806 2897 du
817 2846 912 2911 Theti]

123 2963 264 3019 statutum
279 2959 315 3018 ab
336 2960 403 3032 ipsIs
427 2957 544 3032 provide
572 2955 688 3023 Iactum,
709 2969 765 3027 quo
788 2953 915 3010 redditus

157 3047 374 3124 prebendarum
400 3049 429 3104 in
449 3048 575 3120 ipsorum
600 3045 721 3103 ecclesia
749 3043 914 3100 vacantium

158 3139 194 3197 ed
212 3138 383 3196 decennium
412 3135 526 3194 lubrice
545 3135 674 3191 ecclesias
692 3132 914 3206 deputabantur,

158 3228 326 3286 auctoritate
336 3225 499 3300 Apostolica
514 3223 674 3280 confirmat.

164 3346 342 3416 Honorius,
355 3344 430 3415 etc„
448 3339 630 3402 venerabili
643 3338 739 3399 fratri
760 3337 916 3414 episcopo

126 3443 277 3512 Metensi,
288 3439 472 3517 imperialis
489 3436 574 3497 aulae
594 3434 807 3504 cancellario,
823 3431 919 3495 etdi-

126 3541 222 3602 lectis
237 3539 315 3598 filiis
331 3534 476 3613 capItulo
494 3533 645 3594 Metensi.

168 3638 288 3699 Nostro
311 3634 372 3696 luit
390 3630 590 3710 apostolatui
622 3628 853 3706 supplicatum,
884 3629 921 3688 ut

128 3751 202 3796 curn
211 3731 489 3795 ecclesiaevestrae
504 3728 630 3789 fabrica
639 3742 758 3802 graves
769 3727 919 3801 sumptus

128 3830 339 3906 exposcat,ac
352 3825 427 3887 ideo
440 3822 633 3888 statueritis
651 3824 685 3881 ut
701 3822 826 3881 fructus
840 3835 922 3895 prae-

128 3927 310 3990 bendarum
321 3924 556 3987 vacaturarum
570 3919 691 3980 ibidem
707 3919 772 3994 ipsi
786 3916 921 3977 fabricae

129 4041 233 4105 usque
254 4024 295 4086 ad
317 4021 514 4084 decennium
531 4018 744 4095 deputantur,
764 4015 922 4076 statutum

129 4122 319 4202 hujusmodi
348 4117 538 4197 apostolico
570 4116 786 4191 dIgnaremur
812 4112 924 4172 muni-

130 4224 219 4284 mine
231 4220 402 4289 roborare,
411 4215 595 4294 praesertim
608 4228 683 4274 cum
697 4213 746 4272 tot
757 4211 824 4271 sint
836 4209 872 4269 in
884 4222 922 4268 ea

131 4319 295 4388 canonici,
304 4314 390 4394 quod
399 4312 541 4375 ecclesia
555 4312 627 4388 ipsa
640 4309 845 4387 propterhoc
857 4321 924 4367 non

131 4417 252 4497 poterit
266 4413 376 4475 debito
386 4410 523 4472 servitio
532 4407 735 4469 defraudari.
746 4408 814 4467 Nos
822 4404 926 4480 igitur

132 4513 285 4593 precibus
316 4508 435 4571 vestris
473 4506 657 4581 benignum
696 4503 926 4581 impertientes

133 4625 318 4680 assensum,
344 4608 502 4667 statutum
532 4603 650 4679 ipsum,
690 4602 777 4662 sicut
801 4601 854 4677 pie
887 4614 927 4659 ac

133 4707 269 4787 provide
279 4701 472 4771 factumest,
482 4700 516 4760 et
529 4696 780 4758 inlitterisinde
795 4693 928 4755 confec-

133 4807 176 4868 tIs
197 4802 327 4883 plenius
343 4798 542 4865 continetur,
560 4795 757 4856 auctorttate
782 4793 927 4868 Aposto-

135 4904 199 4965 lica
212 4899 460 4966 confirmamus,
471 4896 504 4956 et
512 4892 686 4970 praesentis
696 4889 812 4965 scripti
822 4889 930 4966 patro·

136 4999 224 5061 cinio
247 4993 502 5062 communimus,
521 4990 615 5051 salvo
633 4988 797 5049 tamenin
816 4985 929 5047 omni-

136 5097 197 5158 bus
220 5090 418 5172 apostolicae
442 5088 538 5150 Sedis
560 5086 727 5147 mandato.
754 5083 846 5145 Nulli
862 5081 930 5158 igi-

136 5197 202 5266 tur,
220 5195 304 5265 etc,
332 5187 455 5248 nostrae
483 5182 710 5246 concessionis
736 5180 930 5256 infringere.

142 5291 177 5353 si
191 5289 264 5367 quis
279 5288 402 5351 autem,
421 5283 483 5344 etc.
500 5281 617 5342 batum
633 5278 800 5349 Laterani,
815 5276 933 5355 quarto

142 5403 249 5450 nonas
261 5379 457 5451 decembris,
472 5395 560 5440 anno
575 5378 700 5455 quinto.

183 5527 304 5590 Eodem
320 5524 373 5584 die
388 5523 428 5583 ad
443 5520 576 5583 eosdem
597 5521 633 5580 ut
656 5517 807 5594 sequitur
829 5514 936 5591 scrip·

143 5632 212 5690 tum
223 5627 274 5687 est
288 5645 295 5684 :

962 741 1096 799 octavas
1123 740 1334 800 Pentecostes
1365 737 1406 798 ad
1440 738 1616 799 ecclesiam
1651 737 1757 812 ipsam

962 835 1164 897 accesserint
1177 851 1255 896 suas
1266 835 1494 912 eleemosynas
1510 834 1681 910 largituri,
1695 834 1758 894 ali·

962 948 1061 1010 quam
1077 933 1317 1009 indulgentiam
1334 932 1517 995 concedere
1527 933 1756 1009 dignaremur.

962 1031 1031 1091 Nos
1046 1030 1150 1106 igitur
1163 1030 1204 1091 de
1217 1030 1276 1091 Dei
1289 1030 1522 1091 mIsericordia
1536 1032 1572 1091 et
1584 1028 1757 1093 beatorum

963 1127 1055 1189 Petri
1067 1129 1101 1189 et
1113 1127 1209 1190 Pauli
1222 1128 1448 1204 apostolorum
1461 1130 1533 1205 ejus
1558 1126 1759 1188 auctoritate

962 1224 1090 1296 contisi,
1107 1225 1260 1286 omnihus
1275 1241 1353 1288 rere
1368 1224 1604 1303 poenitentibus
1622 1225 1659 1286 et
1678 1239 1759 1286 con·

963 1321 1071 1394 fessis,
1084 1323 1138 1400 qui
1151 1324 1345 1399 praescripto
1353 1323 1455 1384 diead
1465 1323 1644 1385 ecclesiam
1654 1321 1758 1398 ipsam

963 1437 1037 1482 cum
1051 1421 1225 1482 devotione
1244 1422 1457 1493 accesserint,
1479 1421 1520 1482 ad
1536 1419 1761 1482 constructio·

962 1534 1038 1579 nem
1054 1518 1157 1595 ipsius
1171 1517 1305 1579 lubricae
1320 1535 1455 1579 suarum
1467 1519 1756 1593 eleemosynarum

963 1615 1111 1676 subsidia
1127 1616 1292 1687 collaturi,
1309 1616 1429 1693 viginti
1444 1616 1518 1677 dies
1533 1615 1574 1676 de
1597 1614 1756 1692 injunctis

964 1712 1027 1773 sibi
1063 1714 1267 1790 poenitentiis
1299 1714 1509 1785 relaxamus,
1540 1711 1757 1790 praesentibus

964 1810 1083 1872 litteris
1097 1826 1306 1888 nequaquam
1321 1813 1408 1874 ultra
1420 1810 1621 1872 decennium
1641 1808 1757 1870 valitu-

964 1908 1024 1969 ris.
1039 1910 1157 1969 Datum
1175 1909 1343 1981 Laterani,
1356 1909 1474 1987 quarto
1496 1923 1606 1969 nonas
1631 1905 1756 1966 decem·

964 2006 1044 2078 bris,
1062 2022 1150 2067 anno
1165 2007 1290 2084 quinto.

1303 2159 1425 2246 CXIV

967 2297 1016 2356 Act
1027 2297 1186 2368 priorem
1199 2294 1318 2355 Soltctt
1338 2293 1492 2362 Victoris,
1514 2305 1556 2351 oc
1581 2289 1751 2360 Redrdfnm

1004 2398 1217 2467 capellanum
1228 2394 1349 2453 domem
1369 2390 1503 2477 orditus
1528 2389 1646 2461 tempu·
1659 2390 1750 2448 Port-

1005 2493 1141 2552 rtcnsts.

1231 2567 1248 2623 3
1267 2565 1398 2623 decemb.
1416 2564 1496 2622 1220.

998 2674 1117 2739 [Regest.,
1126 2672 1171 2724 lib.
1180 2674 1212 2731 V,
1223 2672 1298 2737 epist.
1307 2671 1364 2722 205.
1376 2673 1433 2722 blss.
1447 2672 1485 2721 La
1494 2671 1573 2721 Porte
1588 2668 1623 2718 dn
1634 2666 1718 2731 rheu]

968 2782 1250 2841 Administratiouem
1265 2778 1398 2838 dioecesis
1420 2778 1605 2837 Belvacensis
1620 2792 1669 2851 per
1680 2776 1743 2832 electi

1180 2869 1340 2928 absentiam
1354 2869 1423 2940 ipsis
1433 2867 1553 2925 confert.

1008 2980 1185 3051 Honorius,
1202 2979 1277 3050 etc,
1294 2977 1424 3039 dilectis
1438 2976 1517 3037 liliis
1533 2975 1638 3052 priori
1654 2971 1743 3034 Sancti

968 3079 1123 3149 Victoris,
1136 3080 1169 3139 et
1188 3075 1283 3138 fratri
1296 3074 1450 3146 Radull0,
1463 3073 1636 3151 capellano
1650 3071 1743 3132 domus

970 3177 1098 3237 militiae
1113 3173 1227 3251 templi
1242 3173 1405 3235 parisien.

1011 3275 1092 3333 Cum
1115 3272 1256 3332 dilectus
1284 3269 1410 3330 illius...
1439 3268 1614 3330 Belracen.
1642 3263 1743 3326 electus

973 3371 1180 3449 profecturus
1215 3369 1250 3428 in
1285 3367 1469 3429 subsidium
1500 3369 1612 3427 Terrae
1639 3361 1743 3423 Sancta

972 3471 1008 3530 B.
1024 3467 1296 3529 archidiaconum
1312 3468 1346 3526 et
1358 3467 1397 3524 H.
1409 3465 1579 3524 cantorem
1592 3461 1742 3523 Belracen.

974 3566 1218 3643 procuratores,
1249 3564 1408 3640 quantum
1440 3560 1481 3621 ad
1512 3552 1744 3636 spiritualius

975 3661 1166 3724 conterendi
1181 3659 1409 3725 ecclesiastica
1420 3657 1581 3718 beneficia
1594 3646 1742 3717 ordinarit,

975 3761 1022 3822 ita
1035 3759 1120 3837 quod
1135 3759 1163 3818 si
1179 3758 1320 3818 alterum
1338 3771 1452 3817 eorum
1466 3754 1601 3816 interim
1621 3750 1699 3813 mori
1708 3743 1745 3807 rel

976 3859 1017 3918 ad
1042 3855 1264 3933 episcopalem
1284 3853 1478 3929 dignitatem
1501 3850 1627 3912 assumi
1642 3844 1747 3910 contin·

976 3955 1079 4031 geret,
1093 3951 1236 4015 Jacobus
1252 3951 1465 4013 suessionen.
1482 3947 1705 4009 thesaurarius
1723 3941 1747 4000 in

978 4051 1086 4111 locum
1112 4048 1304 4110 succederet
1329 4046 1520 4115 morientis,
1549 4045 1582 4106 et
1608 4045 1638 4104 si
1659 4042 1748 4102 forsan

978 4150 1098 4210 iterum
1109 4147 1249 4207 duorum
1258 4145 1472 4222 superstitum
1488 4142 1574 4204 alter
1588 4135 1748 4202 decederet

978 4247 1030 4307 rel
1047 4244 1299 4323 promoveretur
1308 4242 1349 4303 ad
1357 4242 1554 4317 dignitatem
1569 4237 1748 4316 praedictam

980 4343 1157 4405 Gaulridus
1181 4341 1222 4401 de
1244 4340 1408 4410 Breteuci,
1426 4337 1608 4399 canonicus
1625 4331 1752 4397 Suessio-

980 4440 1092 4502 nensis
1104 4438 1359 4499 substitueretur
1370 4437 1441 4496 loco
1453 4428 1752 4507 deiuncti;contigit

981 4540 1067 4600 sicut
1094 4537 1233 4597 Domino
1258 4533 1392 4611 placuit,
1423 4533 1508 4610 quod
1544 4522 1755 4609 praenominati

981 4634 1237 4698 archidiaconus
1251 4636 1284 4694 et
1307 4631 1488 4692 canonicus
1514 4629 1679 4690 demedio
1699 4622 1757 4687 sunt

982 4733 1116 4803 sublati,
1133 4733 1166 4792 et
1188 4729 1419 4791 thesaurarius
1445 4729 1480 4787 in
1505 4727 1714 4787 suessionen.
1733 4719 1758 4780 el

984 4833 1099 4893 cantor
1108 4830 1143 4889 ln
1152 4829 1335 4903 Lingonen.
1345 4826 1518 4902 episcopos
1532 4824 1611 4884 sunt
1622 4816 1757 4899 promotu

985 4929 1071 4989 unde
1089 4943 1151 4988 nos
1167 4926 1291 4987 eisdem
1306 4923 1470 5000 episcopis
1490 4921 1616 4982 nostris
1631 4919 1760 4980 dedimus

985 5025 1105 5087 litteris
1117 5024 1153 5085 in
1163 5021 1339 5092 mandatis,
1351 5017 1662 5097 utprocurationem
1671 5016 1762 5092 hujus

986 5123 1075 5184 modi
1088 5119 1434 5197 gererentdiligeuter.
1444 5115 1658 5178 Postmodum
1672 5113 1764 5175 summ

987 5220 1075 5281 inter
1090 5218 1179 5296 ipsos
1197 5232 1298 5293 super
1311 5215 1375 5276 hoo
1390 5215 1463 5275 orta
1478 5212 1659 5280 dIscordia,
1671 5211 1764 5272 ettam

988 5332 1114 5387 eorum,
1128 5330 1225 5393 quam
1239 5311 1449 5374 belvacensis
1464 5309 1602 5386 capituli
1623 5319 1765 5385 procum·

988 5413 1116 5476 toribus
1131 5413 1166 5472 in
1187 5414 1300 5472 nostra
1313 5407 1491 5486 praesentia
1514 5406 1712 5473 constitutis,
1727 5401 1767 5462 di·

990 5513 1110 5573 lectum
1137 5508 1243 5570 fllium
1269 5508 1418 5568 nostrum
1445 5509 1494 5577 Ρ.,
1513 5488 1627 5564 Sancti
1653 5495 1768 5574 Georgi

991 5609 1166 5669 diaconum
1185 5605 1401 5674 cardinalem,
1416 5602 1465 5664 eis
1479 5601 1704 5664 concessimus
1717 5611 1769 5658 aa·
