3774 6186
53 243 61 250 ⁹
119 242 200 358 4831
743 295 917 357 HONORH
940 294 985 356 111
1006 296 1155 359 OPERA.
1707 295 1764 358 tat

120 457 302 519 claustrum
328 456 433 518 libere
462 446 669 534 permittatis,
700 456 910 533 disciplinam
967 456 1011 516 cli
1026 456 1131 518 nostri
1143 454 1185 517 ad
1209 453 1356 518 debitum
1380 455 1582 533 perducatur
1593 455 1761 519 effectum.

118 554 245 616 ordinis
266 558 469 632 recepturos,
486 571 528 617 ne
551 555 650 618 alitor
675 554 826 617 iaciendo
848 555 912 616 tri·
967 555 1159 630 Eapropter‚
1176 553 1288 615 dilecti
1309 554 1344 614 in
1372 553 1511 616 Domino
1537 553 1612 625 lilii,
1640 555 1762 615 vestris

117 652 227 714 buatis
252 653 376 715 eisdem
400 652 574 713 audaciam
596 652 800 714 detrectandi
827 653 909 715 obe·
960 651 1063 726 justis
1090 649 1367 728 postulationibus
1391 656 1487 727 grato
1520 652 1763 712 concurrentes

117 748 250 812 dientiae
259 754 388 827 jugum,
404 751 438 811 et
452 749 600 825 ipsorum
616 748 772 811 abbatum
797 751 908 827 potes-
964 762 1116 819 assensu,
1139 764 1299 826 personas
1320 750 1448 810 vestras
1463 747 1621 810 stlocum
1639 748 1674 808 in
1699 764 1763 825 quo

116 848 216 908 tatem
231 847 472 924 quodammodo
491 848 667 909 enervatis.
689 848 773 908 Illud
797 850 910 910 autem
964 845 1079 907 divino
1090 846 1171 908 estis
1184 845 1341 923 obsequio
1356 844 1538 921 mancipati
1553 861 1630 906 oum
1653 846 1765 907 omui-

115 944 298 1007 districtius
323 944 522 1016 inhibemus,
550 959 593 1005 ne
627 959 688 1020 pro
717 945 910 1006 relaxandis
964 941 1025 1002 bus
1039 941 1136 1003 bonis
1151 958 1224 1019 quae
1239 942 1274 1003 in
1289 943 1542 1019 praesentiarum
1561 942 1758 1005 rationabi-

115 1042 468 1103 excommunicationis
491 1041 664 1103 sententiis
690 1043 909 1119 promulgatis
964 1039 1042 1101 liter
1056 1039 1232 1116 possidetis
1247 1040 1351 1101 autin
1366 1039 1513 1101 futurum
1523 1040 1628 1118 justis
1638 1040 1788 1121 modia„

114 1139 150 1199 ib
161 1140 263 1215 ipsos,
278 1155 409 1216 poenam
422 1139 649 1216 pecuniariam
662 1140 819 1215 exigatis,
832 1155 908 1201 cum
964 1138 1142 1214 praestante
1171 1137 1322 1204 Domino,
1349 1137 1500 1214 poteritis
1517 1137 1674 1215 adipisci,
1698 1137 1788 1218 suh

114 1252 181 1298 non
195 1237 340 1298 habeant
358 1235 540 1313 proprium,
566 1251 627 1298 neo
648 1237 782 1299 illorum
810 1238 908 1314 culpa
962 1233 1051 1296 beati
1078 1235 1168 1296 Petri
1191 1238 1224 1296 et
1244 1236 1357 1296 nostra
1386 1235 1592 1311 protectione
1616 1236 1788 1312 suscipi*

115 1332 234 1396 debeat
246 1334 282 1394 in
304 1333 454 1395 ecclesiae
470 1349 539 1394 suaa
555 1332 765 1410 dispendium
781 1334 908 1395 redun-
964 1345 1047 1392 mus.
1066 1332 1262 1408 specialiter
1277 1333 1387 1393 autem
1409 1332 1450 1393 de
1471 1332 1694 1404 Attenburen,
1722 1329 1788 1417 ὰ,

112 1430 204 1490 dare.
222 1431 340 1491 Datum
355 1429 441 1506 apud
466 1429 586 1491 Urbem
600 1431 765 1501 Veterem,
782 1430 910 1492 duodo·
962 1431 1175 1500 Annenusen,
1192 1428 1233 1488 de
1246 1429 1430 1500 Holzbalm,
1447 1430 1480 1490 et
1500 1429 1542 1490 de
1567 1428 1788 1521 Lebzinga)

114 1527 202 1589 cimo
219 1527 286 1588 kal.
302 1527 446 1602 augusti,
464 1525 675 1604 pontificatus
689 1528 794 1591 nostri
819 1542 907 1590 auno
963 1526 1121 1587 ecclesiae
1134 1541 1154 1586 a
1168 1525 1264 1588 bonae
1277 1526 1494 1587 memoriali.
1509 1524 1666 1586 ecclesiae
1680 1541 1785 1603 reu,

111 1625 244 1703 quarto.
962 1625 1022 1683 trae
1048 1622 1237 1699 praeposlto,
1260 1623 1302 1683 ad
1329 1637 1425 1699 quem
1440 1623 1591 1699 ipsarum
1622 1622 1775 1708 donatpo

409 1757 612 1844 CLXXXV
963 1718 1159 1795 pertinebat,
1175 1720 1231 1796 pia
1249 1718 1555 1781 vobisliberalitate
1564 1733 1761 1810 concessa„

961 1815 1142 1877 dioecesani
1155 1815 1301 1893 episcopi
1315 1815 1357 1877 ad
1379 1815 1443 1876 boc
1465 1816 1648 1878 armedente
1673 1831 1752 1888 oon.

257 1894 310 1953 Ad
329 1891 517 1966 capitulam
537 1891 761 1967 Aetnaeae-nac.
963 1928 1074 1985 sensu,
1091 1912 1178 1974 sicut
1191 1928 1248 1974 eas
1259 1916 1350 1990 juste
1364 1928 1404 1974 ao
1422 1913 1562 1990 pacifice
1576 1912 1742 1990 possidetis

407 2004 439 2061 Ἃ
454 2002 515 2076 julii
531 2002 610 2061 ¹²2⁰·
962 2009 1100 2071 vobiset
1113 2024 1244 2086 perros
1259 2009 1409 2076 ecclesiae
1419 2009 1539 2072 vestrm
1557 2009 1739 2079 auctomtale

285 2111 409 2172 [nonum.
423 2109 508 2168 norm,
523 2109 641 2168 xxxin,
652 2123 671 2168 ¹.
683 2109 736 2173 ta]
960 2106 1149 2182 apostolica
1160 2096 1629 2183 confirmamusetpraesentia
1639 2113 1734 2187 scripti

111 2213 173 2285 ipsi
197 2211 334 2267 ecclesias
357 2209 387 2265 in
412 2206 605 2276 dttenburen,
626 2208 813 2276 Annenusen,
837 2208 904 2266 Hol·
962 2203 1146 2279 patrocinio
1161 2203 1413 2265 communimus.
1423 2203 1517 2264 Nulli
1525 2218 1608 2279 ergo
1620 2206 1733 2269 omnino

147 2299 241 2358 ahaim
256 2296 470 2369 etLebzingen.
488 2295 523 2352 ab
547 2297 582 2353 Η.
597 2296 728 2354 ecelesia
741 2298 817 2370 Aug.
832 2312 904 2370 prta·
962 2299 1132 2361 hominum
1167 2300 1266 2362 liceat
1302 2299 1389 2361 hano
1437 2300 1593 2376 paginam
1631 2304 1733 2365 nostra

143 2388 243 2462 posito
257 2386 350 2444 eldam
365 2385 496 2455 ᾶθῐῐθῐθῦ»
517 2384 677 2442 fflssfllfflfll·
961 2397 1177 2474 protectionis
1211 2400 1245 2459 el
1277 2396 1540 2459 confirmationis
1558 2397 1730 2472 intringere,

152 2495 330 2566 Honorius,
347 2494 422 2566 etc,
439 2493 569 2555 dilectis
584 2492 663 2554 filiis
680 2493 824 2570 capitulo
839 2497 909 2554 Au·
960 2495 1013 2555 vel
1028 2510 1112 2555 ausu
1127 2495 1304 2556 temerario
1315 2494 1493 2556 contraire.
1502 2494 1538 2555 Si
1553 2494 1628 2571 quis
1642 2497 1728 2555 aulen

114 2593 274 2671 gratensi,
291 2592 431 2652 salutem
440 2594 472 2652 et
482 2590 698 2668 apostolicam
707 2590 909 2653 benedictio·
961 2592 1025 2652 boc
1037 2592 1201 2653 attentare
1215 2592 1476 2669 presumpserit,
1490 2591 1728 2668 indignationem

115 2707 203 2753 nem.
961 2687 1196 2763 omnipotentis
1238 2687 1297 2748 Dei
1335 2689 1369 2748 et
1397 2685 1570 2748 beatorum
1609 2687 1689 2748 Petri
1707 2688 1730 2747 el

156 2790 237 2848 Cum
252 2785 382 2848 anobis
401 2785 524 2862 petitur
547 2784 633 2861 quod
654 2787 780 2862 justum
802 2786 853 2846 ast
876 2787 910 2848 et
962 2784 1059 2845 Pauli
1074 2784 1300 2861 apostolorum
1312 2786 1385 2861 ejus
1399 2799 1435 2845 se
1449 2784 1581 2845 noverit
1594 2783 1727 2845 incursu·

118 2887 303 2949 honestum,
320 2886 387 2944 tam
411 2883 507 2958 vigor
524 2882 688 2960 aequitatis
707 2896 805 2960 quam
827 2881 908 2944 ordo
962 2896 1047 2942 rum.
1064 2883 1181 2943 Datum
1193 2880 1280 2958 apud
1296 2881 1418 2944 Urbem
1432 2882 1599 2953 Veterem,
1610 2882 1665 2941 xli
1677 2879 1726 2940 kal.

120 2979 390 3057 exigitrationis,
402 2981 437 3040 ut
451 2979 482 3039 id
496 2994 556 3055 per
566 2978 825 3040 sollicitudinem
840 2977 909 3040 offl·
963 2979 1106 3055 augusti,
1122 2978 1332 3055 pontificatus
1344 2977 1450 3040 nostri
1460 2994 1549 3040 anno
1562 2978 1681 3056 quarto.

620 3608 849 3741 LIBER
904 3615 1248 3764 QUINTUS

313 4168 381 4271 DE
418 4164 608 4284 QUINTO
647 4166 868 4271 HONORII
906 4181 966 4268 HI
1004 4172 1370 4272 PONTIFICATUS
1405 4180 1564 4271 ANNO'.

151 4441 242 4508 Quam
258 4437 287 4494 in
300 4451 376 4494 anno
390 4435 562 4508 precedenti
577 4435 664 4494 multa
679 4436 715 4493 de
726 4436 867 4494 Frederlci
884 4436 913 4492 in
1004 4438 1187 4512 Promulgata
1201 4438 1287 4512 igitur
1300 4436 1351 4495 init
1362 4438 1392 4495 lu
1402 4438 1523 4496 Basilica
1531 4432 1663 4499 vedana
1673 4445 1734 4492 eom

117 4537 318 4610 imperatorem
331 4534 546 4591 incoronatione
554 4533 628 4591 diota
639 4534 780 4605 scriptave
790 4531 911 4600 lucrant,
968 4535 1061 4592 titutio
1088 4536 1246 4607 imperialis
1268 4534 1304 4593 de
1318 4534 1505 4608 abrogatione
1524 4542 1554 4593 et
1570 4531 1735 4593 destmolittt

118 4633 179 4707 ipse
205 4647 271 4691 cum
293 4632 383 4689 multo
408 4638 436 4688 et
464 4631 641 4688 nobilissimo
667 4631 803 4687 comitatu
827 4630 915 4702 Alpes
968 4632 1097 4689 omnium
1111 4639 1282 4689 statutorum
1294 4645 1329 4689 ae
1338 4631 1578 4689 consuetudinum
1597 4636 1687 4689 ababa
1699 4637 1734 4684 et·

117 4731 270 4800 transiens,
285 4732 428 4791 Veronam
445 4730 583 4802 pervenit,
598 4727 693 4800 ibique
705 4727 840 4785 subsistit.
856 4728 912 4784 bit·
969 4729 1125 4787 cleslasvel
1140 4730 1364 4789 ecclesiasticam
1377 4728 1549 4799 libertatem,
1563 4735 1594 4786 et
1606 4722 1736 4786 marna

117 4837 194 4887 teras
207 4828 243 4886 de
253 4842 328 4885 noto
341 4828 376 4885 ad
386 4826 553 4885 Pontificem
564 4825 666 4883 direxit
678 4827 707 4882 in
718 4825 822 4897 qulbus
832 4840 915 4882 suam
969 4840 1065 4884 sarum
1096 4827 1236 4884 solemnia
1266 4825 1460 4884 anathematis
1493 4826 1665 4885 sententiam
1692 4818 1739 4878 till

118 4933 146 4983 et
160 4924 352 4982 obedientiam
362 4922 799 4982 straverentiamtestarivoluit.
809 4921 916 4991 Quibus
971 4925 1112 4982 Honorius
1130 4923 1267 4982 adversus
1281 4923 1432 4981 baretioos
1447 4936 1551 4980 omnes
1563 4930 1594 4980 et
1614 4919 1740 4980 busto

121 5022 262 5096 perlectis,
274 5022 417 5080 Honorius
429 5023 575 5095 rescripsit
586 5020 621 5079 ad
632 5017 798 5094 episcopum
807 5023 915 5077 iuscu-
970 5035 1033 5079 rum
1055 5019 1190 5079 lautores.
1209 5021 1290 5090 Quod
1313 5018 1404 5078 laedat
1428 5017 1583 5078 sacerdotii
1604 5025 1634 5078 et
1651 5011 1742 5090 lmpe'l

119 5121 216 5178 lanum
235 5126 264 5176 et
278 5118 437 5177 alatrinum
456 5120 646 5192 capellanum,
662 5119 705 5176 eia
721 5115 873 5186 mandans,
885 5124 917 5175 ut
971 5133 1029 5176 nou
1040 5119 1130 5176 semel
1142 5125 1239 5192 postea
1256 5117 1424 5176 Frederiout
1435 5116 1557 5176 elusisse
1568 5114 1686 5175 adema
1702 5106 1744 5171 Set

119 5216 285 5290 capitularia
300 5214 432 5288 quedam
447 5216 596 5274 Frederico
604 5223 839 5290 proponerentur,
853 5228 917 5287 qum
970 5214 1033 5272 bace
1051 5215 1230 5289 imperatoris
1253 5215 1401 5273 coronatio
1421 5214 1504 5286 quasi
1524 5212 1650 5288 primum
1669 5211 1744 5271 ΜΝ

120 5317 150 5372 lu
168 5316 230 5388 ipsa
248 5312 294 5371 die
308 5313 542 5382 incoronalionis,
557 5313 612 5370 sub
631 5313 748 5370 nomine
763 5311 915 5386 imperiali,
971 5319 1048 5378 tenet
1058 5314 1132 5370 inter
1145 5313 1216 5371 allos
1229 5310 1315 5387 hujus
1330 5312 1398 5369 euni
1412 5313 1508 5370 varios
1517 5317 1652 5369 ereans.

121 5413 151 5469 in
163 5411 285 5470 Basilica
298 5410 435 5483 principis
446 5410 647 5483 Apostolorum
656 5409 878 5483 publicarentur,
888 5412 918 5466 et
1007 5411 1079 5468 bum
1095 5408 1244 5469 hereticos
1265 5411 1367 5468 acriter
1387 5405 1518 5467 Populea
1529 5404 1745 5481 pemeqtebatm

122 5509 206 5568 simul
219 5516 387 5568 tractaretur
407 5506 444 5565 da
467 5507 640 5565 necessitate
652 5508 861 5581 crucesignatis
887 5506 917 5563 in
973 5515 1229 5580 temperamentum
1247 5506 1376 5567 adhibuit
1388 5519 1459 5580 erga
1476 5504 1661 5564 tmebimnm
1675 5500 1745 5561 abb·-

92 5675 95 5680 .
122 5608 236 5668 Oriente
247 5606 456 5680 quamprimum
464 5603 662 5662 subveniendi.
972 5611 1041 5675 tem3
1056 5603 1137 5676 cujus
1151 5605 1387 5663 commentarium
1400 5603 1430 5660 lu
1446 5602 1563 5661 Petam
1576 5597 1747 5661 bombardae
