3774 6186
196 296 256 360 807

196 460 282 521 bam
308 463 473 538 possimus
493 467 628 542 propter
651 467 713 530 hoc
737 485 802 532 non
824 472 990 536 immerito

196 561 437 622 commendare.
447 564 564 624 Datum
574 566 741 640 Laterani,
755 571 798 630 Vl
809 569 883 632 idus
897 573 988 641 maii,

196 657 407 731 pontificatus
423 662 528 722 nostri
544 679 632 724 antro
648 665 774 740 quinte.

457 858 728 947 CCCLXXXII

193 996 245 1054 Ad
271 997 409 1058 abbates
424 1001 679 1073 cistercienses,
696 1005 845 1066 Fratres
867 1009 990 1081 Hospi-

235 1092 313 1154 telis
338 1097 457 1156 selecti
479 1100 646 1159 lobannis
669 1105 986 1177 Hierosolpmttmrt,

233 1190 268 1249 el
277 1193 322 1250 od
337 1195 499 1254 tortitiam
511 1200 647 1269 steneli,
660 1198 693 1258 ei
703 1203 881 1275 rettptcses
891 1205 985 1263 elios.

486 1326 518 1382 lt]
532 1327 599 1382 maii
617 1328 695 1384 latr.

195 1484 200 1490 .
224 1443 344 1508 [aegest.
356 1446 401 1497 lib.
413 1449 444 1505 V,
455 1448 528 1511 epist.
542 1449 596 1499 639.
611 1448 667 1500 tiss.
680 1452 717 1502 Le
728 1453 803 1505 Porta
816 1454 848 1504 du
862 1455 955 1519 Theti]

91 1608 94 1617 ,
192 1549 316 1620 inbibat,
332 1567 369 1610 ne
389 1552 534 1626 professos
548 1555 657 1614 ordinis
671 1561 937 1618 Grandimonteusis
952 1563 987 1620 ab

197 1672 200 1679 -
228 1639 283 1698 buc
297 1641 397 1700 ordine
412 1645 474 1702 sine
488 1647 667 1717 superiorum
687 1649 800 1707 lieentia
821 1650 987 1709 recedentes

227 1730 376 1802 recipient.

232 1849 412 1921 Honorius,
423 1852 498 1919 etc„
512 1852 640 1915 dilectis
659 1854 734 1914 ultis
748 1856 913 1917 universis
927 1856 987 1917 alr-

191 1945 324 2007 batibus
353 1949 583 2010 cistarciensis
612 1953 738 2012 ordinis
758 1957 790 2014 et
814 1955 985 2015 Fratribus

191 2045 374 2121 Hospitalis
389 2049 501 2107 Sancti
516 2048 678 2110 lobannis
691 2051 984 2127 Hiertisolprnilani

190 2143 224 2204 et
244 2143 373 2204 militiae
399 2147 538 2220 't'enrplt
559 2163 598 2207 ac
618 2148 785 2224 religiosis
808 2149 883 2209 aliis
898 2165 986 2226 prae-

192 2242 302 2301 sentes
318 2241 446 2303 litteras
463 2243 673 2320 impe-turis.

190 2359 197 2365 ·
229 2339 350 2401 Dilecti
370 2339 432 2399 tilii
456 2341 548 2417 prior
571 2347 603 2403 et
626 2343 745 2405 fraires
760 2345 983 2405 Grandimnn·

188 2435 299 2497 tenses
332 2437 427 2498 nobis
465 2441 696 2515 conquerendo
739 2444 982 2510 rnrnrstrarnnt,

187 2533 273 2610 quod
299 2535 438 2595 cumeis
458 2537 579 2596 eserie
599 2539 790 2613 apostolica
811 2540 854 2600 sit
875 2540 985 2600 indul-

187 2632 268 2702 tum,
294 2632 330 2692 ut
354 2648 450 2692 nenio
480 2635 552 2693 sine
576 2637 730 2696 cautione
759 2638 981 2697 cornmunium

187 2727 374 2789 litterarum
391 2731 666 2804 recipereaudeat
677 2734 843 2809 professos
855 2735 996 2796 ordinis

188 2826 391 2897 eorumdem,
409 2828 542 2903 quidam
557 2831 715 2898 vestrum,
733 2834 847 2892 contra
863 2833 982 2909 lnrjus·

186 2921 276 2982 moui
293 2922 502 2999 priuilegium
526 2926 707 2997 venientes
736 2928 880 3003 ipsorum
904 2945 983 3004 pro-

186 3018 304 3092 fessos,
315 3020 356 3081 ab
367 3021 416 3081 eis
428 3021 500 3082 sine
511 3022 643 3083 licentia
657 3024 876 3097 discedentes
888 3027 980 3087 reci-

186 3133 266 3195 pere
281 3132 347 3179 nou
363 3120 530 3191 serentur,
549 3120 635 3182 ando
648 3122 733 3182 idern
751 3123 831 3184 ordo
844 3124 981 3200 qnilms·

186 3217 262 3276 dam
291 3216 439 3288 clericis,
472 3222 503 3278 et
532 3219 609 3279 aliis
647 3219 805 3281 fratribus
845 3221 980 3282 utilibus

186 3313 294 3376 ordini
306 3317 499 3386 memorato,
514 3321 563 3376 est
575 3316 763 3394 hujusmodi
781 3320 979 3394 receptionis

184 3409 345 3473 facilitate
365 3413 519 3472 nudatus.
536 3414 616 3484 Quia
642 3415 746 3489 igitur
765 3432 829 3476 non
853 3416 979 3477 debetis

183 3509 216 3569 id
233 3509 344 3570 lacere
359 3510 446 3580 aliis,
463 3511 545 3586 quod
562 3511 655 3571 vobis
667 3513 739 3572 fieri
755 3529 821 3572 non
836 3515 978 3585 velletis,

184 3606 395 3667 universitati
417 3609 536 3667 vestrae
560 3624 619 3683 per
641 3611 830 3682 apostolica
855 3612 979 3688 scripta

184 3703 334 3765 districte
350 3704 573 3780 praecipiendo
592 3707 795 3777 mandamus
816 3710 979 3784 qnatenus

182 3801 242 3862 tali
271 3802 368 3861 made
397 3802 547 3878 receptos
576 3803 614 3863 ad
647 3802 977 3868 Grandimouteus'enr

183 3899 360 3960 ecclesiam
386 3900 603 3971 remittentes,
626 3918 694 3973 eos,
720 3904 770 3963 rel
796 3903 881 3964 alies
902 3921 980 3980 pro-

181 3994 287 4058 fessos
313 3998 460 4058 ordinem
488 3999 712 4074 saepedictum,
727 4002 844 4061 contra
856 4026 858 4031 ·
872 4003 979 4077 priui-

181 4094 268 4170 legia
294 4095 359 4171 ipsi
380 4096 490 4156 ordini
513 4096 555 4157 ab
573 4097 759 4174 apostolica
785 4098 869 4160 Sede
894 4115 977 4160 cou-

181 4208 277 4254 cessa
292 4193 485 4255 nullatenus
498 4195 648 4270 recipere
663 4194 703 4254 de
717 4197 837 4257 caetero
851 4213 979 4273 praesu-

181 4289 291 4351 matis.
319 4290 438 4351 batum
455 4291 620 4363 Laterani,
643 4294 687 4353 lll
704 4292 779 4352 idus
795 4294 875 4354 maii
890 4310 977 4354 anno

182 4386 310 4463 quinio.

436 4538 726 4626 occurram

182 4685 235 4745 Ad
251 4683 410 4757 priorem
427 4674 461 4742 et
480 4683 612 4755 tratres
633 4684 973 4746 Groadtmoateases

475 4815 508 4871 {3
523 4813 590 4871 maii
606 4814 684 4871 latr.

305 4937 438 5002 [llartene
450 4938 596 4988 Thesaurus
604 4938 737 4997 Accedet..
753 4940 772 4996 l,
784 4939 852 5004 883]

182 5057 317 5115 Hortatur
342 5053 615 5112 Grandimontenses
633 5062 676 5124 ut,
697 5055 830 5113 scissuris
853 5064 882 5114 et
904 5072 974 5115 ran·

186 5190 193 5199 .
216 5141 390 5201 tentionibus
408 5141 555 5213 abdicatis,
576 5145 663 5217 priori
684 5145 875 5202 reverentiam
892 5145 971 5205 exhi·

214 5232 311 5303 beant,
328 5239 357 5289 et
375 5236 480 5288 statuta
492 5231 601 5289 ordinis
614 5232 713 5290 sedule
725 5231 887 5291 observent.

188 5397 193 5409 ·
219 5358 891 5434 Honoriusepiscopus,servusserv0rum
901 5363 972 5434 Dei,

179 5457 310 5519 dilectis
328 5457 406 5517 tiliis
421 5455 526 5532 priori
538 5455 572 5516 et
586 5454 745 5518 tratribus
761 5459 974 5521 Grandimon·

178 5554 339 5626 tensibus,
360 5554 500 5615 salntem
520 5555 553 5614 et
571 5553 789 5629 apostolicam
811 5555 971 5619 benedic-

177 5653 312 5714 tionem.

812 311 989 375 HONORII
1011 315 1057 376 III
1078 318 1227 381 OPERA;

1786 329 1843 391 808

1087 478 1240 551 Utilitati,
1255 478 1363 554 tautae,
1383 484 1416 546 et
1435 486 1536 548 saluti
1552 488 1673 549 vestrm
1688 504 1757 549 non
1772 505 1841 553 mo-

1045 574 1154 635 dicum
1175 578 1319 653 expedit,
1336 582 1373 642 ut
1394 583 1479 644 sicut
1494 587 1646 660 proxime
1666 586 1841 649 retroactis

1047 675 1248 749 temporibus
1276 679 1573 742 contentiones-ad
1605 683 1753 744 invicem
1781 685 1841 747 ha·

1044 770 1179 844 buistis,
1206 773 1254 834 sic
1283 772 1467 838 decaetero
1496 780 1637 841 servetis
1664 797 1783 857 pacem
1807 784 1839 843 in

1044 867 1177 931 viuculo
1199 872 1349 933 caritatis
1374 895 1383 933 ε
1411 877 1573 951 qrratenus
1596 877 1687 938 sama
1712 880 1837 953 restra,

1044 980 1117 1039 quae
1142 982 1201 1042 per
1216 967 1442 1030 dissensiones
1457 971 1647 1049 hujusmodi
1663 977 1717 1036 est
1736 974 1839 1052 pluri·

1045 1078 1132 1122 mum
1163 1063 1353 1140 derrigrata,
1384 1068 1524 1130 nitorem
1556 1072 1661 1147 possit
1691 1073 1838 1150 recipere

1043 1163 1247 1225 consuetum.
1264 1167 1297 1225 et
1320 1167 1426 1226 restra
1450 1168 1570 1243 religio
1595 1169 1632 1229 in
1657 1174 1838 1248 conspectu

1046 1259 1102 1317 liei
1122 1262 1153 1319 et
1176 1259 1346 1322 hominum
1369 1264 1500 1325 solitam
1519 1267 1675 1328 invenire
1696 1270 1838 1343 gratiam

1044 1360 1220 1417 mereatur.
1240 1360 1319 1420 Cum
1347 1361 1451 1436 igitur
1473 1363 1613 1426 instanti
1638 1365 1725 1426 festo
1752 1366 1837 1428 beati

1041 1453 1836 1532 Jouannisssapttsraememoracelebratnn·sitis

1041 1553 1221 1627 capitulum
1236 1557 1406 1629 generale,
1423 1557 1677 1621 universitatem
1693 1562 1836 1623 vestram

1042 1649 1285 1711 sollicitandam
1301 1652 1457 1714 duximus
1472 1657 1506 1716 et
1525 1655 1740 1730 hortandam,
1757 1648 1836 1720 aucss

1043 1746 1173 1808 torrete
1194 1749 1288 1809 vobis
1311 1752 1525 1826 praesentium
1553 1753 1699 1816 tirmiter
1724 1756 1835 1832 injun-

1040 1845 1167 1918 gentes,
1180 1848 1342 1921 qnatenus
1354 1850 1510 1910 scissuris
1523 1855 1556 1912 et
1567 1853 1834 1914 contentionibus

1041 1943 1172 2016 penitus
1199 1943 1377 2017 abdicatis,
1404 1949 1444 2008 ad
1466 1963 1506 2009 ea
1533 1964 1607 2025 quae
1636 1950 1731 2026 pacis
1764 1955 1835 2012 sunt

1042 2040 1242 2102 unanimiter
1256 2042 1478 2115 intendentes,
1495 2046 1623 2107 ordinis
1643 2048 1749 2108 vestri
1770 2051 1834 2109 sta-

1042 2138 1121 2208 tuta,
1145 2140 1243 2214 prout
1267 2141 1302 2202 in
1323 2143 1513 2217 Apostolico
1549 2144 1626 2205 sunt
1660 2144 1832 2231 privilegio

1040 2236 1289 2310 comprehensa,
1320 2239 1479 2300 studeatis
1506 2241 1750 2303 inviolabiliter
1774 2243 1831 2303 ob·

1040 2348 1190 2408 servare3
1218 2336 1322 2410 priori
1350 2338 1461 2397 vestro
1489 2338 1712 2414 impendendo
1738 2355 1831 2400 reue-

1038 2432 1178 2492 rentiam
1199 2434 1232 2493 et
1251 2432 1474 2494 obedientiam
1496 2435 1656 2495 humilem
1679 2438 1713 2497 et
1735 2437 1832 2498 deue-

1041 2533 1103 2588 tam
1119 2545 1126 2600 ;
1142 2544 1206 2604 pro
1222 2531 1313 2591 certo
1333 2531 1461 2602 scituri,
1484 2533 1569 2608 quod
1586 2533 1625 2604 si,
1643 2534 1831 2595 salubribus

1039 2627 1171 2686 rnorritis
1190 2629 1313 2687 nostris
1333 2628 1514 2689 damnabili
1535 2631 1726 2693 temeritate
1748 2648 1830 2692 onn-

1037 2724 1180 2800 temptis,
1204 2725 1400 2800 perturbare
1421 2742 1480 2787 uos
1501 2728 1603 2803 ipsos,
1631 2729 1666 2789 et
1689 2730 1831 2791 scanda-

1038 2823 1138 2881 lizare
1152 2822 1247 2894 alios,
1265 2839 1323 2898 per
1332 2825 1444 2899 jurgia
1461 2827 1745 2901 praesumpseritis
1755 2844 1831 2889 con·

1037 2923 1142 2990 sueta,
1155 2936 1213 2980 nos
1224 2920 1354 2981 niueam
1372 2921 1514 2992 Domini,
1526 2923 1693 2984 culturam
1706 2925 1831 2986 scilicet

1037 3017 1362 3085 Grandirnontensis,
1388 3018 1579 3079 curabimus
1610 3020 1689 3080 aliis
1723 3021 1830 3082 locare

1036 3116 1203 3188 agria-olis,
1221 3117 1277 3192 qni
1293 3118 1514 3192 opportunum
1535 3116 1681 3179 fructum
1700 3119 1829 3196 tempo·

1034 3212 1127 3273 ribus
1141 3215 1209 3272 suis
1225 3213 1375 3285 reddant,
1388 3214 1482 3277 vobis
1495 3215 1596 3290 digne
1611 3215 1700 3277 datis
1712 3217 1750 3277 in
1765 3217 1830 3276 dis-

1035 3311 1200 3386 persionis
1215 3311 1443 3386 opprobrium
1458 3314 1493 3373 ut
1508 3312 1628 3388 quibus
1642 3313 1743 3390 culpa
1757 3330 1830 3374 res-

1034 3411 1086 3468 tra
1101 3408 1163 3468 luit
1178 3408 1384 3476 scandalum,
1402 3425 1498 3485 poena
1516 3410 1609 3471 sitin
1627 3411 1826 3487 exemplum.

1034 3506 1153 3565 Datum
1169 3506 1335 3575 Laterani,
1352 3508 1398 3566 111
1417 3507 1492 3567 idus
1508 3508 1600 3579 maii,
1616 3509 1828 3584 pontificatus

1035 3604 1139 3664 nostri
1155 3618 1243 3665 anno
1259 3605 1384 3680 quinte.

1287 3784 1573 3870 CCCLXXXlV

1133 3938 1185 3996 Ad
1195 3938 1354 4010 petorem
1369 3934 1732 3998 Gratidiraontcuscm.

1324 4060 1358 4116 {3
1372 4058 1441 4115 maii
1457 4058 1535 4116 ital.

1063 4173 1182 4238 [Regest.,
1195 4173 1239 4223 lib.
1252 4174 1284 4234 V,
1294 4173 1367 4239 epist.
1379 4173 1435 4223 642.
1450 4176 1507 4224 llss.
1521 4174 1557 4223 La
1565 4175 1645 4225 Porto
1656 4174 1693 4225 dn
1705 4175 1797 4238 Their]

1033 4282 1111 4338 Fecit
1122 4281 1147 4338 ei
1160 4288 1329 4352 potestatem
1339 4279 1503 4339 sacerdotes
1515 4280 1657 4353 quosdam
1670 4289 1700 4339 et
1711 4283 1825 4340 clericos

1066 4369 1254 4428 dissensionis
1267 4378 1394 4443 tempore
1409 4370 1684 4441 excommunicatos,
1696 4371 1749 4429 sed
1764 4379 1827 4428 tune

1067 4460 1269 4532 resipiscentes
1284 4457 1461 4517 absolvendi.

1072 4577 1250 4647 Honorius,
1267 4579 1343 4648 eto,
1361 4576 1480 4636 dilecto
1504 4575 1573 4637 tilio
1594 4576 1701 4652 priori
1718 4579 1824 4639 Grau-

1031 4675 1243 4736 dimontensi.
1322 4684 1327 4690 '

1072 4773 1272 4850 supplicasti
1288 4771 1393 4843 nobis,
1412 4773 1448 4833 ut
1467 4788 1566 4848 quum
1586 4771 1667 4832 olim
1688 4771 1826 4833 manda·

1029 4871 1177 4932 serimus
1204 4870 1361 4947 quosdam
1393 4870 1600 4941 sacerdotes,
1627 4869 1660 4931 et
1687 4869 1825 4931 clericos

1030 4975 1116 5041 tuos,
1134 4970 1190 5046 qui
1206 4968 1486 5029 excommunicati
1505 4966 1727 5028 dissensionis
1741 4969 1824 5028 tem-

1030 5084 1109 5145 pore
1136 5067 1379 5137 ministrarunt,
1401 5064 1443 5125 ab
1469 5064 1668 5125 executione
1691 5079 1825 5126 suorum

1029 5165 1214 5226 officiorum
1225 5164 1266 5224 de
1280 5165 1401 5224 caetero
1415 5161 1593 5231 abstinere,
1607 5161 1717 5223 donec
1728 5175 1825 5238 super

950 5318 951 5323 ,
1029 5264 1092 5324 hoc
1112 5263 1153 5323 ab
1172 5261 1364 5338 Apostolica
1391 5260 1475 5321 Sede
1498 5258 1670 5321 licentiam
1696 5259 1826 5321 obtine-

1028 5362 1113 5432 rent,
1139 5360 1307 5429 cumillis,
1328 5358 1384 5435 qui
1402 5360 1473 5434 jam
1488 5372 1548 5433 per
1566 5372 1695 5417 anuum
1711 5355 1822 5417 bumi2

1028 5459 1104 5519 liter
1119 5458 1344 5527 cessaverunt,
1361 5454 1625 5515 misericordiam
1648 5452 1691 5514 de
1703 5455 1822 5515 caetero

1027 5556 1222 5617 laceremus.
1258 5554 1400 5630 Ideoque
1423 5551 1633 5618 ¹discretioni
1664 5551 1733 5613 tuae
1765 5565 1822 5627 per

1027 5654 1216 5732 apostolica
1251 5652 1376 5728 scripta
1409 5649 1624 5725 mandamus,
1658 5648 1821 5727 quatenus
