<?xml version="1.0" encoding="UTF-8"?>
<!DOCTYPE html PUBLIC "-//W3C//DTD XHTML 1.0 Transitional//EN"
    "http://www.w3.org/TR/xhtml1/DTD/xhtml1-transitional.dtd">
<html xmlns="http://www.w3.org/1999/xhtml" xml:lang="en" lang="en">
 <head>
  <title>
</title>
<meta http-equiv="Content-Type" content="text/html;charset=utf-8" />
  <meta name='ocr-system' content='tesseract 3.04.00' />
  <meta name='ocr-capabilities' content='ocr_page ocr_carea ocr_par ocr_line ocrx_word'/>
</head>
<body>
  <div class='ocr_page' id='page_1' title='image "./mediiaevibiblio00horogoog_0404.png"; bbox 0 0 3774 6186; ppageno 0'>
   <div class='ocr_carea' id='block_1_1' title="bbox 119 318 179 379">
    <p class='ocr_par' dir='ltr' id='par_1_1' title="bbox 119 318 179 379">
     <span class='ocr_line' id='line_1_1' title="bbox 119 318 179 379; baseline 0 0"><span class='ocrx_word' id='word_1_1' title='bbox 119 318 179 379; x_wconf 89' lang='grc'><strong>777</strong></span> 
     </span>
    </p>
   </div>
   <div class='ocr_carea' id='block_1_2' title="bbox 118 474 913 1430">
    <p class='ocr_par' dir='ltr' id='par_1_2' title="bbox 118 474 913 1430">
     <span class='ocr_line' id='line_1_2' title="bbox 119 474 909 552; baseline 0 -16"><span class='ocrx_word' id='word_1_2' title='bbox 119 474 198 548; x_wconf 90' lang='lat' dir='ltr'><strong>turi,</strong></span> <span class='ocrx_word' id='word_1_3' title='bbox 219 475 305 552; x_wconf 92' lang='lat' dir='ltr'><strong>qued</strong></span> <span class='ocrx_word' id='word_1_4' title='bbox 327 476 454 537; x_wconf 75' lang='lat' dir='ltr'>coactio</span> <span class='ocrx_word' id='word_1_5' title='bbox 480 475 634 537; x_wconf 88' lang='lat' dir='ltr'><strong>meritum</strong></span> <span class='ocrx_word' id='word_1_6' title='bbox 658 490 724 537; x_wconf 92' lang='lat' dir='ltr'><strong>nen</strong></span> <span class='ocrx_word' id='word_1_7' title='bbox 743 475 909 538; x_wconf 88' lang='lat' dir='ltr'><strong>excludat.</strong></span> 
     </span>
     <span class='ocr_line' id='line_1_3' title="bbox 118 571 911 635; baseline 0.003 -2"><span class='ocrx_word' id='word_1_8' title='bbox 118 573 188 633; x_wconf 89' lang='lat' dir='ltr'><strong>Nos</strong></span> <span class='ocrx_word' id='word_1_9' title='bbox 214 574 302 634; x_wconf 91' lang='lat' dir='ltr'><strong>enim</strong></span> <span class='ocrx_word' id='word_1_10' title='bbox 326 572 442 634; x_wconf 89' lang='lat' dir='ltr'><strong>damus</strong></span> <span class='ocrx_word' id='word_1_11' title='bbox 467 571 652 634; x_wconf 89' lang='lat' dir='ltr'><strong>venerabili</strong></span> <span class='ocrx_word' id='word_1_12' title='bbox 676 572 771 635; x_wconf 84' lang='lat' dir='ltr'><strong>tratri</strong></span> <span class='ocrx_word' id='word_1_13' title='bbox 797 575 911 635; x_wconf 91' lang='lat' dir='ltr'><strong>nestro</strong></span> 
     </span>
     <span class='ocr_line' id='line_1_4' title="bbox 120 669 909 747; baseline 0 -17"><span class='ocrx_word' id='word_1_14' title='bbox 120 670 275 747; x_wconf 91' lang='lat' dir='ltr'><strong>episcope</strong></span> <span class='ocrx_word' id='word_1_15' title='bbox 286 670 507 732; x_wconf 82' lang='lat' dir='ltr'><strong>Eduensiet...</strong></span> <span class='ocrx_word' id='word_1_16' title='bbox 523 669 758 731; x_wconf 89' lang='lat' dir='ltr'><strong>archidiacone</strong></span> <span class='ocrx_word' id='word_1_17' title='bbox 773 670 909 731; x_wconf 88' lang='lat' dir='ltr'><strong>Belnen.</strong></span> 
     </span>
     <span class='ocr_line' id='line_1_5' title="bbox 120 767 911 845; baseline 0 -17"><span class='ocrx_word' id='word_1_18' title='bbox 120 767 280 828; x_wconf 90' lang='lat' dir='ltr'><strong>Eduensis</strong></span> <span class='ocrx_word' id='word_1_19' title='bbox 307 767 459 829; x_wconf 89' lang='lat' dir='ltr'><strong>dioecesls</strong></span> <span class='ocrx_word' id='word_1_20' title='bbox 479 783 538 845; x_wconf 91' lang='lat' dir='ltr'><strong>per</strong></span> <span class='ocrx_word' id='word_1_21' title='bbox 566 768 697 828; x_wconf 88' lang='lat' dir='ltr'><strong>nostras</strong></span> <span class='ocrx_word' id='word_1_22' title='bbox 721 767 850 828; x_wconf 78' lang='lat' dir='ltr'><strong>litteras</strong></span> <span class='ocrx_word' id='word_1_23' title='bbox 876 767 911 828; x_wconf 92' lang='lat' dir='ltr'><strong>in</strong></span> 
     </span>
     <span class='ocr_line' id='line_1_6' title="bbox 120 863 911 943; baseline 0 -19"><span class='ocrx_word' id='word_1_24' title='bbox 120 865 303 937; x_wconf 87' lang='lat' dir='ltr'><strong>mandatis,</strong></span> <span class='ocrx_word' id='word_1_25' title='bbox 330 866 366 926; x_wconf 95' lang='lat' dir='ltr'><strong>ut</strong></span> <span class='ocrx_word' id='word_1_26' title='bbox 403 865 468 925; x_wconf 91' lang='lat' dir='ltr'><strong>nisi</strong></span> <span class='ocrx_word' id='word_1_27' title='bbox 502 864 683 943; x_wconf 88' lang='lat' dir='ltr'><strong>adimplere</strong></span> <span class='ocrx_word' id='word_1_28' title='bbox 714 863 911 926; x_wconf 83' lang='lat' dir='ltr'><strong>curaveritis</strong></span> 
     </span>
     <span class='ocr_line' id='line_1_7' title="bbox 120 962 911 1040; baseline 0 -17"><span class='ocrx_word' id='word_1_29' title='bbox 120 963 206 1040; x_wconf 93' lang='lat' dir='ltr'><strong>qued</strong></span> <span class='ocrx_word' id='word_1_30' title='bbox 222 962 428 1029; x_wconf 84' lang='lat' dir='ltr'>mandamus,</span> <span class='ocrx_word' id='word_1_31' title='bbox 445 963 508 1039; x_wconf 92' lang='lat' dir='ltr'><strong>ipsi</strong></span> <span class='ocrx_word' id='word_1_32' title='bbox 531 978 590 1024; x_wconf 89' lang='lat' dir='ltr'><strong>ves</strong></span> <span class='ocrx_word' id='word_1_33' title='bbox 610 962 652 1024; x_wconf 92' lang='lat' dir='ltr'><strong>ad</strong></span> <span class='ocrx_word' id='word_1_34' title='bbox 672 962 715 1033; x_wconf 94' lang='lat' dir='ltr'><strong>id,</strong></span> <span class='ocrx_word' id='word_1_35' title='bbox 735 962 911 1024; x_wconf 92' lang='lat' dir='ltr'><strong>dummodo</strong></span> 
     </span>
     <span class='ocr_line' id='line_1_8' title="bbox 119 1058 911 1137; baseline -0.001 -17"><span class='ocrx_word' id='word_1_36' title='bbox 119 1059 257 1137; x_wconf 83' lang='lat' dir='ltr'><strong>praetate</strong></span> <span class='ocrx_word' id='word_1_37' title='bbox 277 1060 478 1121; x_wconf 91' lang='lat' dir='ltr'><strong>subdiacono</strong></span> <span class='ocrx_word' id='word_1_38' title='bbox 491 1058 618 1137; x_wconf 91' lang='lat' dir='ltr'><strong>aliquid</strong></span> <span class='ocrx_word' id='word_1_39' title='bbox 635 1059 833 1122; x_wconf 78' lang='lat' dir='ltr'><strong>rationabile</strong></span> <span class='ocrx_word' id='word_1_40' title='bbox 844 1075 911 1120; x_wconf 93' lang='lat' dir='ltr'><strong>nen</strong></span> 
     </span>
     <span class='ocr_line' id='line_1_9' title="bbox 119 1155 913 1234; baseline -0.004 -15"><span class='ocrx_word' id='word_1_41' title='bbox 119 1155 913 1234; x_wconf 89' lang='lat' dir='ltr'><strong>obsistat,percensuramecclesiasticamappol·</strong></span> 
     </span>
     <span class='ocr_line' id='line_1_10' title="bbox 119 1253 909 1333; baseline 0.004 -19"><span class='ocrx_word' id='word_1_42' title='bbox 119 1254 244 1316; x_wconf 89' lang='lat' dir='ltr'><strong>latione</strong></span> <span class='ocrx_word' id='word_1_43' title='bbox 256 1256 381 1315; x_wconf 91' lang='lat' dir='ltr'><strong>remota</strong></span> <span class='ocrx_word' id='word_1_44' title='bbox 393 1256 601 1333; x_wconf 88' lang='lat' dir='ltr'><strong>compellant.</strong></span> <span class='ocrx_word' id='word_1_45' title='bbox 614 1257 732 1316; x_wconf 90' lang='lat' dir='ltr'><strong>Datum</strong></span> <span class='ocrx_word' id='word_1_46' title='bbox 741 1253 909 1326; x_wconf 82' lang='lat' dir='ltr'><strong>Laterani,</strong></span> 
     </span>
     <span class='ocr_line' id='line_1_11' title="bbox 120 1352 691 1430; baseline 0 -18"><span class='ocrx_word' id='word_1_47' title='bbox 120 1354 166 1412; x_wconf 82' lang='lat' dir='ltr'><strong>IX</strong></span> <span class='ocrx_word' id='word_1_48' title='bbox 181 1352 340 1414; x_wconf 85' lang='lat' dir='ltr'><strong>kalendas</strong></span> <span class='ocrx_word' id='word_1_49' title='bbox 356 1353 447 1424; x_wconf 91' lang='lat' dir='ltr'><strong>maii,</strong></span> <span class='ocrx_word' id='word_1_50' title='bbox 465 1368 552 1415; x_wconf 86' lang='lat' dir='ltr'><strong>anne</strong></span> <span class='ocrx_word' id='word_1_51' title='bbox 566 1353 691 1430; x_wconf 86' lang='lat' dir='ltr'><strong>quinte.</strong></span> 
     </span>
    </p>
   </div>
   <div class='ocr_carea' id='block_1_3' title="bbox 438 1602 595 1690">
    <p class='ocr_par' dir='ltr' id='par_1_3' title="bbox 438 1602 595 1690">
     <span class='ocr_line' id='line_1_12' title="bbox 438 1602 595 1690; baseline -0.013 0"><span class='ocrx_word' id='word_1_52' title='bbox 438 1602 595 1690; x_wconf 76' lang='lat' dir='ltr'><strong>adult</strong></span> 
     </span>
    </p>
   </div>
   <div class='ocr_carea' id='block_1_4' title="bbox 120 1742 913 1902">
    <p class='ocr_par' dir='ltr' id='par_1_4' title="bbox 120 1742 913 1902">
     <span class='ocr_line' id='line_1_13' title="bbox 120 1742 913 1817; baseline -0.001 -13"><span class='ocrx_word' id='word_1_53' title='bbox 120 1744 172 1804; x_wconf 71' lang='lat' dir='ltr'><strong>Act</strong></span> <span class='ocrx_word' id='word_1_54' title='bbox 200 1743 370 1815; x_wconf 81' lang='lat' dir='ltr'><strong>abbatem,</strong></span> <span class='ocrx_word' id='word_1_55' title='bbox 405 1746 562 1817; x_wconf 68' lang='lat' dir='ltr'><strong>priorem</strong></span> <span class='ocrx_word' id='word_1_56' title='bbox 589 1743 623 1804; x_wconf 86' lang='lat' dir='ltr'><strong>ct</strong></span> <span class='ocrx_word' id='word_1_57' title='bbox 652 1742 913 1804; x_wconf 72' lang='lat' dir='ltr'><strong>thesaurarium</strong></span> 
     </span>
     <span class='ocr_line' id='line_1_14' title="bbox 159 1839 911 1902; baseline -0.005 0"><span class='ocrx_word' id='word_1_58' title='bbox 159 1841 277 1902; x_wconf 80' lang='lat' dir='ltr'><strong>Sancti</strong></span> <span class='ocrx_word' id='word_1_59' title='bbox 291 1841 439 1902; x_wconf 83' lang='lat' dir='ltr'><strong>biertint</strong></span> <span class='ocrx_word' id='word_1_60' title='bbox 453 1839 717 1902; x_wconf 81' lang='lat' dir='ltr'><strong>Bttrtcnrtcnsis</strong></span> <span class='ocrx_word' id='word_1_61' title='bbox 731 1843 911 1902; x_wconf 84' lang='lat' dir='ltr'><strong>Beteoccn.</strong></span> 
     </span>
    </p>
   </div>
   <div class='ocr_carea' id='block_1_5' title="bbox 161 1940 629 2106">
    <p class='ocr_par' dir='ltr' id='par_1_5' title="bbox 161 1940 629 2106">
     <span class='ocr_line' id='line_1_15' title="bbox 161 1940 326 1999; baseline 0 -2"><span class='ocrx_word' id='word_1_62' title='bbox 161 1940 326 1999; x_wconf 84' lang='lat' dir='ltr'><strong>dtoeccsts.</strong></span> 
     </span>
     <span class='ocr_line' id='line_1_16' title="bbox 402 2032 629 2106; baseline -0.004 -16"><span class='ocrx_word' id='word_1_63' title='bbox 402 2032 437 2090; x_wconf 76' lang='lat'><strong>23</strong></span> <span class='ocrx_word' id='word_1_64' title='bbox 449 2032 531 2106; x_wconf 89' lang='lat' dir='ltr'><strong>april.</strong></span> <span class='ocrx_word' id='word_1_65' title='bbox 550 2033 629 2090; x_wconf 71' lang='lat' dir='ltr'><strong>liii.</strong></span> 
     </span>
    </p>
   </div>
   <div class='ocr_carea' id='block_1_6' title="bbox 151 2153 881 2220">
    <p class='ocr_par' dir='ltr' id='par_1_6' title="bbox 151 2153 881 2220">
     <span class='ocr_line' id='line_1_17' title="bbox 151 2153 881 2220; baseline -0.005 -13"><span class='ocrx_word' id='word_1_66' title='bbox 151 2155 272 2220; x_wconf 79' lang='lat' dir='ltr'><strong>[lteqcst.,</strong></span> <span class='ocrx_word' id='word_1_67' title='bbox 284 2154 329 2206; x_wconf 92' lang='lat' dir='ltr'><strong>lib.</strong></span> <span class='ocrx_word' id='word_1_68' title='bbox 342 2158 372 2213; x_wconf 85' lang='lat' dir='ltr'><strong>V,</strong></span> <span class='ocrx_word' id='word_1_69' title='bbox 385 2156 458 2220; x_wconf 86' lang='lat' dir='ltr'><strong>epist.</strong></span> <span class='ocrx_word' id='word_1_70' title='bbox 470 2155 526 2205; x_wconf 77' lang='lat' dir='ltr'><strong>uta.</strong></span> <span class='ocrx_word' id='word_1_71' title='bbox 536 2156 594 2205; x_wconf 81' lang='lat' dir='ltr'><strong>lisa.</strong></span> <span class='ocrx_word' id='word_1_72' title='bbox 605 2156 642 2206; x_wconf 86' lang='lat' dir='ltr'><strong>La</strong></span> <span class='ocrx_word' id='word_1_73' title='bbox 652 2155 728 2205; x_wconf 87' lang='lat' dir='ltr'><strong>Perta</strong></span> <span class='ocrx_word' id='word_1_74' title='bbox 741 2155 776 2204; x_wconf 90' lang='lat' dir='ltr'><strong>dn</strong></span> <span class='ocrx_word' id='word_1_75' title='bbox 786 2153 881 2218; x_wconf 73' lang='lat' dir='ltr'><strong>lircil]</strong></span> 
     </span>
    </p>
   </div>
   <div class='ocr_carea' id='block_1_7' title="bbox 120 2269 915 2869">
    <p class='ocr_par' dir='ltr' id='par_1_7' title="bbox 120 2269 915 2869">
     <span class='ocr_line' id='line_1_18' title="bbox 120 2269 912 2342; baseline -0.004 -14"><span class='ocrx_word' id='word_1_76' title='bbox 120 2272 175 2328; x_wconf 84' lang='lat' dir='ltr'><strong>liat</strong></span> <span class='ocrx_word' id='word_1_77' title='bbox 197 2271 239 2327; x_wconf 92' lang='lat' dir='ltr'><strong>eis</strong></span> <span class='ocrx_word' id='word_1_78' title='bbox 258 2271 435 2342; x_wconf 90' lang='lat' dir='ltr'><strong>provinciam</strong></span> <span class='ocrx_word' id='word_1_79' title='bbox 453 2270 637 2328; x_wconf 79' lang='lat' dir='ltr'><strong>examinandi</strong></span> <span class='ocrx_word' id='word_1_80' title='bbox 661 2286 697 2327; x_wconf 93' lang='lat' dir='ltr'><strong>an</strong></span> <span class='ocrx_word' id='word_1_81' title='bbox 716 2269 912 2328; x_wconf 83' lang='lat' dir='ltr'><strong>excommuni-</strong></span> 
     </span>
     <span class='ocr_line' id='line_1_19' title="bbox 155 2357 914 2432; baseline -0.003 -17"><span class='ocrx_word' id='word_1_82' title='bbox 155 2359 275 2415; x_wconf 85' lang='lat' dir='ltr'><strong>cationis</strong></span> <span class='ocrx_word' id='word_1_83' title='bbox 289 2360 430 2416; x_wconf 88' lang='lat' dir='ltr'><strong>sentcntia</strong></span> <span class='ocrx_word' id='word_1_84' title='bbox 446 2374 535 2431; x_wconf 82' lang='lat' dir='ltr'><strong>quaea</strong></span> <span class='ocrx_word' id='word_1_85' title='bbox 551 2359 705 2432; x_wconf 77' lang='lat' dir='ltr'><strong>preposite</strong></span> <span class='ocrx_word' id='word_1_86' title='bbox 715 2357 914 2416; x_wconf 80' lang='lat' dir='ltr'><strong>suessionensi</strong></span> 
     </span>
     <span class='ocr_line' id='line_1_20' title="bbox 156 2445 913 2518; baseline -0.003 -14"><span class='ocrx_word' id='word_1_87' title='bbox 156 2446 293 2504; x_wconf 83' lang='lat' dir='ltr'><strong>adversus</strong></span> <span class='ocrx_word' id='word_1_88' title='bbox 317 2449 456 2505; x_wconf 88' lang='lat' dir='ltr'><strong>ioannem</strong></span> <span class='ocrx_word' id='word_1_89' title='bbox 479 2445 514 2503; x_wconf 94' lang='lat' dir='ltr'><strong>de</strong></span> <span class='ocrx_word' id='word_1_90' title='bbox 538 2445 745 2518; x_wconf 83' lang='lat' dir='ltr'><strong>Dompnebene</strong></span> <span class='ocrx_word' id='word_1_91' title='bbox 771 2446 800 2502; x_wconf 93' lang='lat' dir='ltr'><strong>lu</strong></span> <span class='ocrx_word' id='word_1_92' title='bbox 826 2459 913 2503; x_wconf 89' lang='lat' dir='ltr'><strong>causa</strong></span> 
     </span>
     <span class='ocr_line' id='line_1_21' title="bbox 156 2533 915 2607; baseline -0.001 -15"><span class='ocrx_word' id='word_1_93' title='bbox 156 2550 219 2607; x_wconf 75' lang='lat' dir='ltr'><strong>quae</strong></span> <span class='ocrx_word' id='word_1_94' title='bbox 240 2536 423 2606; x_wconf 88' lang='lat' dir='ltr'><strong>interipsum</strong></span> <span class='ocrx_word' id='word_1_95' title='bbox 444 2535 561 2592; x_wconf 90' lang='lat' dir='ltr'><strong>nemine</strong></span> <span class='ocrx_word' id='word_1_96' title='bbox 583 2533 691 2592; x_wconf 87' lang='lat' dir='ltr'><strong>ilelidis</strong></span> <span class='ocrx_word' id='word_1_97' title='bbox 713 2534 778 2591; x_wconf 84' lang='lat' dir='ltr'><strong>illie</strong></span> <span class='ocrx_word' id='word_1_98' title='bbox 800 2549 860 2590; x_wconf 80' lang='lat' dir='ltr'><strong>suas</strong></span> <span class='ocrx_word' id='word_1_99' title='bbox 886 2540 915 2591; x_wconf 91' lang='lat' dir='ltr'><strong>et</strong></span> 
     </span>
     <span class='ocr_line' id='line_1_22' title="bbox 155 2621 913 2693; baseline -0.005 -10"><span class='ocrx_word' id='word_1_100' title='bbox 155 2624 318 2683; x_wconf 88' lang='lat' dir='ltr'><strong>Gualterum</strong></span> <span class='ocrx_word' id='word_1_101' title='bbox 334 2621 455 2682; x_wconf 78' lang='lat' dir='ltr'><strong>devilia</strong></span> <span class='ocrx_word' id='word_1_102' title='bbox 470 2624 591 2693; x_wconf 87' lang='lat' dir='ltr'><strong>Novata,</strong></span> <span class='ocrx_word' id='word_1_103' title='bbox 608 2622 757 2680; x_wconf 85' lang='lat' dir='ltr'><strong>&#39;irecensis</strong></span> <span class='ocrx_word' id='word_1_104' title='bbox 771 2621 913 2691; x_wconf 85' lang='lat' dir='ltr'><strong>dioecesis,</strong></span> 
     </span>
     <span class='ocr_line' id='line_1_23' title="bbox 156 2709 913 2784; baseline -0.003 -16"><span class='ocrx_word' id='word_1_105' title='bbox 156 2726 241 2784; x_wconf 90' lang='lat' dir='ltr'><strong>super</strong></span> <span class='ocrx_word' id='word_1_106' title='bbox 256 2711 437 2768; x_wconf 90' lang='lat' dir='ltr'><strong>matrimonio</strong></span> <span class='ocrx_word' id='word_1_107' title='bbox 457 2710 629 2780; x_wconf 80' lang='lat' dir='ltr'><strong>vertebatur,</strong></span> <span class='ocrx_word' id='word_1_108' title='bbox 645 2711 701 2768; x_wconf 87' lang='lat' dir='ltr'><strong>lata</strong></span> <span class='ocrx_word' id='word_1_109' title='bbox 724 2709 825 2779; x_wconf 87' lang='lat' dir='ltr'><strong>luerat,</strong></span> <span class='ocrx_word' id='word_1_110' title='bbox 838 2709 913 2782; x_wconf 86' lang='lat' dir='ltr'><strong>justa</strong></span> 
     </span>
     <span class='ocr_line' id='line_1_24' title="bbox 156 2797 868 2869; baseline -0.004 -12"><span class='ocrx_word' id='word_1_111' title='bbox 156 2802 202 2869; x_wconf 87' lang='lat' dir='ltr'><strong>sit,</strong></span> <span class='ocrx_word' id='word_1_112' title='bbox 214 2809 242 2858; x_wconf 89' lang='lat' dir='ltr'><strong>ct</strong></span> <span class='ocrx_word' id='word_1_113' title='bbox 254 2802 277 2857; x_wconf 91' lang='lat' dir='ltr'><strong>si</strong></span> <span class='ocrx_word' id='word_1_114' title='bbox 292 2801 431 2857; x_wconf 90' lang='lat' dir='ltr'><strong>canonica</strong></span> <span class='ocrx_word' id='word_1_115' title='bbox 447 2814 504 2856; x_wconf 94' lang='lat' dir='ltr'><strong>nen</strong></span> <span class='ocrx_word' id='word_1_116' title='bbox 517 2798 610 2869; x_wconf 87' lang='lat' dir='ltr'><strong>luerit,</strong></span> <span class='ocrx_word' id='word_1_117' title='bbox 626 2814 691 2856; x_wconf 90' lang='lat' dir='ltr'><strong>eam</strong></span> <span class='ocrx_word' id='word_1_118' title='bbox 704 2797 868 2856; x_wconf 88' lang='lat' dir='ltr'><strong>revocandi.</strong></span> 
     </span>
    </p>
   </div>
   <div class='ocr_carea' id='block_1_8' title="bbox 120 2923 917 5622">
    <p class='ocr_par' dir='ltr' id='par_1_8' title="bbox 120 2923 916 3182">
     <span class='ocr_line' id='line_1_25' title="bbox 160 2923 912 3000; baseline -0.004 -14"><span class='ocrx_word' id='word_1_119' title='bbox 160 2925 560 2997; x_wconf 86' lang='lat' dir='ltr'><strong>Honorius,ete.,dilectis</strong></span> <span class='ocrx_word' id='word_1_120' title='bbox 574 2924 650 2985; x_wconf 87' lang='lat' dir='ltr'><strong>illlis</strong></span> <span class='ocrx_word' id='word_1_121' title='bbox 662 2923 784 2995; x_wconf 92' lang='lat' dir='ltr'><strong>abbati,</strong></span> <span class='ocrx_word' id='word_1_122' title='bbox 797 2923 912 3000; x_wconf 85' lang='lat' dir='ltr'><strong>priori,</strong></span> 
     </span>
     <span class='ocr_line' id='line_1_26' title="bbox 120 3021 916 3085; baseline -0.004 -1"><span class='ocrx_word' id='word_1_123' title='bbox 120 3023 331 3085; x_wconf 87' lang='lat' dir='ltr'><strong>thesaurario</strong></span> <span class='ocrx_word' id='word_1_124' title='bbox 347 3023 460 3084; x_wconf 87' lang='lat' dir='ltr'><strong>Sancti</strong></span> <span class='ocrx_word' id='word_1_125' title='bbox 475 3022 610 3083; x_wconf 86' lang='lat' dir='ltr'><strong>Martini</strong></span> <span class='ocrx_word' id='word_1_126' title='bbox 621 3022 830 3083; x_wconf 90' lang='lat' dir='ltr'><strong>Buricurten.</strong></span> <span class='ocrx_word' id='word_1_127' title='bbox 845 3021 916 3082; x_wconf 89' lang='lat' dir='ltr'><strong>Bel·</strong></span> 
     </span>
     <span class='ocr_line' id='line_1_27' title="bbox 123 3120 418 3182; baseline 0 -2"><span class='ocrx_word' id='word_1_128' title='bbox 123 3135 238 3182; x_wconf 86' lang='lat' dir='ltr'><strong>vacen.</strong></span> <span class='ocrx_word' id='word_1_129' title='bbox 253 3120 418 3181; x_wconf 89' lang='lat' dir='ltr'><strong>dioecesis.</strong></span> 
     </span>
    </p>

    <p class='ocr_par' dir='ltr' id='par_1_9' title="bbox 120 3214 917 5622">
     <span class='ocr_line' id='line_1_28' title="bbox 161 3214 915 3292; baseline -0.007 -12"><span class='ocrx_word' id='word_1_130' title='bbox 161 3218 331 3280; x_wconf 80' lang='lat' dir='ltr'><strong>lohannes</strong></span> <span class='ocrx_word' id='word_1_131' title='bbox 342 3217 383 3278; x_wconf 92' lang='lat' dir='ltr'><strong>de</strong></span> <span class='ocrx_word' id='word_1_132' title='bbox 394 3215 639 3292; x_wconf 89' lang='lat' dir='ltr'><strong>Dempnebene,</strong></span> <span class='ocrx_word' id='word_1_133' title='bbox 655 3215 807 3292; x_wconf 94' lang='lat' dir='ltr'><strong>porrecta</strong></span> <span class='ocrx_word' id='word_1_134' title='bbox 819 3214 915 3275; x_wconf 90' lang='lat' dir='ltr'><strong>nobis</strong></span> 
     </span>
     <span class='ocr_line' id='line_1_29' title="bbox 123 3312 915 3390; baseline -0.004 -16"><span class='ocrx_word' id='word_1_135' title='bbox 123 3314 292 3390; x_wconf 87' lang='lat' dir='ltr'><strong>petitione,</strong></span> <span class='ocrx_word' id='word_1_136' title='bbox 305 3312 606 3389; x_wconf 88' lang='lat' dir='ltr'><strong>monstravitqued,</strong></span> <span class='ocrx_word' id='word_1_137' title='bbox 619 3328 695 3373; x_wconf 91' lang='lat' dir='ltr'><strong>cum</strong></span> <span class='ocrx_word' id='word_1_138' title='bbox 707 3313 795 3374; x_wconf 91' lang='lat' dir='ltr'><strong>inter</strong></span> <span class='ocrx_word' id='word_1_139' title='bbox 807 3314 915 3388; x_wconf 89' lang='lat' dir='ltr'><strong>ipsum</strong></span> 
     </span>
     <span class='ocr_line' id='line_1_30' title="bbox 123 3409 915 3482; baseline -0.004 -10"><span class='ocrx_word' id='word_1_140' title='bbox 123 3412 256 3473; x_wconf 91' lang='lat' dir='ltr'><strong>nemine</strong></span> <span class='ocrx_word' id='word_1_141' title='bbox 271 3412 399 3473; x_wconf 88' lang='lat' dir='ltr'><strong>Helidis</strong></span> <span class='ocrx_word' id='word_1_142' title='bbox 419 3411 497 3472; x_wconf 88' lang='lat' dir='ltr'><strong>illiae</strong></span> <span class='ocrx_word' id='word_1_143' title='bbox 512 3426 594 3482; x_wconf 88' lang='lat' dir='ltr'><strong>suae,</strong></span> <span class='ocrx_word' id='word_1_144' title='bbox 612 3412 645 3471; x_wconf 92' lang='lat' dir='ltr'><strong>et</strong></span> <span class='ocrx_word' id='word_1_145' title='bbox 664 3409 855 3471; x_wconf 86' lang='lat' dir='ltr'><strong>Gualterum</strong></span> <span class='ocrx_word' id='word_1_146' title='bbox 874 3409 915 3470; x_wconf 95' lang='lat' dir='ltr'><strong>de</strong></span> 
     </span>
     <span class='ocr_line' id='line_1_31' title="bbox 121 3506 913 3569; baseline -0.004 0"><span class='ocrx_word' id='word_1_147' title='bbox 121 3508 209 3569; x_wconf 85' lang='lat' dir='ltr'><strong>Villa</strong></span> <span class='ocrx_word' id='word_1_148' title='bbox 240 3510 369 3569; x_wconf 91' lang='lat' dir='ltr'><strong>Novata</strong></span> <span class='ocrx_word' id='word_1_149' title='bbox 399 3511 536 3568; x_wconf 91' lang='lat' dir='ltr'><strong>Trecen.</strong></span> <span class='ocrx_word' id='word_1_150' title='bbox 566 3506 721 3567; x_wconf 88' lang='lat' dir='ltr'><strong>dioeeesis</strong></span> <span class='ocrx_word' id='word_1_151' title='bbox 750 3521 913 3567; x_wconf 84' lang='lat' dir='ltr'><strong>ceram...</strong></span> 
     </span>
     <span class='ocr_line' id='line_1_32' title="bbox 120 3602 915 3681; baseline -0.004 -16"><span class='ocrx_word' id='word_1_152' title='bbox 120 3606 298 3681; x_wconf 89' lang='lat' dir='ltr'><strong>praeposito</strong></span> <span class='ocrx_word' id='word_1_153' title='bbox 315 3605 541 3675; x_wconf 80' lang='lat' dir='ltr'><strong>suessionen,</strong></span> <span class='ocrx_word' id='word_1_154' title='bbox 554 3605 586 3664; x_wconf 92' lang='lat' dir='ltr'><strong>et</strong></span> <span class='ocrx_word' id='word_1_155' title='bbox 601 3602 830 3679; x_wconf 81' lang='lat' dir='ltr'><strong>conjudicibus</strong></span> <span class='ocrx_word' id='word_1_156' title='bbox 844 3604 915 3663; x_wconf 92' lang='lat' dir='ltr'><strong>suis</strong></span> 
     </span>
     <span class='ocr_line' id='line_1_33' title="bbox 122 3699 917 3763; baseline -0.006 0"><span class='ocrx_word' id='word_1_157' title='bbox 122 3702 318 3763; x_wconf 89' lang='lat' dir='ltr'><strong>auctoritate</strong></span> <span class='ocrx_word' id='word_1_158' title='bbox 334 3703 447 3763; x_wconf 90' lang='lat' dir='ltr'><strong>nostra</strong></span> <span class='ocrx_word' id='word_1_159' title='bbox 470 3715 571 3760; x_wconf 90' lang='lat' dir='ltr'><strong>causa</strong></span> <span class='ocrx_word' id='word_1_160' title='bbox 587 3699 790 3760; x_wconf 89' lang='lat' dir='ltr'><strong>matrimonii</strong></span> <span class='ocrx_word' id='word_1_161' title='bbox 804 3700 917 3761; x_wconf 90' lang='lat' dir='ltr'><strong>verte-</strong></span> 
     </span>
     <span class='ocr_line' id='line_1_34' title="bbox 121 3795 917 3870; baseline -0.005 -11"><span class='ocrx_word' id='word_1_162' title='bbox 121 3800 224 3870; x_wconf 89' lang='lat' dir='ltr'><strong>retur,</strong></span> <span class='ocrx_word' id='word_1_163' title='bbox 241 3799 328 3859; x_wconf 91' lang='lat' dir='ltr'><strong>idem</strong></span> <span class='ocrx_word' id='word_1_164' title='bbox 348 3815 391 3859; x_wconf 83' lang='lat' dir='ltr'><strong>ex</strong></span> <span class='ocrx_word' id='word_1_165' title='bbox 408 3813 447 3858; x_wconf 89' lang='lat' dir='ltr'><strong>ee</strong></span> <span class='ocrx_word' id='word_1_166' title='bbox 469 3797 617 3857; x_wconf 91' lang='lat' dir='ltr'><strong>sentiens</strong></span> <span class='ocrx_word' id='word_1_167' title='bbox 632 3795 778 3856; x_wconf 84' lang='lat' dir='ltr'><strong>indebite</strong></span> <span class='ocrx_word' id='word_1_168' title='bbox 796 3811 832 3856; x_wconf 87' lang='lat' dir='ltr'><strong>se</strong></span> <span class='ocrx_word' id='word_1_169' title='bbox 843 3810 917 3870; x_wconf 80' lang='lat' dir='ltr'><strong>gra·</strong></span> 
     </span>
     <span class='ocr_line' id='line_1_35' title="bbox 122 3890 917 3979; baseline -0.006 -24"><span class='ocrx_word' id='word_1_170' title='bbox 122 3896 210 3966; x_wconf 87' lang='lat' dir='ltr'><strong>vari,</strong></span> <span class='ocrx_word' id='word_1_171' title='bbox 237 3895 323 3972; x_wconf 90' lang='lat' dir='ltr'><strong>qued</strong></span> <span class='ocrx_word' id='word_1_172' title='bbox 352 3894 431 3954; x_wconf 92' lang='lat' dir='ltr'><strong>dicti</strong></span> <span class='ocrx_word' id='word_1_173' title='bbox 451 3893 583 3970; x_wconf 89' lang='lat' dir='ltr'><strong>judices</strong></span> <span class='ocrx_word' id='word_1_174' title='bbox 604 3893 639 3952; x_wconf 92' lang='lat' dir='ltr'><strong>in</strong></span> <span class='ocrx_word' id='word_1_175' title='bbox 666 3894 738 3968; x_wconf 84' lang='lat' dir='ltr'><strong>ejus</strong></span> <span class='ocrx_word' id='word_1_176' title='bbox 759 3890 917 3979; x_wconf 73' lang='lat' dir='ltr'><strong>praejudi-</strong></span> 
     </span>
     <span class='ocr_line' id='line_1_36' title="bbox 122 3988 915 4065; baseline -0.005 -14"><span class='ocrx_word' id='word_1_177' title='bbox 122 3992 209 4052; x_wconf 92' lang='lat' dir='ltr'><strong>cium</strong></span> <span class='ocrx_word' id='word_1_178' title='bbox 221 3990 399 4052; x_wconf 84' lang='lat' dir='ltr'><strong>advocates</strong></span> <span class='ocrx_word' id='word_1_179' title='bbox 410 3988 672 4065; x_wconf 88' lang='lat' dir='ltr'><strong>partisadversae</strong></span> <span class='ocrx_word' id='word_1_180' title='bbox 683 3989 718 4048; x_wconf 90' lang='lat' dir='ltr'><strong>ln</strong></span> <span class='ocrx_word' id='word_1_181' title='bbox 729 4002 915 4048; x_wconf 88' lang='lat' dir='ltr'><strong>assessores</strong></span> 
     </span>
     <span class='ocr_line' id='line_1_37' title="bbox 123 4083 915 4156; baseline -0.008 -6"><span class='ocrx_word' id='word_1_182' title='bbox 123 4090 291 4150; x_wconf 89' lang='lat' dir='ltr'><strong>sumentes</strong></span> <span class='ocrx_word' id='word_1_183' title='bbox 312 4088 354 4148; x_wconf 91' lang='lat' dir='ltr'><strong>ad</strong></span> <span class='ocrx_word' id='word_1_184' title='bbox 378 4086 554 4148; x_wconf 90' lang='lat' dir='ltr'><strong>consilium</strong></span> <span class='ocrx_word' id='word_1_185' title='bbox 576 4083 802 4156; x_wconf 87' lang='lat' dir='ltr'><strong>admittebant,</strong></span> <span class='ocrx_word' id='word_1_186' title='bbox 831 4085 915 4145; x_wconf 90' lang='lat' dir='ltr'><strong>alias</strong></span> 
     </span>
     <span class='ocr_line' id='line_1_38' title="bbox 122 4182 917 4260; baseline -0.006 -14"><span class='ocrx_word' id='word_1_187' title='bbox 122 4187 262 4247; x_wconf 81' lang='lat' dir='ltr'><strong>termam</strong></span> <span class='ocrx_word' id='word_1_188' title='bbox 275 4184 420 4245; x_wconf 87' lang='lat' dir='ltr'><strong>mandati</strong></span> <span class='ocrx_word' id='word_1_189' title='bbox 431 4182 614 4260; x_wconf 75' lang='lat' dir='ltr'><strong>apostolici</strong></span> <span class='ocrx_word' id='word_1_190' title='bbox 625 4182 833 4253; x_wconf 88' lang='lat' dir='ltr'><strong>excedentes,</strong></span> <span class='ocrx_word' id='word_1_191' title='bbox 843 4197 917 4242; x_wconf 92' lang='lat' dir='ltr'><strong>nes-</strong></span> 
     </span>
     <span class='ocr_line' id='line_1_39' title="bbox 121 4279 912 4357; baseline -0.008 -12"><span class='ocrx_word' id='word_1_192' title='bbox 121 4286 206 4345; x_wconf 89' lang='lat' dir='ltr'><strong>tram</strong></span> <span class='ocrx_word' id='word_1_193' title='bbox 222 4282 425 4343; x_wconf 89' lang='lat' dir='ltr'><strong>audientiam</strong></span> <span class='ocrx_word' id='word_1_194' title='bbox 443 4280 633 4357; x_wconf 89' lang='lat' dir='ltr'><strong>appellavit.</strong></span> <span class='ocrx_word' id='word_1_195' title='bbox 643 4280 684 4340; x_wconf 78' lang='lat' dir='ltr'><strong>At</strong></span> <span class='ocrx_word' id='word_1_196' title='bbox 697 4279 760 4356; x_wconf 88' lang='lat' dir='ltr'><strong>ipsi</strong></span> <span class='ocrx_word' id='word_1_197' title='bbox 772 4279 912 4356; x_wconf 90' lang='lat' dir='ltr'><strong>judices,</strong></span> 
     </span>
     <span class='ocr_line' id='line_1_40' title="bbox 121 4377 915 4458; baseline -0.004 -17"><span class='ocrx_word' id='word_1_198' title='bbox 121 4385 193 4458; x_wconf 83' lang='lat' dir='ltr'><strong>ejus</strong></span> <span class='ocrx_word' id='word_1_199' title='bbox 213 4380 437 4457; x_wconf 83' lang='lat' dir='ltr'><strong>appellatione</strong></span> <span class='ocrx_word' id='word_1_200' title='bbox 452 4378 649 4453; x_wconf 91' lang='lat' dir='ltr'><strong>contempta,</strong></span> <span class='ocrx_word' id='word_1_201' title='bbox 662 4377 915 4453; x_wconf 82' lang='lat' dir='ltr'><strong>promulgarunt</strong></span> 
     </span>
     <span class='ocr_line' id='line_1_41' title="bbox 122 4473 912 4539; baseline -0.006 -1"><span class='ocrx_word' id='word_1_202' title='bbox 122 4476 474 4539; x_wconf 79' lang='lat' dir='ltr'><strong>excommunicationis</strong></span> <span class='ocrx_word' id='word_1_203' title='bbox 490 4473 687 4535; x_wconf 91' lang='lat' dir='ltr'><strong>sententiam</strong></span> <span class='ocrx_word' id='word_1_204' title='bbox 701 4474 735 4533; x_wconf 93' lang='lat' dir='ltr'><strong>in</strong></span> <span class='ocrx_word' id='word_1_205' title='bbox 751 4474 912 4534; x_wconf 91' lang='lat' dir='ltr'><strong>eumdem,</strong></span> 
     </span>
     <span class='ocr_line' id='line_1_42' title="bbox 122 4571 915 4648; baseline -0.004 -13"><span class='ocrx_word' id='word_1_206' title='bbox 122 4575 282 4646; x_wconf 88' lang='lat' dir='ltr'><strong>Quocirca</strong></span> <span class='ocrx_word' id='word_1_207' title='bbox 298 4572 492 4633; x_wconf 90' lang='lat' dir='ltr'><strong>discretioni</strong></span> <span class='ocrx_word' id='word_1_208' title='bbox 508 4573 628 4633; x_wconf 74' lang='lat' dir='ltr'><strong>t&#39;estrae</strong></span> <span class='ocrx_word' id='word_1_209' title='bbox 647 4586 707 4648; x_wconf 91' lang='lat' dir='ltr'><strong>per</strong></span> <span class='ocrx_word' id='word_1_210' title='bbox 724 4571 915 4647; x_wconf 73' lang='lat' dir='ltr'><strong>apostolica</strong></span> 
     </span>
     <span class='ocr_line' id='line_1_43' title="bbox 122 4668 917 4748; baseline -0.003 -16"><span class='ocrx_word' id='word_1_211' title='bbox 122 4673 243 4748; x_wconf 89' lang='lat' dir='ltr'><strong>scripta</strong></span> <span class='ocrx_word' id='word_1_212' title='bbox 260 4670 454 4731; x_wconf 91' lang='lat' dir='ltr'><strong>mandamus</strong></span> <span class='ocrx_word' id='word_1_213' title='bbox 470 4670 644 4745; x_wconf 89' lang='lat' dir='ltr'><strong>quatenus,</strong></span> <span class='ocrx_word' id='word_1_214' title='bbox 660 4669 688 4729; x_wconf 92' lang='lat' dir='ltr'><strong>si</strong></span> <span class='ocrx_word' id='word_1_215' title='bbox 703 4668 754 4730; x_wconf 91' lang='lat' dir='ltr'><strong>est</strong></span> <span class='ocrx_word' id='word_1_216' title='bbox 768 4669 825 4739; x_wconf 89' lang='lat' dir='ltr'><strong>ita,</strong></span> <span class='ocrx_word' id='word_1_217' title='bbox 844 4668 917 4730; x_wconf 90' lang='lat' dir='ltr'><strong>dic-</strong></span> 
     </span>
     <span class='ocr_line' id='line_1_44' title="bbox 121 4765 915 4843; baseline -0.004 -13"><span class='ocrx_word' id='word_1_218' title='bbox 121 4770 188 4830; x_wconf 90' lang='lat' dir='ltr'><strong>tam</strong></span> <span class='ocrx_word' id='word_1_219' title='bbox 200 4766 552 4830; x_wconf 83' lang='lat' dir='ltr'><strong>excommunicationis</strong></span> <span class='ocrx_word' id='word_1_220' title='bbox 563 4765 759 4827; x_wconf 87' lang='lat' dir='ltr'><strong>senteutiam</strong></span> <span class='ocrx_word' id='word_1_221' title='bbox 775 4767 848 4841; x_wconf 90' lang='lat' dir='ltr'><strong>post</strong></span> <span class='ocrx_word' id='word_1_222' title='bbox 859 4782 915 4843; x_wconf 89' lang='lat' dir='ltr'><strong>ap·</strong></span> 
     </span>
     <span class='ocr_line' id='line_1_45' title="bbox 121 4861 916 4942; baseline -0.004 -17"><span class='ocrx_word' id='word_1_223' title='bbox 121 4865 333 4942; x_wconf 89' lang='lat' dir='ltr'><strong>pellatienem</strong></span> <span class='ocrx_word' id='word_1_224' title='bbox 360 4862 550 4941; x_wconf 90' lang='lat' dir='ltr'><strong>hujusmodi</strong></span> <span class='ocrx_word' id='word_1_225' title='bbox 576 4861 818 4939; x_wconf 82' lang='lat' dir='ltr'><strong>promulgatam</strong></span> <span class='ocrx_word' id='word_1_226' title='bbox 838 4862 916 4922; x_wconf 91' lang='lat' dir='ltr'><strong>nul·</strong></span> 
     </span>
     <span class='ocr_line' id='line_1_46' title="bbox 121 4959 916 5039; baseline -0.003 -16"><span class='ocrx_word' id='word_1_227' title='bbox 121 4962 187 5024; x_wconf 93' lang='lat' dir='ltr'><strong>lam</strong></span> <span class='ocrx_word' id='word_1_228' title='bbox 203 4980 276 5024; x_wconf 90' lang='lat' dir='ltr'><strong>esse</strong></span> <span class='ocrx_word' id='word_1_229' title='bbox 298 4962 428 5039; x_wconf 91' lang='lat' dir='ltr'><strong>penitus</strong></span> <span class='ocrx_word' id='word_1_230' title='bbox 452 4959 655 5030; x_wconf 90' lang='lat' dir='ltr'><strong>nuntiantes,</strong></span> <span class='ocrx_word' id='word_1_231' title='bbox 672 4959 815 5019; x_wconf 89' lang='lat' dir='ltr'><strong>audiatis</strong></span> <span class='ocrx_word' id='word_1_232' title='bbox 832 4975 916 5021; x_wconf 88' lang='lat' dir='ltr'><strong>cau·</strong></span> 
     </span>
     <span class='ocr_line' id='line_1_47' title="bbox 122 5056 916 5136; baseline -0.004 -14"><span class='ocrx_word' id='word_1_233' title='bbox 122 5077 193 5122; x_wconf 89' lang='lat' dir='ltr'><strong>sam</strong></span> <span class='ocrx_word' id='word_1_234' title='bbox 223 5061 256 5122; x_wconf 86' lang='lat' dir='ltr'><strong>et</strong></span> <span class='ocrx_word' id='word_1_235' title='bbox 281 5075 354 5120; x_wconf 88' lang='lat' dir='ltr'><strong>eam</strong></span> <span class='ocrx_word' id='word_1_236' title='bbox 376 5060 474 5136; x_wconf 79' lang='lat' dir='ltr'><strong>juxta</strong></span> <span class='ocrx_word' id='word_1_237' title='bbox 504 5057 649 5134; x_wconf 91' lang='lat' dir='ltr'><strong>priorum</strong></span> <span class='ocrx_word' id='word_1_238' title='bbox 679 5056 916 5119; x_wconf 89' lang='lat' dir='ltr'><strong>continentiam</strong></span> 
     </span>
     <span class='ocr_line' id='line_1_48' title="bbox 122 5154 915 5232; baseline -0.003 -14"><span class='ocrx_word' id='word_1_239' title='bbox 122 5158 320 5226; x_wconf 90' lang='lat' dir='ltr'><strong>litterarum,</strong></span> <span class='ocrx_word' id='word_1_240' title='bbox 336 5155 560 5232; x_wconf 87' lang='lat' dir='ltr'><strong>appellatione</strong></span> <span class='ocrx_word' id='word_1_241' title='bbox 584 5156 709 5214; x_wconf 86' lang='lat' dir='ltr'><strong>remota</strong></span> <span class='ocrx_word' id='word_1_242' title='bbox 725 5154 791 5216; x_wconf 87' lang='lat' dir='ltr'><strong>fine</strong></span> <span class='ocrx_word' id='word_1_243' title='bbox 809 5171 915 5216; x_wconf 90' lang='lat' dir='ltr'><strong>cane·</strong></span> 
     </span>
     <span class='ocr_line' id='line_1_49' title="bbox 122 5251 916 5329; baseline -0.004 -13"><span class='ocrx_word' id='word_1_244' title='bbox 122 5256 197 5316; x_wconf 93' lang='lat' dir='ltr'><strong>nice</strong></span> <span class='ocrx_word' id='word_1_245' title='bbox 232 5254 428 5324; x_wconf 87' lang='lat' dir='ltr'><strong>terminetis,</strong></span> <span class='ocrx_word' id='word_1_246' title='bbox 456 5251 635 5322; x_wconf 86' lang='lat' dir='ltr'><strong>iacientes,</strong></span> <span class='ocrx_word' id='word_1_247' title='bbox 666 5254 728 5312; x_wconf 91' lang='lat' dir='ltr'><strong>etc.</strong></span> <span class='ocrx_word' id='word_1_248' title='bbox 760 5252 916 5329; x_wconf 81' lang='lat' dir='ltr'><strong>Aliequin</strong></span> 
     </span>
     <span class='ocr_line' id='line_1_50' title="bbox 123 5348 916 5429; baseline 0.003 -20"><span class='ocrx_word' id='word_1_249' title='bbox 123 5355 245 5429; x_wconf 91' lang='lat' dir='ltr'><strong>partes,</strong></span> <span class='ocrx_word' id='word_1_250' title='bbox 267 5351 342 5423; x_wconf 91' lang='lat' dir='ltr'><strong>etc.,</strong></span> <span class='ocrx_word' id='word_1_251' title='bbox 360 5349 594 5427; x_wconf 88' lang='lat' dir='ltr'><strong>appellantem,</strong></span> <span class='ocrx_word' id='word_1_252' title='bbox 611 5348 673 5408; x_wconf 90' lang='lat' dir='ltr'><strong>etc.</strong></span> <span class='ocrx_word' id='word_1_253' title='bbox 691 5349 781 5419; x_wconf 93' lang='lat' dir='ltr'><strong>Quod</strong></span> <span class='ocrx_word' id='word_1_254' title='bbox 800 5349 828 5410; x_wconf 89' lang='lat' dir='ltr'><strong>si</strong></span> <span class='ocrx_word' id='word_1_255' title='bbox 849 5366 916 5411; x_wconf 92' lang='lat' dir='ltr'><strong>non</strong></span> 
     </span>
     <span class='ocr_line' id='line_1_51' title="bbox 122 5445 916 5519; baseline -0.001 -10"><span class='ocrx_word' id='word_1_256' title='bbox 122 5464 248 5519; x_wconf 91' lang='lat' dir='ltr'><strong>omnes,</strong></span> <span class='ocrx_word' id='word_1_257' title='bbox 266 5447 328 5508; x_wconf 90' lang='lat' dir='ltr'><strong>etc.</strong></span> <span class='ocrx_word' id='word_1_258' title='bbox 357 5450 475 5508; x_wconf 87' lang='lat' dir='ltr'><strong>Datum</strong></span> <span class='ocrx_word' id='word_1_259' title='bbox 498 5445 665 5515; x_wconf 86' lang='lat' dir='ltr'><strong>Laterani,</strong></span> <span class='ocrx_word' id='word_1_260' title='bbox 693 5447 737 5505; x_wconf 79' lang='lat' dir='ltr'><strong>lx</strong></span> <span class='ocrx_word' id='word_1_261' title='bbox 757 5446 916 5509; x_wconf 83' lang='lat' dir='ltr'><strong>kalendas</strong></span> 
     </span>
     <span class='ocr_line' id='line_1_52' title="bbox 123 5544 459 5622; baseline -0.015 -14"><span class='ocrx_word' id='word_1_262' title='bbox 123 5546 214 5617; x_wconf 88' lang='lat' dir='ltr'><strong>maii,</strong></span> <span class='ocrx_word' id='word_1_263' title='bbox 231 5561 319 5606; x_wconf 92' lang='lat' dir='ltr'><strong>anne</strong></span> <span class='ocrx_word' id='word_1_264' title='bbox 334 5544 459 5622; x_wconf 90' lang='lat' dir='ltr'><strong>quinte.</strong></span> 
     </span>
    </p>
   </div>
   <div class='ocr_carea' id='block_1_9' title="bbox 720 317 1142 379">
    <p class='ocr_par' dir='ltr' id='par_1_10' title="bbox 720 317 1142 379">
     <span class='ocr_line' id='line_1_53' title="bbox 720 317 1142 379; baseline -0.005 0"><span class='ocrx_word' id='word_1_265' title='bbox 720 357 725 366; x_wconf 92' lang='lat'><strong>·</strong></span> <span class='ocrx_word' id='word_1_266' title='bbox 749 317 978 379; x_wconf 81' lang='lat' dir='ltr'><strong>EPISTOLAE.</strong></span> <span class='ocrx_word' id='word_1_267' title='bbox 1003 318 1080 379; x_wconf 85' lang='lat' dir='ltr'><strong>LIB.</strong></span> <span class='ocrx_word' id='word_1_268' title='bbox 1104 319 1142 378; x_wconf 90' lang='lat' dir='ltr'><strong>V.</strong></span> 
     </span>
    </p>
   </div>
   <div class='ocr_carea' id='block_1_10' title="bbox 1270 486 1449 573">
    <p class='ocr_par' dir='ltr' id='par_1_11' title="bbox 1270 486 1449 573">
     <span class='ocr_line' id='line_1_54' title="bbox 1270 486 1449 573; baseline -0.006 0"><span class='ocrx_word' id='word_1_269' title='bbox 1270 486 1449 573; x_wconf 79' lang='lat' dir='ltr'><strong>aduxit</strong></span> 
     </span>
    </p>
   </div>
   <div class='ocr_carea' id='block_1_11' title="bbox 1053 620 1669 696">
    <p class='ocr_par' dir='ltr' id='par_1_12' title="bbox 1053 620 1669 696">
     <span class='ocr_line' id='line_1_55' title="bbox 1053 620 1669 696; baseline 0.002 -17"><span class='ocrx_word' id='word_1_270' title='bbox 1053 620 1105 679; x_wconf 83' lang='lat' dir='ltr'><strong>Ad</strong></span> <span class='ocrx_word' id='word_1_271' title='bbox 1118 620 1413 696; x_wconf 75' lang='lat' dir='ltr'><strong>archiepiscopum</strong></span> <span class='ocrx_word' id='word_1_272' title='bbox 1432 623 1669 682; x_wconf 78' lang='lat' dir='ltr'><strong>Viennensem.</strong></span> 
     </span>
    </p>
   </div>
   <div class='ocr_carea' id='block_1_12' title="bbox 1248 740 1473 815">
    <p class='ocr_par' dir='ltr' id='par_1_13' title="bbox 1248 740 1473 815">
     <span class='ocr_line' id='line_1_56' title="bbox 1248 740 1473 815; baseline 0.009 -17"><span class='ocrx_word' id='word_1_273' title='bbox 1248 740 1473 815; x_wconf 71' lang='lat' dir='ltr'><strong>anparai</strong></span> 
     </span>
    </p>
   </div>
   <div class='ocr_carea' id='block_1_13' title="bbox 966 852 1764 3565">
    <p class='ocr_par' dir='ltr' id='par_1_14' title="bbox 966 852 1756 1335">
     <span class='ocr_line' id='line_1_57' title="bbox 1112 852 1615 923; baseline 0.008 -19"><span class='ocrx_word' id='word_1_274' title='bbox 1112 852 1204 917; x_wconf 87' lang='lat' dir='ltr'><strong>[Gallia</strong></span> <span class='ocrx_word' id='word_1_275' title='bbox 1215 854 1366 913; x_wconf 82' lang='lat' dir='ltr'><strong>Christiana,</strong></span> <span class='ocrx_word' id='word_1_276' title='bbox 1381 856 1448 916; x_wconf 80' lang='lat' dir='ltr'><strong>XVI,</strong></span> <span class='ocrx_word' id='word_1_277' title='bbox 1461 855 1534 906; x_wconf 82' lang='lat' dir='ltr'><strong>instr.</strong></span> <span class='ocrx_word' id='word_1_278' title='bbox 1546 856 1615 923; x_wconf 74' lang='lat' dir='ltr'><strong>utta]</strong></span> 
     </span>
     <span class='ocr_line' id='line_1_58' title="bbox 1017 959 1706 1039; baseline 0.009 -22"><span class='ocrx_word' id='word_1_279' title='bbox 1017 959 1165 1018; x_wconf 83' lang='lat' dir='ltr'><strong>lebannes</strong></span> <span class='ocrx_word' id='word_1_280' title='bbox 1177 975 1193 1018; x_wconf 94' lang='lat' dir='ltr'><strong>e</strong></span> <span class='ocrx_word' id='word_1_281' title='bbox 1207 960 1317 1019; x_wconf 88' lang='lat' dir='ltr'><strong>decane</strong></span> <span class='ocrx_word' id='word_1_282' title='bbox 1334 963 1540 1021; x_wconf 84' lang='lat' dir='ltr'><strong>llaurianensis</strong></span> <span class='ocrx_word' id='word_1_283' title='bbox 1553 964 1706 1039; x_wconf 84' lang='lat' dir='ltr'><strong>episcopus</strong></span> 
     </span>
     <span class='ocr_line' id='line_1_59' title="bbox 1300 1050 1425 1123; baseline 0.024 -18"><span class='ocrx_word' id='word_1_284' title='bbox 1300 1050 1425 1123; x_wconf 80' lang='lat' dir='ltr'><strong>eligitur.</strong></span> 
     </span>
     <span class='ocr_line' id='line_1_60' title="bbox 1006 1157 1756 1236; baseline 0.008 -19"><span class='ocrx_word' id='word_1_285' title='bbox 1006 1157 1675 1236; x_wconf 83' lang='lat' dir='ltr'><strong>Honoriusepiscopus,serrusservomm</strong></span> <span class='ocrx_word' id='word_1_286' title='bbox 1685 1161 1756 1235; x_wconf 88' lang='lat' dir='ltr'><strong>Dei,</strong></span> 
     </span>
     <span class='ocr_line' id='line_1_61' title="bbox 966 1255 1756 1335; baseline 0.004 -20"><span class='ocrx_word' id='word_1_287' title='bbox 966 1255 1150 1316; x_wconf 81' lang='lat' dir='ltr'><strong>venerabili</strong></span> <span class='ocrx_word' id='word_1_288' title='bbox 1172 1255 1269 1316; x_wconf 89' lang='lat' dir='ltr'><strong>iratri</strong></span> <span class='ocrx_word' id='word_1_289' title='bbox 1293 1256 1544 1335; x_wconf 87' lang='lat' dir='ltr'><strong>archiepiscopo</strong></span> <span class='ocrx_word' id='word_1_290' title='bbox 1563 1259 1756 1331; x_wconf 83' lang='lat' dir='ltr'><strong>Viennensi,</strong></span> 
     </span>
    </p>

    <p class='ocr_par' dir='ltr' id='par_1_15' title="bbox 966 1351 1764 3565">
     <span class='ocr_line' id='line_1_62' title="bbox 966 1351 1670 1430; baseline 0.003 -17"><span class='ocrx_word' id='word_1_291' title='bbox 966 1351 1106 1413; x_wconf 92' lang='lat' dir='ltr'><strong>salutem</strong></span> <span class='ocrx_word' id='word_1_292' title='bbox 1119 1353 1153 1414; x_wconf 89' lang='lat' dir='ltr'><strong>et</strong></span> <span class='ocrx_word' id='word_1_293' title='bbox 1166 1352 1382 1430; x_wconf 86' lang='lat' dir='ltr'><strong>apostolicam</strong></span> <span class='ocrx_word' id='word_1_294' title='bbox 1397 1353 1670 1417; x_wconf 89' lang='lat' dir='ltr'><strong>benedictionem.</strong></span> 
     </span>
     <span class='ocr_line' id='line_1_63' title="bbox 1006 1449 1757 1527; baseline 0.004 -16"><span class='ocrx_word' id='word_1_295' title='bbox 1006 1449 1125 1512; x_wconf 88' lang='lat' dir='ltr'><strong>Dilecti</strong></span> <span class='ocrx_word' id='word_1_296' title='bbox 1145 1450 1204 1511; x_wconf 86' lang='lat' dir='ltr'><strong>tilii</strong></span> <span class='ocrx_word' id='word_1_297' title='bbox 1225 1452 1407 1527; x_wconf 89' lang='lat' dir='ltr'><strong>capitulum</strong></span> <span class='ocrx_word' id='word_1_298' title='bbox 1428 1452 1675 1514; x_wconf 84' lang='lat' dir='ltr'><strong>Maurianensis</strong></span> <span class='ocrx_word' id='word_1_299' title='bbox 1697 1468 1757 1514; x_wconf 93' lang='lat' dir='ltr'><strong>ec·</strong></span> 
     </span>
     <span class='ocr_line' id='line_1_64' title="bbox 967 1546 1757 1627; baseline 0 -18"><span class='ocrx_word' id='word_1_300' title='bbox 967 1546 1077 1609; x_wconf 80' lang='lat' dir='ltr'><strong>clesiae</strong></span> <span class='ocrx_word' id='word_1_301' title='bbox 1105 1547 1201 1608; x_wconf 90' lang='lat' dir='ltr'><strong>nobis</strong></span> <span class='ocrx_word' id='word_1_302' title='bbox 1229 1548 1349 1609; x_wconf 90' lang='lat' dir='ltr'><strong>litteris</strong></span> <span class='ocrx_word' id='word_1_303' title='bbox 1377 1548 1631 1620; x_wconf 91' lang='lat' dir='ltr'><strong>intimaverunt,</strong></span> <span class='ocrx_word' id='word_1_304' title='bbox 1659 1549 1757 1627; x_wconf 93' lang='lat' dir='ltr'><strong>qued,</strong></span> 
     </span>
     <span class='ocr_line' id='line_1_65' title="bbox 967 1642 1759 1722; baseline 0.001 -17"><span class='ocrx_word' id='word_1_305' title='bbox 967 1642 1109 1705; x_wconf 88' lang='lat' dir='ltr'><strong>ecclesia</strong></span> <span class='ocrx_word' id='word_1_306' title='bbox 1125 1643 1196 1721; x_wconf 90' lang='lat' dir='ltr'><strong>ipsa</strong></span> <span class='ocrx_word' id='word_1_307' title='bbox 1215 1644 1356 1721; x_wconf 91' lang='lat' dir='ltr'><strong>pastoris</strong></span> <span class='ocrx_word' id='word_1_308' title='bbox 1372 1645 1491 1707; x_wconf 91' lang='lat' dir='ltr'><strong>solatio</strong></span> <span class='ocrx_word' id='word_1_309' title='bbox 1511 1645 1677 1716; x_wconf 90' lang='lat' dir='ltr'><strong>destituta,</strong></span> <span class='ocrx_word' id='word_1_310' title='bbox 1694 1646 1759 1722; x_wconf 90' lang='lat' dir='ltr'><strong>ipsi</strong></span> 
     </span>
     <span class='ocr_line' id='line_1_66' title="bbox 967 1739 1759 1819; baseline 0.005 -19"><span class='ocrx_word' id='word_1_311' title='bbox 967 1740 1162 1816; x_wconf 89' lang='lat' dir='ltr'><strong>potestatem</strong></span> <span class='ocrx_word' id='word_1_312' title='bbox 1182 1739 1328 1816; x_wconf 82' lang='lat' dir='ltr'><strong>eligendi</strong></span> <span class='ocrx_word' id='word_1_313' title='bbox 1351 1740 1415 1802; x_wconf 89' lang='lat' dir='ltr'><strong>sibi</strong></span> <span class='ocrx_word' id='word_1_314' title='bbox 1436 1742 1626 1819; x_wconf 90' lang='lat' dir='ltr'><strong>episcopum</strong></span> <span class='ocrx_word' id='word_1_315' title='bbox 1642 1741 1759 1804; x_wconf 89' lang='lat' dir='ltr'><strong>intres</strong></span> 
     </span>
     <span class='ocr_line' id='line_1_67' title="bbox 967 1824 1759 1913; baseline 0.006 -18"><span class='ocrx_word' id='word_1_316' title='bbox 967 1824 1073 1913; x_wconf 87' lang='lat' dir='ltr'><strong>ipsius</strong></span> <span class='ocrx_word' id='word_1_317' title='bbox 1086 1837 1151 1898; x_wconf 93' lang='lat' dir='ltr'><strong>leci</strong></span> <span class='ocrx_word' id='word_1_318' title='bbox 1167 1837 1344 1899; x_wconf 87' lang='lat' dir='ltr'><strong>canonicos</strong></span> <span class='ocrx_word' id='word_1_319' title='bbox 1358 1837 1579 1910; x_wconf 90' lang='lat' dir='ltr'><strong>contulerunt,</strong></span> <span class='ocrx_word' id='word_1_320' title='bbox 1596 1838 1642 1899; x_wconf 86' lang='lat' dir='ltr'><strong>ita</strong></span> <span class='ocrx_word' id='word_1_321' title='bbox 1661 1839 1759 1901; x_wconf 92' lang='lat' dir='ltr'><strong>vide-</strong></span> 
     </span>
     <span class='ocr_line' id='line_1_68' title="bbox 968 1933 1761 2011; baseline 0.006 -18"><span class='ocrx_word' id='word_1_322' title='bbox 968 1934 1047 1995; x_wconf 89' lang='lat' dir='ltr'><strong>licet</strong></span> <span class='ocrx_word' id='word_1_323' title='bbox 1066 1933 1102 1995; x_wconf 89' lang='lat' dir='ltr'><strong>ut</strong></span> <span class='ocrx_word' id='word_1_324' title='bbox 1116 1934 1144 1993; x_wconf 92' lang='lat' dir='ltr'><strong>is</strong></span> <span class='ocrx_word' id='word_1_325' title='bbox 1157 1950 1216 2011; x_wconf 94' lang='lat' dir='ltr'><strong>pre</strong></span> <span class='ocrx_word' id='word_1_326' title='bbox 1234 1936 1339 1997; x_wconf 90' lang='lat' dir='ltr'><strong>electe</strong></span> <span class='ocrx_word' id='word_1_327' title='bbox 1354 1934 1395 1996; x_wconf 90' lang='lat' dir='ltr'><strong>ab</strong></span> <span class='ocrx_word' id='word_1_328' title='bbox 1411 1935 1562 1996; x_wconf 91' lang='lat' dir='ltr'><strong>omnibus</strong></span> <span class='ocrx_word' id='word_1_329' title='bbox 1581 1935 1761 1998; x_wconf 91' lang='lat' dir='ltr'><strong>baberetur</strong></span> 
     </span>
     <span class='ocr_line' id='line_1_69' title="bbox 968 2030 1760 2108; baseline 0.005 -17"><span class='ocrx_word' id='word_1_330' title='bbox 968 2031 1025 2108; x_wconf 91' lang='lat' dir='ltr'><strong>qui</strong></span> <span class='ocrx_word' id='word_1_331' title='bbox 1042 2032 1129 2092; x_wconf 89' lang='lat' dir='ltr'><strong>esset</strong></span> <span class='ocrx_word' id='word_1_332' title='bbox 1139 2030 1263 2093; x_wconf 90' lang='lat' dir='ltr'><strong>electus</strong></span> <span class='ocrx_word' id='word_1_333' title='bbox 1279 2032 1321 2093; x_wconf 92' lang='lat' dir='ltr'><strong>ab</strong></span> <span class='ocrx_word' id='word_1_334' title='bbox 1334 2031 1411 2103; x_wconf 91' lang='lat' dir='ltr'><strong>illis,</strong></span> <span class='ocrx_word' id='word_1_335' title='bbox 1424 2033 1477 2093; x_wconf 89' lang='lat' dir='ltr'><strong>vel</strong></span> <span class='ocrx_word' id='word_1_336' title='bbox 1489 2033 1589 2095; x_wconf 89' lang='lat' dir='ltr'><strong>ctiam</strong></span> <span class='ocrx_word' id='word_1_337' title='bbox 1601 2048 1622 2094; x_wconf 90' lang='lat' dir='ltr'><strong>a</strong></span> <span class='ocrx_word' id='word_1_338' title='bbox 1632 2031 1760 2095; x_wconf 89' lang='lat' dir='ltr'><strong>duobus</strong></span> 
     </span>
     <span class='ocr_line' id='line_1_70' title="bbox 968 2127 1761 2207; baseline 0.004 -19"><span class='ocrx_word' id='word_1_339' title='bbox 968 2142 1084 2188; x_wconf 92' lang='lat' dir='ltr'><strong>eorum</strong></span> <span class='ocrx_word' id='word_1_340' title='bbox 1108 2127 1137 2188; x_wconf 90' lang='lat' dir='ltr'><strong>si</strong></span> <span class='ocrx_word' id='word_1_341' title='bbox 1155 2128 1274 2190; x_wconf 92' lang='lat' dir='ltr'><strong>tertius</strong></span> <span class='ocrx_word' id='word_1_342' title='bbox 1294 2128 1509 2190; x_wconf 90' lang='lat' dir='ltr'><strong>discordaret.</strong></span> <span class='ocrx_word' id='word_1_343' title='bbox 1526 2132 1672 2207; x_wconf 87' lang='lat' dir='ltr'><strong>Cumque</strong></span> <span class='ocrx_word' id='word_1_344' title='bbox 1695 2130 1761 2192; x_wconf 92' lang='lat' dir='ltr'><strong>duo</strong></span> 
     </span>
     <span class='ocr_line' id='line_1_71' title="bbox 969 2224 1762 2304; baseline 0.005 -19"><span class='ocrx_word' id='word_1_345' title='bbox 969 2224 1128 2304; x_wconf 90' lang='lat' dir='ltr'><strong>ipserum,</strong></span> <span class='ocrx_word' id='word_1_346' title='bbox 1137 2224 1235 2288; x_wconf 90' lang='lat' dir='ltr'><strong>tertie</strong></span> <span class='ocrx_word' id='word_1_347' title='bbox 1251 2225 1473 2295; x_wconf 87' lang='lat' dir='ltr'><strong>discordante,</strong></span> <span class='ocrx_word' id='word_1_348' title='bbox 1487 2226 1643 2289; x_wconf 89' lang='lat' dir='ltr'><strong>dilectum</strong></span> <span class='ocrx_word' id='word_1_349' title='bbox 1656 2227 1762 2289; x_wconf 87' lang='lat' dir='ltr'><strong>tilium</strong></span> 
     </span>
     <span class='ocr_line' id='line_1_72' title="bbox 967 2321 1763 2401; baseline 0.003 -17"><span class='ocrx_word' id='word_1_350' title='bbox 967 2324 1010 2394; x_wconf 80' lang='grc'><strong>7.,</strong></span> <span class='ocrx_word' id='word_1_351' title='bbox 1025 2321 1186 2384; x_wconf 90' lang='lat' dir='ltr'><strong>decanum</strong></span> <span class='ocrx_word' id='word_1_352' title='bbox 1209 2323 1314 2401; x_wconf 92' lang='lat' dir='ltr'><strong>ipsius</strong></span> <span class='ocrx_word' id='word_1_353' title='bbox 1334 2324 1497 2396; x_wconf 88' lang='lat' dir='ltr'><strong>ecclesiae,</strong></span> <span class='ocrx_word' id='word_1_354' title='bbox 1513 2325 1633 2397; x_wconf 90' lang='lat' dir='ltr'><strong>virum,</strong></span> <span class='ocrx_word' id='word_1_355' title='bbox 1651 2326 1687 2387; x_wconf 91' lang='lat' dir='ltr'><strong>ut</strong></span> <span class='ocrx_word' id='word_1_356' title='bbox 1705 2340 1763 2386; x_wconf 90' lang='lat' dir='ltr'><strong>as-</strong></span> 
     </span>
     <span class='ocr_line' id='line_1_73' title="bbox 968 2420 1763 2495; baseline 0.005 -16"><span class='ocrx_word' id='word_1_357' title='bbox 968 2420 1094 2492; x_wconf 92' lang='lat' dir='ltr'><strong>serunt,</strong></span> <span class='ocrx_word' id='word_1_358' title='bbox 1118 2420 1266 2482; x_wconf 91' lang='lat' dir='ltr'><strong>moribus</strong></span> <span class='ocrx_word' id='word_1_359' title='bbox 1290 2422 1442 2482; x_wconf 73' lang='lat' dir='ltr'><strong>eierato</strong></span> <span class='ocrx_word' id='word_1_360' title='bbox 1466 2424 1642 2495; x_wconf 93' lang='lat' dir='ltr'><strong>maturum,</strong></span> <span class='ocrx_word' id='word_1_361' title='bbox 1670 2423 1704 2485; x_wconf 91' lang='lat' dir='ltr'><strong>et</strong></span> <span class='ocrx_word' id='word_1_362' title='bbox 1727 2423 1763 2483; x_wconf 92' lang='lat' dir='ltr'><strong>in</strong></span> 
     </span>
     <span class='ocr_line' id='line_1_74' title="bbox 969 2516 1763 2595; baseline 0.006 -19"><span class='ocrx_word' id='word_1_363' title='bbox 969 2516 1198 2593; x_wconf 89' lang='lat' dir='ltr'><strong>spiritualibus</strong></span> <span class='ocrx_word' id='word_1_364' title='bbox 1214 2517 1248 2578; x_wconf 90' lang='lat' dir='ltr'><strong>et</strong></span> <span class='ocrx_word' id='word_1_365' title='bbox 1260 2516 1498 2595; x_wconf 90' lang='lat' dir='ltr'><strong>temporalibus</strong></span> <span class='ocrx_word' id='word_1_366' title='bbox 1508 2519 1683 2595; x_wconf 90' lang='lat' dir='ltr'><strong>providum</strong></span> <span class='ocrx_word' id='word_1_367' title='bbox 1697 2520 1763 2581; x_wconf 91' lang='lat' dir='ltr'><strong>ele·</strong></span> 
     </span>
     <span class='ocr_line' id='line_1_75' title="bbox 968 2613 1763 2691; baseline 0.006 -18"><span class='ocrx_word' id='word_1_368' title='bbox 968 2613 1106 2689; x_wconf 81' lang='lat' dir='ltr'><strong>gisseni,</strong></span> <span class='ocrx_word' id='word_1_369' title='bbox 1118 2615 1154 2676; x_wconf 89' lang='lat' dir='ltr'><strong>tn</strong></span> <span class='ocrx_word' id='word_1_370' title='bbox 1167 2615 1200 2676; x_wconf 91' lang='lat' dir='ltr'><strong>et</strong></span> <span class='ocrx_word' id='word_1_371' title='bbox 1210 2614 1391 2691; x_wconf 90' lang='lat' dir='ltr'><strong>capitulum</strong></span> <span class='ocrx_word' id='word_1_372' title='bbox 1402 2614 1602 2678; x_wconf 89' lang='lat' dir='ltr'><strong>Viennensis</strong></span> <span class='ocrx_word' id='word_1_373' title='bbox 1612 2616 1763 2678; x_wconf 86' lang='lat' dir='ltr'><strong>ecclesiae</strong></span> 
     </span>
     <span class='ocr_line' id='line_1_76' title="bbox 968 2710 1764 2787; baseline 0.006 -17"><span class='ocrx_word' id='word_1_374' title='bbox 968 2711 1075 2787; x_wconf 86' lang='lat' dir='ltr'><strong>ipsam</strong></span> <span class='ocrx_word' id='word_1_375' title='bbox 1100 2710 1307 2784; x_wconf 89' lang='lat' dir='ltr'><strong>electionem,</strong></span> <span class='ocrx_word' id='word_1_376' title='bbox 1333 2710 1427 2773; x_wconf 92' lang='lat' dir='ltr'><strong>vebis</strong></span> <span class='ocrx_word' id='word_1_377' title='bbox 1455 2712 1495 2774; x_wconf 91' lang='lat' dir='ltr'><strong>de</strong></span> <span class='ocrx_word' id='word_1_378' title='bbox 1524 2713 1764 2775; x_wconf 90' lang='lat' dir='ltr'><strong>consuetudine</strong></span> 
     </span>
     <span class='ocr_line' id='line_1_77' title="bbox 968 2807 1764 2884; baseline 0.003 -16"><span class='ocrx_word' id='word_1_379' title='bbox 968 2808 1201 2884; x_wconf 88' lang='lat' dir='ltr'><strong>praesentatam</strong></span> <span class='ocrx_word' id='word_1_380' title='bbox 1221 2808 1257 2869; x_wconf 88' lang='lat' dir='ltr'><strong>ut</strong></span> <span class='ocrx_word' id='word_1_381' title='bbox 1271 2807 1514 2870; x_wconf 88' lang='lat' dir='ltr'><strong>centlrmaretis</strong></span> <span class='ocrx_word' id='word_1_382' title='bbox 1536 2809 1698 2882; x_wconf 88' lang='lat' dir='ltr'><strong>eamdem,</strong></span> <span class='ocrx_word' id='word_1_383' title='bbox 1714 2809 1764 2870; x_wconf 93' lang='lat' dir='ltr'><strong>ir-</strong></span> 
     </span>
     <span class='ocr_line' id='line_1_78' title="bbox 968 2905 1763 2982; baseline 0.005 -18"><span class='ocrx_word' id='word_1_384' title='bbox 968 2905 1067 2965; x_wconf 87' lang='lat' dir='ltr'><strong>ritam</strong></span> <span class='ocrx_word' id='word_1_385' title='bbox 1082 2905 1291 2977; x_wconf 91' lang='lat' dir='ltr'><strong>decrevistis,</strong></span> <span class='ocrx_word' id='word_1_386' title='bbox 1308 2922 1368 2982; x_wconf 92' lang='lat' dir='ltr'><strong>pre</strong></span> <span class='ocrx_word' id='word_1_387' title='bbox 1379 2921 1417 2967; x_wconf 94' lang='lat' dir='ltr'><strong>ee</strong></span> <span class='ocrx_word' id='word_1_388' title='bbox 1431 2907 1517 2982; x_wconf 93' lang='lat' dir='ltr'><strong>qued</strong></span> <span class='ocrx_word' id='word_1_389' title='bbox 1531 2907 1596 2968; x_wconf 89' lang='lat' dir='ltr'><strong>dne</strong></span> <span class='ocrx_word' id='word_1_390' title='bbox 1610 2907 1763 2968; x_wconf 90' lang='lat' dir='ltr'><strong>canonici</strong></span> 
     </span>
     <span class='ocr_line' id='line_1_79' title="bbox 968 3001 1763 3081; baseline 0.004 -19"><span class='ocrx_word' id='word_1_391' title='bbox 968 3001 1118 3063; x_wconf 81' lang='lat' dir='ltr'><strong>ecclcsiae</strong></span> <span class='ocrx_word' id='word_1_392' title='bbox 1147 3002 1332 3078; x_wconf 59' lang='lat' dir='ltr'><strong>sarpedictae</strong></span> <span class='ocrx_word' id='word_1_393' title='bbox 1356 3004 1392 3064; x_wconf 93' lang='lat' dir='ltr'><strong>in</strong></span> <span class='ocrx_word' id='word_1_394' title='bbox 1421 3004 1581 3065; x_wconf 92' lang='lat' dir='ltr'><strong>electores</strong></span> <span class='ocrx_word' id='word_1_395' title='bbox 1608 3004 1763 3081; x_wconf 73' lang='lat' dir='ltr'><strong>praelatos</strong></span> 
     </span>
     <span class='ocr_line' id='line_1_80' title="bbox 969 3099 1762 3178; baseline 0.004 -19"><span class='ocrx_word' id='word_1_396' title='bbox 969 3115 1035 3159; x_wconf 91' lang='lat' dir='ltr'><strong>nen</strong></span> <span class='ocrx_word' id='word_1_397' title='bbox 1053 3099 1263 3161; x_wconf 88' lang='lat' dir='ltr'><strong>contulerunt</strong></span> <span class='ocrx_word' id='word_1_398' title='bbox 1284 3101 1361 3161; x_wconf 90' lang='lat' dir='ltr'><strong>veta</strong></span> <span class='ocrx_word' id='word_1_399' title='bbox 1383 3116 1455 3172; x_wconf 90' lang='lat' dir='ltr'><strong>sua,</strong></span> <span class='ocrx_word' id='word_1_400' title='bbox 1479 3102 1511 3162; x_wconf 89' lang='lat' dir='ltr'><strong>et</strong></span> <span class='ocrx_word' id='word_1_401' title='bbox 1529 3101 1608 3177; x_wconf 92' lang='lat' dir='ltr'><strong>quia</strong></span> <span class='ocrx_word' id='word_1_402' title='bbox 1628 3101 1762 3178; x_wconf 92' lang='lat' dir='ltr'><strong>quidam</strong></span> 
     </span>
     <span class='ocr_line' id='line_1_81' title="bbox 969 3196 1763 3263; baseline 0.003 -7"><span class='ocrx_word' id='word_1_403' title='bbox 969 3196 1056 3256; x_wconf 89' lang='lat' dir='ltr'><strong>alius</strong></span> <span class='ocrx_word' id='word_1_404' title='bbox 1076 3196 1110 3257; x_wconf 91' lang='lat' dir='ltr'><strong>in</strong></span> <span class='ocrx_word' id='word_1_405' title='bbox 1128 3197 1261 3258; x_wconf 91' lang='lat' dir='ltr'><strong>eosdem</strong></span> <span class='ocrx_word' id='word_1_406' title='bbox 1281 3198 1394 3258; x_wconf 87' lang='lat' dir='ltr'><strong>vetum</strong></span> <span class='ocrx_word' id='word_1_407' title='bbox 1417 3214 1512 3258; x_wconf 93' lang='lat' dir='ltr'><strong>suum</strong></span> <span class='ocrx_word' id='word_1_408' title='bbox 1537 3198 1713 3259; x_wconf 90' lang='lat' dir='ltr'><strong>contulerit</strong></span> <span class='ocrx_word' id='word_1_409' title='bbox 1733 3199 1763 3263; x_wconf 88' lang='lat' dir='ltr'><strong>si</strong></span> 
     </span>
     <span class='ocr_line' id='line_1_82' title="bbox 969 3293 1761 3371; baseline 0.001 -16"><span class='ocrx_word' id='word_1_410' title='bbox 969 3310 1083 3355; x_wconf 88' lang='lat' dir='ltr'><strong>omnes</strong></span> <span class='ocrx_word' id='word_1_411' title='bbox 1099 3293 1163 3370; x_wconf 92' lang='lat' dir='ltr'><strong>ipsi</strong></span> <span class='ocrx_word' id='word_1_412' title='bbox 1183 3294 1343 3355; x_wconf 88' lang='lat' dir='ltr'><strong>electores</strong></span> <span class='ocrx_word' id='word_1_413' title='bbox 1364 3294 1489 3371; x_wconf 89' lang='lat' dir='ltr'><strong>pariter</strong></span> <span class='ocrx_word' id='word_1_414' title='bbox 1510 3295 1761 3368; x_wconf 90' lang='lat' dir='ltr'><strong>concordarent,</strong></span> 
     </span>
     <span class='ocr_line' id='line_1_83' title="bbox 970 3389 1763 3468; baseline 0.005 -19"><span class='ocrx_word' id='word_1_415' title='bbox 970 3390 1058 3450; x_wconf 87' lang='lat' dir='ltr'><strong>alius</strong></span> <span class='ocrx_word' id='word_1_416' title='bbox 1072 3404 1151 3450; x_wconf 90' lang='lat' dir='ltr'><strong>vere</strong></span> <span class='ocrx_word' id='word_1_417' title='bbox 1166 3389 1401 3466; x_wconf 90' lang='lat' dir='ltr'><strong>appellationis</strong></span> <span class='ocrx_word' id='word_1_418' title='bbox 1423 3391 1630 3468; x_wconf 87' lang='lat' dir='ltr'><strong>interjecisse</strong></span> <span class='ocrx_word' id='word_1_419' title='bbox 1650 3390 1763 3453; x_wconf 88' lang='lat' dir='ltr'><strong>obsta-</strong></span> 
     </span>
     <span class='ocr_line' id='line_1_84' title="bbox 970 3486 1763 3565; baseline 0 -17"><span class='ocrx_word' id='word_1_420' title='bbox 970 3487 1081 3548; x_wconf 91' lang='lat' dir='ltr'><strong>culum</strong></span> <span class='ocrx_word' id='word_1_421' title='bbox 1100 3486 1293 3561; x_wconf 87' lang='lat' dir='ltr'><strong>dieebatur;</strong></span> <span class='ocrx_word' id='word_1_422' title='bbox 1314 3503 1418 3564; x_wconf 90' lang='lat' dir='ltr'><strong>quare</strong></span> <span class='ocrx_word' id='word_1_423' title='bbox 1433 3487 1607 3563; x_wconf 86' lang='lat' dir='ltr'><strong>praeiatum</strong></span> <span class='ocrx_word' id='word_1_424' title='bbox 1628 3488 1763 3565; x_wconf 90' lang='lat' dir='ltr'><strong>capitu-</strong></span> 
     </span>
    </p>
   </div>
   <div class='ocr_carea' id='block_1_14' title="bbox 970 3583 1861 3662">
    <p class='ocr_par' dir='ltr' id='par_1_16' title="bbox 970 3583 1861 3662">
     <span class='ocr_line' id='line_1_85' title="bbox 970 3583 1861 3662; baseline 0.007 -19"><span class='ocrx_word' id='word_1_425' title='bbox 970 3583 1038 3644; x_wconf 93' lang='lat' dir='ltr'><strong>lum</strong></span> <span class='ocrx_word' id='word_1_426' title='bbox 1066 3584 1172 3645; x_wconf 92' lang='lat' dir='ltr'><strong>multa</strong></span> <span class='ocrx_word' id='word_1_427' title='bbox 1194 3583 1289 3644; x_wconf 90' lang='lat' dir='ltr'><strong>nobis</strong></span> <span class='ocrx_word' id='word_1_428' title='bbox 1318 3584 1478 3646; x_wconf 89' lang='lat' dir='ltr'><strong>instantia</strong></span> <span class='ocrx_word' id='word_1_429' title='bbox 1507 3584 1705 3662; x_wconf 88' lang='lat' dir='ltr'><strong>supplicavit</strong></span> <span class='ocrx_word' id='word_1_430' title='bbox 1728 3586 1765 3649; x_wconf 90' lang='lat' dir='ltr'><strong>ut</strong></span> <span class='ocrx_word' id='word_1_431' title='bbox 1857 3614 1861 3623; x_wconf 65' lang='lat'><strong><em>¹</em></strong></span> 
     </span>
    </p>
   </div>
   <div class='ocr_carea' id='block_1_15' title="bbox 969 3680 1776 5705">
    <p class='ocr_par' dir='ltr' id='par_1_17' title="bbox 969 3680 1776 5705">
     <span class='ocr_line' id='line_1_86' title="bbox 970 3680 1763 3758; baseline 0.008 -19"><span class='ocrx_word' id='word_1_432' title='bbox 970 3680 1164 3756; x_wconf 85' lang='lat' dir='ltr'><strong>praedictum</strong></span> <span class='ocrx_word' id='word_1_433' title='bbox 1193 3682 1366 3754; x_wconf 88' lang='lat' dir='ltr'><strong>decanum,</strong></span> <span class='ocrx_word' id='word_1_434' title='bbox 1390 3698 1486 3758; x_wconf 92' lang='lat' dir='ltr'><strong>quem</strong></span> <span class='ocrx_word' id='word_1_435' title='bbox 1515 3682 1666 3744; x_wconf 82' lang='lat' dir='ltr'><strong>ecclesiae</strong></span> <span class='ocrx_word' id='word_1_436' title='bbox 1693 3699 1763 3746; x_wconf 78' lang='lat' dir='ltr'><strong>suae</strong></span> 
     </span>
     <span class='ocr_line' id='line_1_87' title="bbox 970 3776 1765 3858; baseline 0.008 -22"><span class='ocrx_word' id='word_1_437' title='bbox 970 3776 1138 3839; x_wconf 86' lang='lat' dir='ltr'><strong>aiilrmant</strong></span> <span class='ocrx_word' id='word_1_438' title='bbox 1155 3793 1229 3839; x_wconf 91' lang='lat' dir='ltr'><strong>esse</strong></span> <span class='ocrx_word' id='word_1_439' title='bbox 1242 3779 1428 3855; x_wconf 91' lang='lat' dir='ltr'><strong>perutilem,</strong></span> <span class='ocrx_word' id='word_1_440' title='bbox 1445 3779 1494 3840; x_wconf 88' lang='lat' dir='ltr'><strong>eis</strong></span> <span class='ocrx_word' id='word_1_441' title='bbox 1507 3779 1547 3840; x_wconf 92' lang='lat' dir='ltr'><strong>de</strong></span> <span class='ocrx_word' id='word_1_442' title='bbox 1560 3780 1765 3858; x_wconf 90' lang='lat' dir='ltr'><strong>plenitudiue</strong></span> 
     </span>
     <span class='ocr_line' id='line_1_88' title="bbox 971 3873 1765 3952; baseline 0.008 -20"><span class='ocrx_word' id='word_1_443' title='bbox 971 3873 1142 3947; x_wconf 89' lang='lat' dir='ltr'><strong>potestatis</strong></span> <span class='ocrx_word' id='word_1_444' title='bbox 1164 3873 1198 3933; x_wconf 94' lang='lat' dir='ltr'><strong>iu</strong></span> <span class='ocrx_word' id='word_1_445' title='bbox 1223 3875 1414 3950; x_wconf 89' lang='lat' dir='ltr'><strong>episcopum</strong></span> <span class='ocrx_word' id='word_1_446' title='bbox 1439 3876 1620 3937; x_wconf 87' lang='lat' dir='ltr'><strong>concedere</strong></span> <span class='ocrx_word' id='word_1_447' title='bbox 1645 3876 1765 3952; x_wconf 82' lang='lat' dir='ltr'><strong>digna-</strong></span> 
     </span>
     <span class='ocr_line' id='line_1_89' title="bbox 970 3969 1765 4049; baseline 0.009 -22"><span class='ocrx_word' id='word_1_448' title='bbox 970 3982 1093 4029; x_wconf 92' lang='lat' dir='ltr'><strong>remur.</strong></span> <span class='ocrx_word' id='word_1_449' title='bbox 1110 3969 1202 4030; x_wconf 89' lang='lat' dir='ltr'><strong>Licet</strong></span> <span class='ocrx_word' id='word_1_450' title='bbox 1217 3969 1374 4045; x_wconf 75' lang='lat' dir='ltr'><strong>igiturne</strong></span> <span class='ocrx_word' id='word_1_451' title='bbox 1389 3972 1579 4048; x_wconf 90' lang='lat' dir='ltr'><strong>provisione</strong></span> <span class='ocrx_word' id='word_1_452' title='bbox 1594 3973 1698 4049; x_wconf 88' lang='lat' dir='ltr'><strong>ipsius</strong></span> <span class='ocrx_word' id='word_1_453' title='bbox 1714 3988 1765 4034; x_wconf 92' lang='lat' dir='ltr'><strong>ec·</strong></span> 
     </span>
     <span class='ocr_line' id='line_1_90' title="bbox 970 4065 1765 4144; baseline 0.005 -18"><span class='ocrx_word' id='word_1_454' title='bbox 970 4065 1092 4137; x_wconf 82' lang='lat' dir='ltr'><strong>clasiae,</strong></span> <span class='ocrx_word' id='word_1_455' title='bbox 1112 4066 1166 4126; x_wconf 92' lang='lat' dir='ltr'><strong>cui</strong></span> <span class='ocrx_word' id='word_1_456' title='bbox 1185 4081 1229 4127; x_wconf 81' lang='lat' dir='ltr'><strong>ex</strong></span> <span class='ocrx_word' id='word_1_457' title='bbox 1248 4066 1377 4128; x_wconf 85' lang='lat' dir='ltr'><strong>deiectu</strong></span> <span class='ocrx_word' id='word_1_458' title='bbox 1404 4068 1547 4143; x_wconf 87' lang='lat' dir='ltr'><strong>pastoris</strong></span> <span class='ocrx_word' id='word_1_459' title='bbox 1570 4084 1672 4144; x_wconf 81' lang='lat' dir='ltr'><strong>grave</strong></span> <span class='ocrx_word' id='word_1_460' title='bbox 1694 4069 1765 4130; x_wconf 90' lang='lat' dir='ltr'><strong>dis-</strong></span> 
     </span>
     <span class='ocr_line' id='line_1_91' title="bbox 969 4163 1763 4241; baseline 0.005 -19"><span class='ocrx_word' id='word_1_461' title='bbox 969 4163 1126 4241; x_wconf 91' lang='lat' dir='ltr'><strong>pendium</strong></span> <span class='ocrx_word' id='word_1_462' title='bbox 1147 4163 1321 4224; x_wconf 87' lang='lat' dir='ltr'><strong>imminere</strong></span> <span class='ocrx_word' id='word_1_463' title='bbox 1342 4165 1514 4236; x_wconf 88' lang='lat' dir='ltr'><strong>asseritur,</strong></span> <span class='ocrx_word' id='word_1_464' title='bbox 1531 4164 1675 4227; x_wconf 88' lang='lat' dir='ltr'><strong>debitam</strong></span> <span class='ocrx_word' id='word_1_465' title='bbox 1690 4166 1763 4228; x_wconf 87' lang='lat' dir='ltr'><strong>sel·</strong></span> 
     </span>
     <span class='ocr_line' id='line_1_92' title="bbox 970 4260 1764 4340; baseline 0.009 -21"><span class='ocrx_word' id='word_1_466' title='bbox 970 4260 1174 4322; x_wconf 91' lang='lat' dir='ltr'><strong>licitudinem</strong></span> <span class='ocrx_word' id='word_1_467' title='bbox 1190 4260 1382 4332; x_wconf 86' lang='lat' dir='ltr'><strong>babeamus,</strong></span> <span class='ocrx_word' id='word_1_468' title='bbox 1400 4262 1478 4338; x_wconf 91' lang='lat' dir='ltr'><strong>quia</strong></span> <span class='ocrx_word' id='word_1_469' title='bbox 1494 4263 1602 4323; x_wconf 89' lang='lat' dir='ltr'><strong>tamen</strong></span> <span class='ocrx_word' id='word_1_470' title='bbox 1620 4278 1764 4340; x_wconf 89' lang='lat' dir='ltr'><strong>persona</strong></span> 
     </span>
     <span class='ocr_line' id='line_1_93' title="bbox 969 4357 1766 4437; baseline 0.008 -20"><span class='ocrx_word' id='word_1_471' title='bbox 969 4357 1118 4434; x_wconf 87' lang='lat' dir='ltr'><strong>praedicti</strong></span> <span class='ocrx_word' id='word_1_472' title='bbox 1134 4358 1251 4418; x_wconf 91' lang='lat' dir='ltr'><strong>decani</strong></span> <span class='ocrx_word' id='word_1_473' title='bbox 1264 4360 1314 4420; x_wconf 88' lang='lat' dir='ltr'><strong>est</strong></span> <span class='ocrx_word' id='word_1_474' title='bbox 1328 4358 1424 4419; x_wconf 86' lang='lat' dir='ltr'><strong>nobis</strong></span> <span class='ocrx_word' id='word_1_475' title='bbox 1441 4358 1620 4435; x_wconf 82' lang='lat' dir='ltr'><strong>incognita,</strong></span> <span class='ocrx_word' id='word_1_476' title='bbox 1635 4361 1766 4437; x_wconf 90' lang='lat' dir='ltr'><strong>petitio·</strong></span> 
     </span>
     <span class='ocr_line' id='line_1_94' title="bbox 971 4455 1763 4535; baseline 0.005 -19"><span class='ocrx_word' id='word_1_477' title='bbox 971 4470 1045 4516; x_wconf 92' lang='lat' dir='ltr'><strong>nem</strong></span> <span class='ocrx_word' id='word_1_478' title='bbox 1071 4455 1177 4531; x_wconf 89' lang='lat' dir='ltr'><strong>ipsius</strong></span> <span class='ocrx_word' id='word_1_479' title='bbox 1204 4455 1340 4532; x_wconf 90' lang='lat' dir='ltr'><strong>capituli</strong></span> <span class='ocrx_word' id='word_1_480' title='bbox 1373 4455 1523 4519; x_wconf 89' lang='lat' dir='ltr'><strong>absolute</strong></span> <span class='ocrx_word' id='word_1_481' title='bbox 1552 4459 1763 4535; x_wconf 85' lang='lat' dir='ltr'><strong>nequivimus</strong></span> 
     </span>
     <span class='ocr_line' id='line_1_95' title="bbox 970 4552 1764 4617; baseline 0.005 -4"><span class='ocrx_word' id='word_1_482' title='bbox 970 4552 1141 4613; x_wconf 85' lang='lat' dir='ltr'><strong>exaudire.</strong></span> <span class='ocrx_word' id='word_1_483' title='bbox 1164 4554 1324 4615; x_wconf 82' lang='lat' dir='ltr'><strong>Gerentes</strong></span> <span class='ocrx_word' id='word_1_484' title='bbox 1349 4555 1460 4615; x_wconf 91' lang='lat' dir='ltr'><strong>autem</strong></span> <span class='ocrx_word' id='word_1_485' title='bbox 1484 4554 1524 4615; x_wconf 92' lang='lat' dir='ltr'><strong>de</strong></span> <span class='ocrx_word' id='word_1_486' title='bbox 1546 4558 1601 4617; x_wconf 91' lang='lat' dir='ltr'><strong>tua</strong></span> <span class='ocrx_word' id='word_1_487' title='bbox 1623 4555 1764 4617; x_wconf 90' lang='lat' dir='ltr'><strong>caritate</strong></span> 
     </span>
     <span class='ocr_line' id='line_1_96' title="bbox 970 4649 1763 4729; baseline 0.005 -20"><span class='ocrx_word' id='word_1_488' title='bbox 970 4649 1124 4710; x_wconf 81' lang='lat' dir='ltr'><strong>fiduciam</strong></span> <span class='ocrx_word' id='word_1_489' title='bbox 1157 4651 1350 4729; x_wconf 91' lang='lat' dir='ltr'><strong>specialem,</strong></span> <span class='ocrx_word' id='word_1_490' title='bbox 1380 4651 1582 4714; x_wconf 77' lang='lat' dir='ltr'><strong>fraternitati</strong></span> <span class='ocrx_word' id='word_1_491' title='bbox 1611 4653 1675 4712; x_wconf 75' lang='lat' dir='ltr'><strong>tuae</strong></span> <span class='ocrx_word' id='word_1_492' title='bbox 1702 4668 1763 4729; x_wconf 93' lang='lat' dir='ltr'><strong>per</strong></span> 
     </span>
     <span class='ocr_line' id='line_1_97' title="bbox 969 4746 1764 4825; baseline 0.004 -17"><span class='ocrx_word' id='word_1_493' title='bbox 969 4746 1158 4824; x_wconf 85' lang='lat' dir='ltr'><strong>Apostolica</strong></span> <span class='ocrx_word' id='word_1_494' title='bbox 1181 4749 1304 4824; x_wconf 88' lang='lat' dir='ltr'><strong>scripta</strong></span> <span class='ocrx_word' id='word_1_495' title='bbox 1324 4749 1531 4820; x_wconf 91' lang='lat' dir='ltr'><strong>mandamus,</strong></span> <span class='ocrx_word' id='word_1_496' title='bbox 1556 4748 1718 4825; x_wconf 92' lang='lat' dir='ltr'><strong>quatenus</strong></span> <span class='ocrx_word' id='word_1_497' title='bbox 1733 4749 1764 4811; x_wconf 90' lang='lat' dir='ltr'><strong>si</strong></span> 
     </span>
     <span class='ocr_line' id='line_1_98' title="bbox 969 4845 1763 4922; baseline 0.004 -16"><span class='ocrx_word' id='word_1_498' title='bbox 969 4845 1129 4906; x_wconf 93' lang='lat' dir='ltr'><strong>decanum</strong></span> <span class='ocrx_word' id='word_1_499' title='bbox 1141 4845 1249 4922; x_wconf 91' lang='lat' dir='ltr'><strong>ipsum</strong></span> <span class='ocrx_word' id='word_1_500' title='bbox 1264 4846 1433 4906; x_wconf 83' lang='lat' dir='ltr'><strong>inveneris</strong></span> <span class='ocrx_word' id='word_1_501' title='bbox 1448 4846 1488 4905; x_wconf 91' lang='lat' dir='ltr'><strong>ad</strong></span> <span class='ocrx_word' id='word_1_502' title='bbox 1505 4860 1591 4907; x_wconf 92' lang='lat' dir='ltr'><strong>enus</strong></span> <span class='ocrx_word' id='word_1_503' title='bbox 1606 4846 1763 4909; x_wconf 89' lang='lat' dir='ltr'><strong>idoneum</strong></span> 
     </span>
     <span class='ocr_line' id='line_1_99' title="bbox 971 4942 1763 5023; baseline 0.005 -20"><span class='ocrx_word' id='word_1_504' title='bbox 971 4942 1169 5021; x_wconf 86' lang='lat' dir='ltr'><strong>pentiilcalis</strong></span> <span class='ocrx_word' id='word_1_505' title='bbox 1183 4942 1298 5010; x_wconf 89' lang='lat' dir='ltr'><strong>eillcii,</strong></span> <span class='ocrx_word' id='word_1_506' title='bbox 1320 4944 1352 5004; x_wconf 92' lang='lat' dir='ltr'><strong>et</strong></span> <span class='ocrx_word' id='word_1_507' title='bbox 1374 4946 1480 5021; x_wconf 90' lang='lat' dir='ltr'><strong>major</strong></span> <span class='ocrx_word' id='word_1_508' title='bbox 1502 4944 1535 5004; x_wconf 91' lang='lat' dir='ltr'><strong>et</strong></span> <span class='ocrx_word' id='word_1_509' title='bbox 1551 4945 1665 5007; x_wconf 89' lang='lat' dir='ltr'><strong>sanior</strong></span> <span class='ocrx_word' id='word_1_510' title='bbox 1685 4961 1763 5023; x_wconf 88' lang='lat' dir='ltr'><strong>pars</strong></span> 
     </span>
     <span class='ocr_line' id='line_1_100' title="bbox 970 5039 1761 5117; baseline 0.006 -18"><span class='ocrx_word' id='word_1_511' title='bbox 970 5040 1075 5117; x_wconf 88' lang='lat' dir='ltr'><strong>ipsius</strong></span> <span class='ocrx_word' id='word_1_512' title='bbox 1095 5039 1232 5116; x_wconf 90' lang='lat' dir='ltr'><strong>capituli</strong></span> <span class='ocrx_word' id='word_1_513' title='bbox 1252 5040 1460 5101; x_wconf 88' lang='lat' dir='ltr'><strong>consenserit</strong></span> <span class='ocrx_word' id='word_1_514' title='bbox 1480 5040 1514 5101; x_wconf 90' lang='lat' dir='ltr'><strong>in</strong></span> <span class='ocrx_word' id='word_1_515' title='bbox 1533 5042 1695 5113; x_wconf 91' lang='lat' dir='ltr'><strong>eumdem,</strong></span> <span class='ocrx_word' id='word_1_516' title='bbox 1714 5044 1761 5114; x_wconf 94' lang='lat' dir='ltr'><strong>tu,</strong></span> 
     </span>
     <span class='ocr_line' id='line_1_101' title="bbox 971 5136 1776 5215; baseline 0.005 -18"><span class='ocrx_word' id='word_1_517' title='bbox 971 5152 1128 5214; x_wconf 91' lang='lat' dir='ltr'><strong>processu</strong></span> <span class='ocrx_word' id='word_1_518' title='bbox 1155 5136 1331 5199; x_wconf 91' lang='lat' dir='ltr'><strong>electionis</strong></span> <span class='ocrx_word' id='word_1_519' title='bbox 1359 5152 1419 5198; x_wconf 89' lang='lat' dir='ltr'><strong>seu</strong></span> <span class='ocrx_word' id='word_1_520' title='bbox 1442 5139 1640 5200; x_wconf 86' lang='lat' dir='ltr'><strong>cassationis</strong></span> <span class='ocrx_word' id='word_1_521' title='bbox 1671 5154 1776 5215; x_wconf 79' lang='lat' dir='ltr'><strong>prae-¹</strong></span> 
     </span>
     <span class='ocr_line' id='line_1_102' title="bbox 970 5234 1764 5312; baseline 0.004 -17"><span class='ocrx_word' id='word_1_522' title='bbox 970 5234 1078 5304; x_wconf 88' lang='lat' dir='ltr'><strong>dictae,</strong></span> <span class='ocrx_word' id='word_1_523' title='bbox 1090 5248 1131 5294; x_wconf 92' lang='lat' dir='ltr'><strong>ac</strong></span> <span class='ocrx_word' id='word_1_524' title='bbox 1140 5234 1402 5297; x_wconf 91' lang='lat' dir='ltr'><strong>contradictione</strong></span> <span class='ocrx_word' id='word_1_525' title='bbox 1415 5251 1607 5312; x_wconf 90' lang='lat' dir='ltr'><strong>paucerum,</strong></span> <span class='ocrx_word' id='word_1_526' title='bbox 1626 5236 1691 5297; x_wconf 92' lang='lat' dir='ltr'><strong>nisi</strong></span> <span class='ocrx_word' id='word_1_527' title='bbox 1704 5237 1764 5298; x_wconf 91' lang='lat' dir='ltr'><strong>ali·</strong></span> 
     </span>
     <span class='ocr_line' id='line_1_103' title="bbox 971 5330 1761 5410; baseline 0.006 -21"><span class='ocrx_word' id='word_1_528' title='bbox 971 5330 1048 5408; x_wconf 94' lang='lat' dir='ltr'><strong>quid</strong></span> <span class='ocrx_word' id='word_1_529' title='bbox 1070 5330 1269 5392; x_wconf 89' lang='lat' dir='ltr'><strong>rationabile</strong></span> <span class='ocrx_word' id='word_1_530' title='bbox 1292 5331 1474 5409; x_wconf 84' lang='lat' dir='ltr'><strong>objecerint</strong></span> <span class='ocrx_word' id='word_1_531' title='bbox 1491 5335 1523 5394; x_wconf 89' lang='lat' dir='ltr'><strong>el</strong></span> <span class='ocrx_word' id='word_1_532' title='bbox 1538 5332 1761 5410; x_wconf 91' lang='lat' dir='ltr'><strong>probaverint,</strong></span> 
     </span>
     <span class='ocr_line' id='line_1_104' title="bbox 972 5427 1763 5506; baseline 0.008 -18"><span class='ocrx_word' id='word_1_533' title='bbox 972 5443 1178 5505; x_wconf 88' lang='lat' dir='ltr'><strong>nequaquam</strong></span> <span class='ocrx_word' id='word_1_534' title='bbox 1197 5427 1416 5499; x_wconf 91' lang='lat' dir='ltr'><strong>obstantibus,</strong></span> <span class='ocrx_word' id='word_1_535' title='bbox 1433 5429 1526 5489; x_wconf 91' lang='lat' dir='ltr'><strong>illum</strong></span> <span class='ocrx_word' id='word_1_536' title='bbox 1544 5430 1708 5506; x_wconf 77' lang='lat' dir='ltr'><strong>praeficias</strong></span> <span class='ocrx_word' id='word_1_537' title='bbox 1725 5433 1763 5494; x_wconf 88' lang='lat' dir='ltr'><strong>in</strong></span> 
     </span>
     <span class='ocr_line' id='line_1_105' title="bbox 971 5525 1765 5603; baseline 0.008 -18"><span class='ocrx_word' id='word_1_538' title='bbox 971 5525 1160 5601; x_wconf 90' lang='lat' dir='ltr'><strong>episcopum</strong></span> <span class='ocrx_word' id='word_1_539' title='bbox 1175 5525 1326 5587; x_wconf 78' lang='lat' dir='ltr'><strong>ecclesiae</strong></span> <span class='ocrx_word' id='word_1_540' title='bbox 1340 5526 1552 5603; x_wconf 80' lang='lat' dir='ltr'><strong>supradictae,</strong></span> <span class='ocrx_word' id='word_1_541' title='bbox 1576 5528 1765 5591; x_wconf 91' lang='lat' dir='ltr'><strong>centradic-</strong></span> 
     </span>
     <span class='ocr_line' id='line_1_106' title="bbox 973 5623 1765 5705; baseline 0.009 -23"><span class='ocrx_word' id='word_1_542' title='bbox 973 5624 1060 5683; x_wconf 90' lang='lat' dir='ltr'><strong>teres</strong></span> <span class='ocrx_word' id='word_1_543' title='bbox 1072 5636 1132 5699; x_wconf 91' lang='lat' dir='ltr'><strong>per</strong></span> <span class='ocrx_word' id='word_1_544' title='bbox 1146 5637 1321 5685; x_wconf 85' lang='lat' dir='ltr'><strong>censuram</strong></span> <span class='ocrx_word' id='word_1_545' title='bbox 1334 5623 1607 5698; x_wconf 89' lang='lat' dir='ltr'><strong>ecclesiasticam,</strong></span> <span class='ocrx_word' id='word_1_546' title='bbox 1619 5626 1765 5705; x_wconf 90' lang='lat' dir='ltr'><strong>appella·</strong></span> 
     </span>
    </p>
   </div>
   <div class='ocr_carea' id='block_1_16' title="bbox 0 0 1898 6180">
    <p class='ocr_par' dir='ltr' id='par_1_18' title="bbox 0 0 1898 6180">
     <span class='ocr_line' id='line_1_107' title="bbox 0 0 1898 6180; baseline 0 0"><span class='ocrx_word' id='word_1_547' title='bbox 0 0 1898 6180; x_wconf 95' lang='lat' dir='ltr'><strong> </strong></span> 
     </span>
    </p>
   </div>
  </div>
 </body>
</html>
