3774 6186
78 368 138 449 747
696 371 870 435 HONORII
891 371 938 433 111
958 372 1108 434 OPERA.
1662 368 1723 439 tlh

22 607 25 614 Ι
79 529 140 593 riae
157 533 187 594 J.
205 532 301 610 pater
327 535 400 610 ejns
427 535 576 612 tempore
600 535 716 598 mortis
740 550 809 597 suae
836 534 872 595 in
925 534 1135 610 reguilane,
1163 548 1265 611 super
1291 534 1492 613 huiusmodi,
1518 535 1548 596 si
1572 536 1723 599 vertatur

78 629 175 706 quasi
192 630 404 706 possessione
424 630 563 709 pacifica
583 632 773 711 huJusmodi
784 633 873 713 juris
926 630 1721 708 313131331311131131113331133331133,1

79 726 199 789 313131
213 742 325 789 rerum
349 728 391 789 ab
410 729 662 808 archiepiscopo
681 730 869 808 petitarum,
926 725 999 788 soro
1017 743 1079 789 suo
1101 728 1237 791 cuilibet
1258 729 1475 806 conquerenti
1492 730 1604 792 lacere
1616 730 1721 808 justi·

78 839 144 885 non
160 824 300 889 debehat
317 826 380 889 hoc
395 827 467 904 regi
481 829 608 905 negati,
623 830 709 908 quod
724 845 785 891 nec
800 842 873 889 ma·
926 824 1005 886 tiam
1022 824 1185 897 exhiheri,
1203 826 1249 887 ita
1261 826 1347 903 quod
1362 840 1429 888 non
1444 826 1509 887 nisi
1521 843 1634 888 coram
1650 829 1720 905 ipso

75 922 384 1000 joribusregninec
396 925 581 987 minoribus
592 926 785 1003 denegatur.
797 926 872 987 Alio
926 922 1035 997 potest
1049 923 1137 984 alius
1152 923 1254 983 alium
1269 923 1459 985 convenire.
1480 924 1540 985 His
1560 924 1722 989 duntaxat

78 1037 210 1098 quoque
224 1022 310 1083 idem
326 1038 387 1085 rex
402 1039 438 1086 se
457 1039 558 1100 super
576 1024 640 1087 hoc
656 1027 734 1102 jure
747 1025 870 1096 tuetur,
926 1019 1085 1096 exceptis,
1102 1035 1176 1097 quae
1192 1020 1227 1080 in
1244 1036 1363 1099 puram
1385 1021 1632 1099 eleemosynam
1647 1026 1721 1085 sunt

79 1116 166 1194 quod
178 1134 252 1179 cum
264 1134 318 1180 res
328 1118 518 1197 huJ'usmodi
528 1121 764 1194 sintleudales,
773 1137 873 1198 super
926 1115 1060 1188 collata,
1075 1133 1141 1177 non
1155 1116 1274 1180 debeat
1288 1134 1388 1195 super
1402 1118 1455 1180 his
1470 1134 1532 1181 rex
1545 1122 1721 1198 31311113-

79 1214 132 1295 his
147 1230 212 1276 non
228 1216 295 1277 nisi
310 1232 422 1281 coram
437 1217 573 1295 paribus
589 1220 691 1282 curiae
706 1236 775 1281 suae
791 1235 872 1281 con-
926 1213 1072 1275 dictione
1087 1214 1225 1290 privari,
1240 1217 1377 1291 paratus
1388 1216 1478 1277 omni
1490 1218 1616 1294 petenti
1631 1218 1720 1279 exhi·

77 1312 187 1373 ueniri
210 1312 337 1374 debeat.
359 1315 435 1376 Fuit
460 1317 559 1377 etiam
579 1332 622 1378 ex
646 1318 739 1394 parte
766 1317 871 1395 ipsius
925 1310 1153 1388 beloiuslitiae
1169 1313 1456 1389 complementum·
1469 1315 1518 1377 Ad
1533 1315 1607 1377 haec
1623 1332 1720 1393 saepe

78 1410 168 1486 regis
185 1412 391 1488 propositum
405 1427 517 1474 coram
533 1414 640 1488 nohis,
657 1415 744 1493 quod
767 1415 809 1477 ab
831 1431 871 1477 00
926 1407 1013 1470 dicto
1029 1409 1281 1487 archiepiscopo
1295 1414 1530 1489 conquerente,
1548 1413 1638 1490 quod
1655 1419 1719 1475 An-

77 1508 238 1584 tempore,
260 1524 325 1586 quo
342 1510 475 1586 anglici
495 1512 536 1574 de
555 1513 709 1575 mandato
729 1513 873 1590 aposto-
925 1505 1005 1582 &lici
1020 1507 1165 1584 quidem,
1182 1509 1218 1568 1¹1
1233 1511 1304 1585 01⁰⁸
1320 1509 1492 1586 11101Ῑῦ0Ῑᾶ
1511 1526 1718 1572 commoran-

77 1604 152 1667 licae
169 1606 263 1666 Sedis
277 1608 441 1670 intrantes
460 1608 665 1683 Hiberniam,
682 1611 788 1688 ipsam
809 1615 873 1674 Eo-
926 1607 987 1676 tes,
1000 1604 1219 1666 ecclesiarum
1233 1609 1266 1668 et
1279 1606 1477 1669 clericorum
1492 1609 1717 1686 possessiones

75 1702 873 1786 313311311311313ο113111311133311]3331111,113-

76 1798 146 1863 bito
166 1804 319 1878 respectu
341 1803 382 1863 ad
401 1804 669 1868 hiberniensium
692 1807 871 1882 feritatem,

77 1913 120 1958 ne
136 1898 276 1961 ulterius
296 1901 514 1977 exprimatur,
531 1906 732 1969 necessitate
745 1922 785 1969 33
804 1906 872 1969 uti-

77 1995 172 2057 litate
189 1997 347 2072 pensatis,
365 2000 477 2063 extitit
500 2001 723 2066 introductum
738 2005 771 2067 et
784 2004 870 2066 hac·

76 2093 175 2154 tenus
196 2094 337 2170 pacifice
352 2095 575 2173 observatum,
596 2103 634 2164 ut
657 2101 687 2163 si
708 2101 794 2164 forte
810 2104 872 2165 lli-

76 2187 265 2255 berniensis
289 2192 403 2256 furtim
429 2196 633 2275 subripuerit
657 2198 783 2276 aliquid
802 2203 873 2262 An-

75 2286 176 2363 31133,
193 2290 226 2351 31
243 2293 410 2367 juraverit
428 2295 587 2371 anglicus
615 2311 690 2357 cum
709 2312 770 2359 sex
792 2298 870 2360 aliis

75 2386 341 2462 meliorarem
367 2391 430 2452 sibi
457 2392 562 2456 luisse
585 2392 628 2456 ab
655 2394 869 2457 Hiberniensi

75 2482 284 2561 subreptam,
309 2488 540 2552 Hibernieusis
564 2491 606 2553 ad
627 2493 870 2555 restitutionem

77 2579 129 2640 rei
143 2580 309 2658 subrepta
320 2588 467 2660 cogatur.
485 2586 548 2648 Sed
564 2588 741 2664 praedictus
752 2590 869 2651 313111-

75 2676 251 2754 episcopus
263 2680 429 2744 malitiuse
444 2683 613 2745 subticens
625 2701 755 2758 causas,
767 2703 871 2764 quare

76 2773 141 2837 hoc
162 2775 263 2839 luerit
284 2777 508 2841 introductum
526 2782 560 2843 et
578 2781 719 2845 tirmiter
735 2783 869 2847 stabili·

13 2932 20 2955 ,
75 2873 157 2945 tum,
172 2873 213 2934 ad
226 2874 377 2936 eumdem
391 2892 503 2953 regem
522 2878 651 2943 litteras
667 2880 868 2959 impetravit,

77 2972 203 3033 utnon
227 2972 379 3036 obstante
400 2977 638 3040 consuetudine
662 2979 868 3056 hujusmodi,

75 3071 130 3137 131
149 3071 587 3152 33111333111131313,,31311
602 3075 870 3154 {decernebamus

76 3177 186 3257 potius
215 3174 427 3245 abolendam,
452 3173 601 3249 anglicis
627 3174 797 3247 inhibere,
826 3192 870 3236 ne

76 3275 160 3339 talia
169 3271 409 3351 praesumerent
421 3270 461 3332 de
474 3272 594 3333 caetero
604 3272 779 3345 attentare,
789 3289 871 3349 prae·

76 3375 262 3451 sumptores
300 3370 395 3445 regia
426 3371 589 3446 potestate
630 3384 867 3446 compescens:

41 3500 44 3509 =
76 3488 180 3553 quare
195 3469 367 3531 1111131113
382 3469 532 3543 exparte
552 3466 642 3543 regis
659 3467 765 3543 ipsius
785 3484 868 3545 sup-

12 3572 16 3579 '
77 3572 236 3651 plicatum
257 3567 432 3636 instanter,
458 3563 494 3625 ut
519 3578 585 3625 non
604 3565 869 3641 permitteremus

76 3667 201 3747 aliquid
222 3665 336 3727 contra
361 3662 482 3724 dictam
507 3661 778 3725 consuetudinem
800 3664 868 3725 im-

77 3766 210 3837 mutari,
227 3779 301 3825 cum
314 3760 346 3822 id
363 3759 436 3821 heri
451 3774 517 3820 uon
533 3761 642 3835 posset
656 3759 730 3822 sine
743 3761 871 3823 utrius-

77 3862 257 3947 quegeutis
266 3857 693 3937 irreparabilldetrimento.
702 3860 869 3921 Praeterea

77 3959 330 4041 suggerentibus
363 3956 520 4035 praedicto
553 3955 804 4033 archiepiscopo
837 3959 870 4019 et

77 4057 298 4136 suffraganeis
314 4056 396 4131 eJus,
411 4053 497 4131 quod
512 4052 654 4114 barones
669 4055 703 4115 et
716 4053 775 4115 alii
789 4055 868 4116 laici

78 4152 442 4225 lusorumdioecesibus
453 4150 633 4223 constituti,
641 4151 869 4228 possessiones

77 4254 295 4327 ecclesiarum
310 4266 444 4312 suarum
459 4264 519 4326 pro
533 4249 654 4327 maq‘ori
670 4249 764 4325 313113
783 4249 870 4313 deti-

77 4357 156 4423 nent
167 4352 283 4414 contra
294 4348 459 4426 justitiam
473 4348 662 4422 occupatas,
673 4347 707 4409 31
720 4346 761 4408 de
782 4363 868 4425 pau-

76 4456 125 4521 313
139 4448 330 4517 earumdem
343 4444 478 4515 relictis,
493 4444 601 4506 113313
617 4460 696 4520 rege
707 4460 769 4507 nec
778 4445 866 4519 illas,

77 4568 138 4621 poe
151 4546 265 4625 regale
288 4542 421 4620 aliquod
443 4540 599 4613 habeant,
616 4542 682 4618 ipsi
701 4545 867 4606 eteorum

77 4648 226 4719 homines
253 4658 365 4706 coram
391 4638 546 4703 saeculari
572 4640 736 4715 coguntur
754 4641 868 4719 judice

11 4800 26 4819 ,
76 4743 285 4829 pespondere.
302 4742 370 4801 Nos
381 4738 488 4801 eidem
502 4737 574 4814 regi
590 4737 774 4799 direximus
788 4739 868 4801 3311-

55 4916 59 4929 ,
77 4852 131 4935 pta
144 4843 267 4911 nostra,
285 4840 321 4899 ut
335 4837 511 4898 abusiones
533 4835 724 4913 hujusmodi
743 4836 868 4899 laceret

77 4939 209 5017 aboleri,
237 4938 270 4999 et
293 4934 425 4997 restitui
449 4933 677 5010 possessiones
699 4932 824 4995 eisdem
846 4949 866 4995 a

77 5039 371 5115 1313133331313133,
388 5031 464 5093 dato
480 5031 696 5093 nihilominus
710 5030 770 5093 tihi
785 5047 867 5092 nos-

78 5144 135 5221 trie
146 5133 265 5205 litteris
280 5130 313 5191 in
329 5129 514 5206 praeceptis
532 5131 567 5191 ut
581 5129 720 5201 vocatis,
734 5129 791 5206 qui
806 5145 864 5192 es-

12 5278 19 5291 .
81 5242 149 5315 „pt
166 5228 325 5301 3331111111,
354 5227 602 5304 exsequereris,
628 5226 716 5288 sicut
737 5228 864 5303 justum

83 5340 170 5415 ml,
191 5327 321 5393 31111313
350 5325 584 5401 appellationis
612 5323 862 5401 impedimento,

926 1701 1049 1779 injuste
1066 1705 1239 1780 occupant,
1256 1704 1289 1766 et
1304 1704 1506 1767 munitiones
1524 1709 1716 1769 construunt

926 1799 961 1859 in
972 1799 1109 1874 eisdem,
1119 1801 1152 1863 et
1161 1801 1395 1864 decedentibus
1403 1802 1566 1879 anglicis,
1579 1805 1636 1881 qui
1650 1820 1715 1882 pos

926 1898 1092 1959 sessiones
1118 1899 1336 1960 ecclesiarum
1363 1900 1397 1962 31
1423 1900 1625 1963 clericorum
1654 1917 1714 1963 sue

925 1996 1105 2071 provinciae
1126 1995 1186 2057 sub
1205 2012 1316 2059 annuo
1337 2013 1439 2060 censu
1462 1999 1589 2070 teuent,
1605 1998 1713 2062 ballivi

925 2092 1014 2168 regis
1024 2093 1256 2170 possessiones
1269 2094 1360 2172 ipsas
1371 2096 1534 2173 occupant
1544 2095 1711 2170 violenter,

925 2189 958 2251 et
980 2190 1107 2252 tamdiu
1137 2191 1265 2255 imatus
1295 2192 1484 2270 percipiunt
1511 2194 1711 2263 eorumdem,

924 2286 1029 2349 donec
1050 2287 1280 2352 defunctorum
1295 2289 1445 2353 haeredes
1466 2291 1712 2368 perveniantad

925 2386 1067 2457 aetatem,
1089 2386 1167 2448 licet
1186 2387 1317 2464 praelati
1336 2388 1566 2460 ecclesiarum,
1581 2389 1624 2451 ad
1640 2405 1712 2467 quos

926 2483 1151 2559 possessiones
1175 2485 1353 2561 pertinent,
1378 2486 1552 2563 percipere
1579 2486 1712 2548 debeant

924 2578 1051 2641 fructus
1076 2580 1176 2657 ipsos.
1202 2582 1272 2644 Nos
1300 2582 1408 2644 eidem
1434 2584 1506 2661 regi
1534 2585 1711 2646 direximus

924 2676 1048 2753 scripta
1063 2679 1188 2748 nostra,
1204 2680 1241 2742 ut
1259 2680 1382 2758 iniuste
1403 2680 1573 2745 subtracta
1587 2681 1712 2744 restitui

924 2772 1052 2836 iaciens
1063 2776 1214 2838 ecclesiis
1227 2780 1260 2841 et
1272 2778 1404 2841 clericis
1419 2779 1631 2856 supradictis,
1647 2778 1713 2840 bal-

925 2870 1010 2932 livos
1034 2887 1112 2937 suos
1131 2875 1165 2934 et
1179 2873 1264 2935 alios
1278 2874 1319 2937 ab
1335 2875 1525 2952 hujusmodi
1544 2876 1710 2953 gravami-

925 2968 1023 3031 nibus
1042 2970 1076 3032 et
1092 2972 1258 3047 pressuris
1272 2972 1396 3034 tradita
1415 2973 1479 3034 sihi
1496 2974 1714 3050 compesceret

924 3068 1106 3142 potestate:
1121 3069 1208 3130 unde
1220 3085 1320 3147 super
1330 3069 1383 3131 his
1393 3070 1455 3131 tuit
1467 3087 1510 3131 ex
1520 3073 1615 3148 parte
1631 3071 1710 3147 regis

924 3179 1131 3241 responsum,
1147 3165 1233 3242 quod
1249 3184 1350 3244 quum
1365 3169 1399 3229 in
1415 3168 1576 3230 Hibernia
1592 3184 1711 3246 posses

924 3261 1035 3323 siones
1056 3264 1124 3325 tam
1149 3264 1357 3337 clericorum,
1377 3281 1474 3343 quam
1495 3265 1668 3338 baronum,
1683 3266 1711 3327 31

924 3358 1076 3432 aliorum,
1088 3377 1148 3438 pro
1167 3377 1218 3433 eo,
1235 3363 1320 3440 quod
1341 3364 1414 3424 sine
1433 3365 1554 3426 castris
1567 3366 1709 3434 munita,

924 3459 1018 3535 quasi
1034 3459 1190 3520 continue
1203 3458 1290 3520 iuter
1302 3461 1457 3537 anglicos
1472 3462 1505 3523 et
1515 3461 1711 3523 Hibernien·

924 3569 988 3626 333,
1001 3570 1123 3631 guerra
1135 3556 1287 3629 durante,
1303 3557 1485 3620 reddantur
1498 3559 1647 3634 anglicis
1659 3559 1709 3618 in-

924 3650 1133 3725 habitabiles,
1159 3654 1296 3730 provide
1323 3655 1387 3718 fuit
1414 3657 1573 3717 statutum
1602 3658 1669 3717 tam
1693 3670 1709 3716 3

924 3749 1055 3812 clericis
1066 3767 1164 3828 quam
1176 3767 1197 3813 a
1208 3752 1314 3824 laicis,
1329 3754 1366 3816 ut
1377 3753 1444 3815 nisi
1458 3754 1520 3825 illi,
1530 3753 1589 3831 qui
1601 3753 1710 3831 hujus·

923 3848 1012 3909 modi
1037 3850 1265 3926 possessiones
1289 3850 1460 3923 habereut,
1481 3851 1570 3914 inira
1590 3854 1708 3913 3311111

923 3946 1101 4008 terminum
1112 3947 1149 4007 in
1164 3948 1212 4011 313
1228 3950 1337 4010 333113
1350 3949 1537 4021 fundarent,
1552 3950 1632 4011 11331
1645 3947 1707 4023 regi

923 4046 1046 4106 extunc
1060 4045 1259 4107 monitiones
1274 4046 1404 4123 erigere
1417 4047 1451 4107 in
1466 4046 1592 4108 eisdem
1608 4069 1615 4107 :
1630 4045 1708 4106 unde

923 4141 1193 4219 archiepiscopus
1207 4144 1307 4205 nimis
1327 4145 1436 4206 astute
1452 4144 1622 4206 nitebatur
1642 4146 1707 4205 sta·

922 4240 1028 4302 tutum
1047 4240 1236 4317 hujusmodi
1261 4240 1396 4303 abolere
1421 4241 1457 4302 11
1482 4257 1586 4318 grase
1609 4242 1706 4318 ipsius

923 4338 1012 4412 reais
1027 4336 1235 4414 dispendium
1247 4339 1281 4400 et
1290 4339 1467 4415 jacturam,
1481 4340 1515 4400 et
1530 4339 1708 4400 111311331-

922 4436 1024 4498 113113
1047 4435 1147 4497 talem
1164 4439 1395 4512 suppresserat
1412 4437 1600 4510 veritatem,
1618 4451 1707 4514 quam

922 4534 954 4609 si
964 4533 1194 4611 expressisset,
1206 4548 1415 4611 nequaquam
1427 4549 1528 4612 super
1539 4550 1581 4596 eo
1594 4534 1707 4612 potuis

923 4633 974 4693 set
982 4631 1111 4693 litteras
1121 4631 1313 4708 impetrare.
1324 4633 1409 4693 Nam
1423 4647 1498 4694 cum
1508 4632 1551 4693 ab
1562 4631 1706 4694 omnibus

920 4731 988 4792 1311
1008 4729 1154 4807 praelatis
1169 4745 1267 4808 quam
1287 4729 1419 4791 clericis
1438 4745 1498 4807 per
1512 4731 1667 4807 angliam
1680 4729 1707 4788 et

921 4826 1114 4888 Hiberniam
1129 4825 1316 4888 constitutis
1336 4825 1577 4888 inviolabiliter
1595 4827 1705 4888 obser-

920 4926 1026 4996 vetur,
1048 4928 1085 4985 ut
1102 4923 1131 4984 si
1146 4923 1312 4984 vassallus
1332 4923 1473 5000 alicujus
1489 4923 1627 4994 domini,
1644 4924 1707 4984 113-

920 5021 999 5083 rede
1018 5022 1146 5083 minore
1160 5020 1279 5096 viginti
1292 5021 1392 5082 unius
1413 5020 1493 5083 anni
1510 5021 1708 5093 1311313113-

920 5119 1053 5192 cedunt,
1076 5119 1229 5181 dominus
1262 5119 1428 5181 haeredem
1457 5135 1533 5180 cum
1561 5119 1707 5181 omnibus

919 5218 1014 5280 bonis
1030 5218 1100 5279 suis
1114 5216 1175 5278 sub
1194 5216 1345 5279 custodia
1362 5232 1422 5278 sua
1442 5232 1547 5294 usque
1562 5218 1604 5279 ad
1614 5257 1618 5262 -
1628 5232 1709 5295 pra·

919 5318 1039 5379 dictam
1065 5320 1184 5377 tenens
1209 5315 1351 5386 aetalem,
1374 5315 1415 5376 de
1439 5314 1594 5377 omnibus
1615 5315 1708 5377 rebus

86 5424 317 5531 μμ13311311
335 5423 866 5501 31311111133331131331331131-
918 5415 1096 5479 mobilibus
1116 5417 1150 5476 et
1170 5413 1353 5474 redditibus
1378 5428 1437 5490 pro
1459 5429 1520 5475 sua
1543 5414 1708 5475 voluntate

91 5536 377 5615 fflpespuursum,
401 5522 485 5599 quod
512 5538 611 5598 quum
635 5521 864 5598 possessiones
918 5515 1081 5592 disponat.
1098 5510 1709 5621 11331111333311313111113313333-

92 5624 254 5721 “war
279 5621 357 5692 sint,
380 5622 412 5682 et
431 5619 584 5682 teneatur
606 5633 650 5679 ex
673 5617 811 5695 antiqua
831 5618 865 5680 et
918 5612 1008 5684 ciali,
1024 5610 1102 5721 quia
1116 5609 1237 5719 3113113
1260 5608 1369 5670 hares
1388 5607 1512 5719 habeat
1533 5606 1667 5721 feudum
1689 5623 1706 5667 a

92 5722 249 5830 *a
271 5716 523 5791 cousuetudine,
541 5716 609 5779 imo
627 5732 670 5779 ex
688 5715 865 5795 utriusque
917 5726 1007 5788 rege,
1024 5709 1103 5771 hcet
1124 5708 1169 5770 stt
1188 5706 1355 5768 vassallus
1376 5706 1515 5768 alterius
1538 5720 1705 5785 cujusque,
