3774 6186
121 290 181 353 aaa
742 287 917 349 nonoau
939 288 985 348 111
1005 289 1152 351 ornan.
1403 350 1408 363 ζ
1705 297 1751 359 aa

122 449 329 520 attentatam,
343 446 453 511 renuit
469 445 762 518 confirmarebeo
772 447 826 509 bis
836 465 917 510 con·
970 447 1060 509 orbis
1078 449 1177 511 terrae
1194 465 1254 526 pro
1269 452 1360 512 certo
1375 450 1529 524 scientes,
1544 454 1633 530 quod
1651 455 1680 515 si
1693 460 1751 533 ejus

122 549 205 612 tenti
227 549 267 610 ad
286 543 530 623 impediendum
549 545 765 608 executorum
781 562 917 622 proces-
971 546 1150 621 prudentor
1164 548 1351 624 receperint
1370 548 1593 627 disciplinam,
1610 552 1647 613 ut
1663 553 1752 614 etbe-

123 663 196 707 sum
212 645 367 706 dixerunt
381 659 417 704 se
432 643 604 721 praefatum
619 645 810 704 Massanum
827 644 917 720 epis·
970 639 1168 705 nedictionis
1202 661 1271 706 suae
1303 648 1494 708 mereantur
1517 649 1629 723 gratia
1654 649 1752 711 confo-

123 760 252 821 copum,
282 759 322 804 eo
349 741 434 821 quod
454 741 633 819 aliquando
655 744 726 818 ejus
753 741 915 802 scholaris
969 741 1052 812 veri,
1087 743 1178 804 nulla
1203 744 1251 804 eis
1276 742 1397 820 poterit
1420 761 1541 807 nocere
1568 746 1749 819 adversitas,

121 841 247 913 fuerat,
281 839 405 901 habere
435 841 640 915 suspectum
669 842 702 900 et
727 839 775 899 sic
803 855 915 900 coram
970 838 1051 915 quin
1081 840 1262 916 procedant
1285 855 1458 918 prospere,
1487 845 1588 919 atque
1615 847 1749 918 regnent.

121 938 318 1016 quibusdam
342 936 478 998 arbitris
503 936 543 997 ab
570 937 618 997 eis
642 938 674 997 et
701 938 915 1012 procuratore
970 939 1040 998 Hac
1055 938 1168 1015 itaque
1188 938 1455 1000 consideratione
1474 939 1643 1011 inductus,
1658 940 1749 1013 nobis,

120 1036 226 1113 ipsius
257 1035 372 1096 electis
407 1033 506 1094 nimis
540 1033 664 1095 eisdem
699 1032 915 1094 favorabilius
970 1036 1017 1096 fili
1033 1035 1215 1107 carissime,
1241 1036 1446 1112 supplicasti,
1463 1037 1749 1099 uttesubalarmn

122 1133 300 1211 praedictus
322 1133 495 1209 episcopus
513 1133 544 1192 et
564 1134 635 1208 eius
656 1132 792 1206 collegae
814 1147 915 1192 recu-
970 1137 1158 1195 nostrarixn
1189 1132 1305 1194 umbra
1338 1133 1554 1208 dignaremur
1581 1133 1750 1212 protegere,

121 1230 186 1292 sati
209 1227 352 1291 fuerunt.
376 1219 469 1290 Unde
490 1229 576 1289 idern
601 1228 740 1290 aflectus
761 1229 860 1289 taedio
883 1229 917 1289 et
970 1247 1009 1292 ac
1023 1232 1240 1307 protectionis
1261 1231 1460 1308 Apostolicae
1480 1232 1596 1309 clypeo
1620 1248 1753 1293 commu·

71 1354 77 1364 ··
117 1328 236 1390 ‘labore
251 1324 291 1387 ad
307 1342 367 1386 nos
382 1323 501 1387 iterum
515 1341 691 1386 recurrens
706 1325 747 1385 ad
762 1337 821 1386 vos
835 1341 917 1386 exe-
971 1328 1054 1389 nire.
1079 1329 1146 1388 Nos
1171 1328 1274 1403 igitur
1300 1329 1399 1389 clarae
1424 1329 1612 1390 devotionis
1632 1331 1665 1391 et
1688 1329 1752 1391 fidei

122 1425 267 1488 cutorias
282 1440 302 1485 a
316 1422 411 1496 nohis
426 1423 555 1484 litteras
570 1423 762 1500 reportavit.
784 1419 848 1484 Sed
866 1422 915 1483 illi
971 1426 1158 1502 puritatem,
1182 1441 1281 1502 quam
1302 1427 1343 1486 ad
1358 1428 1462 1488 Deum
1477 1428 1512 1487 et
1523 1427 1635 1503 ipsam
1656 1428 1752 1487 eccle-

121 1520 260 1598 diflugia
291 1521 409 1582 frivola
433 1518 672 1592 mendicantes,
703 1521 916 1597 exceptiones
970 1524 1055 1583 siam
1069 1524 1298 1598 progenitores
1317 1525 1392 1584 tuos
1413 1519 1571 1584 hahuisse
1589 1523 1753 1585 didicimus

122 1621 236 1682 contra
251 1617 477 1696 procuratoris
492 1621 564 1695 eJus
580 1633 767 1693 personam,
783 1619 816 1678 et
835 1617 913 1688 alia,
970 1620 1173 1691 recolentes,
1201 1620 1407 1683 attendentes
1434 1630 1584 1697 quoqne,
1624 1621 1707 1698 quod
1726 1623 1755 1682 te

122 1735 195 1795 quae
207 1732 272 1778 non
283 1714 464 1791 tangebant
477 1714 660 1792 principale
671 1711 851 1791 negotium,
862 1716 917 1777 ob
971 1717 1103 1794 iuclytae
1121 1717 1363 1778 recordationis
1387 1719 1483 1779 bd.....
1499 1718 1618 1793 regina
1632 1721 1754 1791 Arago-

117 1814 290 1893 jecerunt3
306 1812 424 1890 quibus
441 1829 500 1872 vos
515 1812 589 1888 plus
608 1811 716 1873 debito
730 1810 916 1874 deferentes
971 1831 1050 1874 num
1065 1816 1171 1876 mater
1181 1814 1240 1875 tua
1255 1830 1329 1875 curn
1345 1816 1436 1877 terra
1449 1817 1482 1877 et
1495 1815 1574 1876 aliis
1588 1814 1687 1875 bonis
1697 1817 1755 1876 tuis

122 1912 313 1973 mandatum
328 1909 551 1986 apostolicum
572 1909 679 1969 adhuc
695 1909 839 1970 finaliter
851 1925 915 1970 ex·
970 1912 1077 1972 eidem
1092 1912 1244 1973 ecclesiae
1254 1910 1514 1984 commendavit;
1527 1912 1757 1987 agensdndum

122 2008 215 2086 sequi
238 2023 305 2069 non
329 2007 481 2077 curastis,
506 2021 608 2082 quare
633 2006 704 2082 ipse
730 2006 771 2066 de
797 2004 916 2067 litteris
971 2010 1057 2087 apud
1073 2011 1191 2070 Sedem
1210 2010 1433 2086 Apostolicam
1448 2011 1483 2070 in
1497 2011 1668 2082 extremis,
1683 2025 1761 2070 nos·
1802 1995 1805 2001 ’

123 2106 246 2167 nostris
266 2105 313 2165 nil
328 2103 460 2163 videtur
474 2103 537 2162 uisi
553 2102 684 2163 labores
699 2104 731 2163 et
745 2103 916 2178 angustias
970 2107 1031 2168 trae
1045 2105 1105 2168 tibi
1118 2107 1306 2168 dilectionis
1318 2106 1501 2182 praecordia
1512 2106 1757 2184 dignumduxi-

122 2204 322 2279 reportasse.
341 2201 383 2263 Ut
395 2200 499 2275 igitur
513 2201 676 2276 sapientia
688 2200 799 2261 vincat
814 2201 914 2261 mali·
970 2219 1044 2264 mus
1058 2204 1199 2280 aperire,
1220 2205 1384 2281 quatenus
1400 2205 1458 2280 qni
1476 2204 1511 2265 in
1529 2206 1629 2266 aetate
1651 2205 1759 2265 tenera

98 2300 213 2372 tiam,
230 2301 263 2361 et
278 2299 469 2359 devotorum
482 2296 668 2358 obedientia
685 2296 915 2359 inobedientia
970 2316 1043 2361 esse
1067 2302 1273 2377 dignosceris
1297 2302 1506 2373 constitutus,
1533 2301 1614 2361 dum
1639 2301 1760 2363 favoris

124 2395 304 2474 prevaleat
322 2399 563 2472 protervorum,
587 2394 780 2455 discretioni
796 2397 915 2456 vestrae
969 2398 1149 2475 apostolici
1171 2398 1319 2459 brachiis
1338 2398 1543 2460 sustentatus
1566 2397 1685 2471 fueris,
1710 2415 1762 2460 ro-

121 2510 183 2572 per
215 2494 334 2555 iterata
361 2492 485 2568 scripta
520 2492 658 2552 firmiter
692 2491 915 2568 praecipiendo
969 2494 1092 2568 borari,
1109 2495 1286 2572 adjuvante
1301 2496 1451 2567 Domino,
1468 2496 1582 2558 valeas
1606 2498 1639 2558 et
1654 2498 1762 2558 susci·

121 2590 337 2660 mandamuS,
368 2588 530 2666 quatenus
563 2587 750 2664 hujusmodi
786 2588 915 2649 frivolis
970 2606 1048 2669 pero
1062 2591 1313 2653 incrementum.
1330 2592 1444 2667 Regiis
1467 2592 1581 2670 itaque
1596 2593 1763 2670 supplica-

123 2686 374 2764 exceptionibus
396 2700 462 2745 non
487 2685 702 2757 obstantibus,
721 2685 808 2746 infra
833 2685 914 2746 duos
969 2688 1113 2749 tionibus
1132 2688 1294 2760 inclinati,
1311 2689 1606 2764 personamtuam,
1622 2705 1761 2765 regnum

124 2800 256 2845 menses
285 2783 358 2860 post
381 2782 622 2857 susceptionem
647 2784 860 2859 praesentium
879 2784 915 2843 in
969 2785 1162 2861 aragoniae,
1196 2787 1321 2847 terram
1354 2786 1557 2859 cataloniae,
1585 2787 1705 2848 villam
1733 2790 1765 2848 et

123 2881 237 2942 eodem
271 2879 404 2954 negotio
430 2880 526 2955 Juxta
557 2879 703 2954 priorum
729 2879 915 2941 litterarum
969 2886 1092 2946 terram
1104 2883 1226 2944 Montis
1241 2884 1673 2946 Pessulanioumomnibus
1688 2884 1761 2945 aliis

121 2978 358 3039 continentiam
384 2973 582 3054 procedatis,
598 2976 812 3038 decernentes
836 2977 916 3037 irri-
969 2976 1064 3037 honis
1082 2977 1159 3048 fuis,
1186 2992 1260 3053 qnae
1281 2977 1316 3037 in
1339 2978 1592 3053 presentiarum
1614 2979 1765 3040 rationa-

118 3076 189 3136 tum
213 3074 246 3136 et
266 3075 376 3145 inane,
401 3073 430 3133 si
455 3073 533 3150 quid
561 3072 694 3133 interim
718 3074 753 3133 in
774 3073 914 3134 ecclesia
969 3073 1080 3135 biliter
1092 3074 1252 3150 possides,
1261 3074 1315 3135 vel
1329 3074 1523 3136 infuturum
1531 3076 1634 3153 justis
1643 3075 1761 3145 modis,

122 3172 256 3233 Lucana
271 3172 306 3232 in
324 3170 553 3247 prejudicium
575 3169 723 3247 praedicti
740 3169 852 3232 clerici
866 3172 916 3232 est
969 3172 1147 3249 praestante
1170 3171 1326 3243 Domino,
1356 3173 1480 3248 poteris
1508 3172 1674 3250 adipisci,
1704 3173 1762 3233 sub

122 3269 375 3346 presumptum,
396 3266 656 3329 contradictores
672 3283 731 3343 per
756 3282 914 3328 censuras
968 3269 1058 3330 beati
1085 3268 1176 3330 Petri
1196 3271 1231 3330 et
1253 3271 1367 3331 nostra
1391 3271 1596 3346 protectione
1622 3272 1766 3347 suscipi·

119 3365 365 3426 ecclesiasticas
387 3363 607 3440 appellatione
627 3364 808 3441 postposita
824 3381 916 3426 com·
968 3383 1052 3438 mus,
1081 3368 1114 3428 et
1132 3367 1306 3442 praesentis
1326 3367 1446 3443 scripti
1465 3368 1655 3444 patrocinio
1676 3384 1766 3429 com·

122 3461 295 3539 poscendo.
308 3463 425 3521 Datum
441 3463 554 3522 Rornae
571 3459 658 3536 apud
678 3462 835 3522 Sanctum
850 3464 916 3522 Pe-
968 3465 1145 3525 munimus.
1168 3463 1259 3524 Nulli
1275 3480 1354 3539 ergo
1379 3465 1512 3526 omnino
1530 3464 1706 3526 hominum
1722 3467 1765 3526 li·

120 3562 220 3630 trum,
235 3573 312 3618 non.
327 3557 407 3617 maii
421 3572 509 3617 anno
523 3557 633 3617 tertio.
968 3564 1042 3623 ceat
1075 3562 1162 3622 hanc
1196 3562 1353 3638 paginam
1386 3564 1508 3623 nostrae
1546 3564 1766 3639 protectionis

967 3659 1160 3735 infringere,
1175 3658 1232 3720 vel
1246 3658 1278 3720 ei
1292 3675 1377 3720 ausu
1388 3660 1568 3721 temerario
1583 3661 1765 3721 contraire.

969 3758 1004 3819 Si
1019 3757 1092 3835 quis
1107 3756 1218 3817 autern
1236 3757 1300 3819 hoc
1318 3757 1481 3820 attentare
1499 3756 1766 3834 praesumpserit,

223 3889 450 3949 Aulercorum
463 3889 664 3962 drogonum
679 3901 808 3963 regern.

967 3856 1230 3931 indignationem
1250 3846 1485 3932 omnipotentis
1500 3854 1573 3926 Dei,
1589 3871 1629 3916 ac
1649 3854 1769 3918 beato-

419 4008 517 4066 8maii
532 4009 611 4066 „19⁸
968 3970 1040 4064 rum
1056 3953 1147 4063 lfetri
1162 3951 1194 4014 et
1209 3948 1305 4013 Pauli
1319 3951 1544 4030 apostolorum
1559 3955 1634 4030 ejus
1650 3968 1689 4014 se
1703 3968 1766 4014 no-

967 4053 1052 4112 vent
1067 4063 1288 4112 incursurum.

181 4124 286 4189 [Butler.
296 4125 449 4182 Romanum,
460 4123 515 4173 edit
526 4122 614 4182 Taua,
629 4124 673 4181 111,
688 4123 743 4183 360,
760 4138 784 4175 n.
798 4125 850 4190 db]
1006 4150 1124 4210 Datum
1139 4149 1253 4209 Romae
1274 4146 1360 4223 apud
1375 4148 1534 4208 Sanctum
1549 4148 1691 4210 Petrum
1705 4164 1768 4210 00-

121 4230 178 4290 Sub
199 4231 374 4304 protectione
394 4231 486 4287 sancti
505 4231 580 4287 Petri
595 4237 624 4287 et
637 4245 688 4287 sna
708 4232 827 4304 suscipit
845 4247 910 4305 reg·

222 4334 291 4375 nurn
304 4321 471 4391 aragonum
486 4325 515 4375 et
529 4326 633 4375 terram
646 4319 809 4377 catalonia.

160 4435 326 4495 Honorius
341 4434 517 4512 episcopus
533 4450 648 4496 servus
659 4451 830 4497 servorum
841 4437 911 4510 Dei,

121 4531 293 4594 carissimo
308 4531 343 4591 in
357 4531 488 4592 Christo
504 4531 573 4593 filio
588 4532 710 4594 Jacoho
723 4538 913 4610 Aragonum

120 4630 191 4706 regi
213 4628 346 4697 illustri,
362 4628 505 4690 salutem
526 4630 559 4690 et
578 4629 792 4707 apostolicam
811 4631 915 4694 bene-

120 4727 307 4789 dictionem.

159 4825 375 4887 sacrosancta
398 4826 548 4886 Romana
563 4825 709 4886 Ecclesia
729 4825 783 4904 pia
808 4826 914 4888 mater

120 4922 253 4982 devotos
281 4924 314 4983 et
336 4922 479 4985 bumiles
504 4921 592 4984 filios
618 4923 659 4984 ad
685 4923 817 5000 pietatis
844 4940 912 4985 suae

119 5018 279 5095 gremium
305 5022 525 5091 recurrentes,
551 5036 619 5081 non
643 5020 749 5081 solum
771 5020 914 5084 honorat

118 5113 336 5192 amplexibus,
350 5117 580 5179 verumetiam
592 5119 751 5180 maternae
767 5119 915 5180 consola·

118 5213 219 5275 tionis
234 5212 339 5274 nutrit
354 5211 521 5283 uberibus,
538 5214 572 5276 et
583 5214 717 5288 exaltat,
733 5216 808 5278 illos
827 5214 914 5277 dun-

116 5312 211 5373 taxat
222 5309 427 5386 diligentiori
440 5311 549 5372 stndio
566 5312 730 5385 refovens,
748 5330 830 5390 quos
842 5330 914 5375 ma-

116 5409 168 5488 gis
183 5425 251 5469 suae
266 5408 485 5470 recreationis
500 5409 607 5469 cernit
620 5411 738 5472 solatio
749 5412 910 5487 indigere.

967 4245 1043 4306 tavo
1067 4244 1141 4304 idus
1170 4243 1268 4316 maii,
1299 4242 1511 4320 pontificatus
1538 4244 1650 4308 nostri
1679 4260 1769 4307 anno

967 4341 1076 4403 tertio.

1299 4463 1431 4554 CCXV

1067 4592 1118 4651 Ad
1135 4592 1298 4652 Iacobum
1314 4594 1518 4667 drogonum
1531 4607 1679 4670 repam..

1260 4704 1294 4762 lo
1308 4704 1376 4761 maii
1391 4704 1472 4763 l219.

1123 4809 1233 4874 [Tentat.
1245 4811 1373 4875 bayettes,
1385 4811 1406 4870 1,
1417 4809 1473 4870 teo,
1487 4825 1513 4861 n.
1525 4811 1612 4879 ltin]

1002 4918 1105 4978 Villam
1123 4919 1383 4991 montispessulani,
1399 4933 1465 4977 curn
1479 4919 1583 4979 castris
1596 4919 1634 4979 de
1655 4922 1736 4981 Latis

1133 5014 1162 5064 et
1175 5006 1212 5064 de
1225 5007 1348 5075 Omelar,
1365 5009 1428 5081 regi
1442 5007 1603 5067 confirmat.

1007 5116 1174 5177 Honorius
1209 5116 1399 5193 episcopus,
1436 5131 1554 5178 servus
1589 5134 1766 5182 servorum

967 5214 1038 5286 Dei,
1051 5215 1225 5276 carissimo
1237 5215 1274 5274 in
1289 5214 1420 5277 Christo
1433 5213 1502 5276 filio
1516 5216 1657 5291 Jacobo,
1668 5216 1766 5279 illus-

967 5311 1010 5372 tri
1023 5311 1094 5386 regi
1112 5316 1314 5388 aragonum,
1334 5311 1474 5373 salutem
1493 5313 1528 5374 et
1545 5315 1765 5391 apostolicam

967 5408 1242 5472 benedictionem.

116 5509 222 5583 HuJus
236 5521 352 5582 nempe
366 5506 481 5567 matris
495 5506 704 5568 dulcedinem
720 5524 786 5569 non
801 5509 914 5570 imme-
1006 5510 1025 5570 J
1029 5506 1112 5570 ustis
1142 5507 1323 5585 petentium
1351 5506 1528 5569 desideriis
1550 5507 1689 5584 dignum
1714 5510 1765 5571 est

115 5605 179 5666 rito
201 5605 335 5681 gustare
359 5604 550 5665 desiderant
572 5621 668 5680 reges
691 5608 724 5667 et
745 5607 913 5683 principes
968 5621 1029 5665 nos
1042 5604 1173 5665 facilem
1189 5604 1338 5681 prebere
1353 5607 1763 5682 assensum,etvota,ane
