3774 6186
583 300 813 381 sessionis.
836 302 914 363 ms.
938 302 992 362 rr.
1543 290 1605 357 em

97 458 163 523 nbis
177 460 347 523 humiliter
361 461 556 538 supplicasti
569 461 606 522 ut
617 461 753 533 eis,non
808 444 1001 531 memorata,
1024 459 1076 522 vel
1091 459 1169 520 aliis
1185 458 1245 521 tibi
1260 456 1431 536 subjectis,
1447 456 1601 532 personis

97 557 225 637 equod
252 558 398 620 nondum
427 558 604 621 deventum
631 561 683 621 est
712 557 754 620 ad
808 556 938 621 idoneis
956 557 1156 619 auctoritate
1180 557 1285 633 ipsius
1306 552 1441 618 concilii
1451 552 1605 615 conteras

97 671 135 717 un
149 656 375 733 saepedictum,
395 672 556 735 personas
571 656 708 719 idoneas
723 656 756 719 at
809 654 926 727 libere,
937 671 977 717 ac
990 655 1142 717 licenter.
1156 656 1274 716 Datum
1286 648 1374 730 apud
1382 652 1502 715 Urbem
1511 654 1607 713 Vete-

97 768 112 815 e
126 753 225 815 utiles
239 753 415 830 subrogari
427 754 468 815 de
482 756 597 817 nostra
609 753 754 830 permis·
809 767 892 824 rem,
908 754 953 814 Vl
970 751 1133 814 kalendas
1150 751 1239 830 julii,
1261 751 1472 828 pontificatus
1499 749 1605 810 nostri

97 851 198 913 ceret
210 852 279 915 Nos
289 852 393 927 igitur
408 851 561 929 precibus
575 851 643 913 tuis
655 849 754 912 beni-
810 865 899 912 anno
912 852 1042 927 quarto.

98 949 314 1025 mpartientes
335 964 520 1021 assensum,
542 947 756 1025 presentium
1152 980 1269 1069 CLIX

97 1047 238 1111 nemeto
264 1046 478 1107 concedimus
499 1048 551 1117 ut,
567 1046 641 1123 post
660 1061 758 1122 spon·

120 1144 357 1205 canonicorum
384 1144 531 1219 ipsorum
555 1142 758 1218 resignatio-

97 1242 166 1301 eeat
186 1239 246 1301 tibi
268 1256 342 1301 cum
367 1240 512 1317 capitulo
528 1242 596 1311 tuo,
613 1240 665 1301 vel
685 1254 758 1300 ma-

97 1336 219 1398 saniori
234 1338 328 1413 parte
343 1336 448 1412 ipsius
463 1337 498 1396 in
512 1336 596 1398 locis
610 1334 756 1407 illorum,
1045 1382 1264 1449 negsst.,1ih.lv,
1279 1398 1320 1447 ep.
1335 1380 1404 1447 733⁶]

97 1450 145 1494 ⁸¹⁸
170 1450 236 1494 ¹¹⁰⁰
259 1430 758 1543 ⁰b⁸t³¹¹t¹1fuslal¹³⁸p⁰r⁸⁰n³⁸
813 1472 965 1542 Honorius,
981 1472 1028 1545 qul
1046 1466 1168 1531 Guallerl
1185 1468 1608 1531 Cornulielectionemadi’ari·

97 1530 252 1605 ²2⁸¹1bl³t⁰
266 1528 693 1610 2P90113t10n¹⁸⁰b⁸t³⁰¹¹¹⁰⁵
705 1544 760 1591 ‘2³¹¹‘
847 1560 974 1618 alensem
985 1560 1193 1633 episcopatum,
1205 1572 1222 1616 a
1237 1573 1307 1633 rege
1320 1557 1451 1631 Philippo
1463 1570 1608 1615 commen·

97 1672 110 1688 ..
128 1629 248 1690 Datum
259 1626 345 1705 apud
369 1628 415 1689 Ul*
416 1626 489 1689 bem
506 1626 672 1698 Veterem,
682 1628 758 1687 Vffl
848 1648 955 1718 datam,
971 1650 1001 1706 in
1016 1650 1125 1706 irritum
1145 1648 1293 1722 rejecerat,
1310 1660 1408 1705 rursus
1426 1647 1607 1706 Guilielmurn

97 1741 130 1787 as
142 1725 231 1803 jum,
246 1741 334 1787 anno
349 1724 478 1803 quarto.
848 1736 885 1795 ue
898 1738 1055 1811 signvrmo
1074 1736 1352 1795 saviniacensem
1372 1738 1550 1809 episeopus,
1572 1734 1608 1793 m

97 1848 215 1910 undem
239 1849 541 1925 modumscriptum
556 1851 644 1910 est...
661 1849 760 1911 etna,
848 1825 948 1884 sedem
967 1827 1158 1885 Parisiensem
1172 1833 1344 1898 promotum,
1361 1827 1434 1899 regi,
1448 1825 1608 1885 senonensi

97 1947 329 2008 :laromontem
849 1914 1066 1988 archiepiscopo
1075 1923 1105 1973 et
1114 1915 1268 1973 Parisiensi
1280 1915 1405 1987 capitulo
1414 1912 1606 1972 commendat.

97 2045 124 2105 io
139 2048 261 2115 vestra,
273 2057 381 2118 impare
391 2043 614 2121 supplicastis,
634 2043 670 2105 ut
691 2058 759 2102 non
855 2032 1021 2094 Honorius
1049 2033 1277 2108 episeopus...,
1312 2030 1496 2092 venerabili
1512 2030 1607 2092 fratri

97 2140 209 2218 equod
218 2140 467 2202 nondumestad
477 2156 651 2204 numerum
660 2154 761 2215 saepe-
815 2129 1066 2206 archiepiscopo
1086 2129 1270 2190 senonensi
1281 2126 1341 2207 (2),
1366 2128 1520 2199 salutern,
1544 2128 1607 2190 etc.

97 2290 99 2295 ,
115 2239 272 2300 dilectum
285 2237 390 2299 illium
406 2240 580 2314 Hugonem
599 2238 640 2299 de
655 2239 760 2297 Turre
857 2228 900 2289 Ut
912 2228 1052 2289 sinceras
1067 2228 1217 2288 ueritatis
1231 2227 1371 2288 allectus
1383 2242 1481 2303 quom
1495 2226 1536 2287 ad
1549 2226 1609 2287 Pa·

97 2352 123 2397 m
148 2336 250 2397 alicui
271 2335 507 2397 canonicorum
534 2335 681 2412 ejusdem
704 2349 761 2394 ec-
815 2325 989 2387 risiensem
1013 2325 1188 2386 ecclesiam
1212 2325 1369 2401 gerimus
1393 2326 1521 2401 pateret
1540 2323 1610 2386 cla-

98 2433 139 2495 de
153 2435 266 2495 nostra
279 2432 455 2509 subrogari
478 2430 696 2510 permissione
717 2430 761 2490 li·
815 2423 886 2483 rius
917 2438 976 2500 per
998 2422 1153 2484 ellectum
1186 2422 1293 2484 eidem
1322 2421 1464 2499 pastoris
1489 2420 1609 2483 solati.)

811 1108 863 1167 Ad
877 1106 1036 1178 Petmnn,
1050 1108 1282 1168 senonensem
1300 1106 1604 1179 arcistes-scopam.

1094 1211 1128 1267 27
1145 1208 1218 1283 junii
1238 1208 1319 1267 iiio.

906 1305 1044 1371 [bouquet.
1057 1306 1115 1357 lise.
1131 1304 1176 1355 des
1186 1305 1292 1362 ilistor,
1306 1309 1325 1355 t.
1334 1304 1403 1361 xlx,
1410 1318 1437 1368 p.
1452 1302 1514 1361 os&

97 2531 152 2591 tos
172 2531 275 2605 igitur
300 2530 452 2607 precibus
467 2529 598 2600 vestris,
619 2531 696 2600 etc„
721 2529 760 2589 ut
814 2519 993 2587 destitutos,
1030 2519 1255 2582 venerabilem
1285 2519 1420 2582 tratrem
1457 2522 1608 2582 nostrum

97 2643 197 2702 tuque
217 2628 477 2703 resignationem
499 2627 641 2704 alicujus
658 2642 762 2689 cano·
816 2620 869 2679 W.
883 2617 931 2697 (3)
958 2620 1038 2679 tuno
1058 2617 1383 2679 autissiodorensem
1405 2612 1608 2696 episcopum,

97 2742 119 2786 n
133 2725 281 2802 ipsorum
294 2723 394 2786 liceat
406 2722 500 2786 vobis
510 2725 546 2785 in
558 2724 630 2786 loeo
641 2724 759 2801 ipsius,
815 2717 925 2777 virum
939 2716 1110 2791 preclarae
1123 2713 1232 2787 lamae,
1245 2718 1331 2776 notae
1339 2714 1472 2776 virtutis
1484 2730 1524 2776 ac
1537 2731 1610 2792 pro-

97 2823 153 2884 isis
176 2839 243 2884 lion
268 2819 485 2894 obstantibus,
504 2821 626 2884 dictum
648 2823 762 2897 Hugo-
815 2813 1102 2891 bilatisexpel'tae‚
1125 2812 1175 2873 illi
1198 2813 1402 2890 providimus
1426 2814 1461 2873 in
1480 2813 1611 2890 episco-
1728 2868 1734 2883 „

97 2919 204 2982 ablato
218 2918 452 2996 appellationis
463 2919 644 2992 obstaculo,
656 2918 760 2980 libere
816 2926 894 2988 pum
905 2912 940 2972 et
952 2912 1132 2987 pastorem,
1143 2911 1175 2972 ei
1184 2911 1375 2988 perscripta
1389 2914 1502 2974 nostra
1515 2926 1612 2972 man-

97 3018 156 3079 ari.
171 3021 289 3080 Datum
304 3019 465 3095 utsupra.
816 3008 933 3070 dantes
947 3010 984 3070 ul
996 3023 1082 3069 onus
1101 3008 1275 3084 regiminis
1293 3012 1366 3085 ejus
1381 3010 1575 3086 susciperet,
1589 3025 1611 3070 a

816 3105 1040 3169 sollicitudine
1063 3105 1365 3168 autissiodorensis
1384 3107 1536 3168 ecclesias
1550 3106 1614 3168 ab·

286 3176 445 3263 CLVIII
816 3204 945 3266 solutus
960 3225 969 3263 :
985 3204 1054 3279 qui,
1070 3205 1247 3280 antequam
1270 3206 1391 3265 nostrae
1410 3202 1452 3264 ad
1470 3217 1546 3264 eum
1560 3205 1612 3266 lit·

97 3302 320 3376 tcplseopnm
335 3300 660 3363 claromontensem.
816 3304 897 3363 terae
910 3300 1150 3378 pervenissent,
1168 3300 1232 3361 iter
1249 3299 1291 3362 ad
1308 3300 1532 3375 apostolicam
1551 3303 1613 3363 Se-

249 3405 284 3461 26
301 3404 374 3477 junii
399 3404 478 3462 1220.
816 3398 890 3461 dem
904 3397 1082 3474 arripiens,
1105 3400 1152 3469 ut,
1175 3398 1271 3475 quasi
1290 3398 1484 3474 reintegra,
1501 3404 1613 3476 posset

97 3537 110 3559 ,
124 3500 170 3551 lib.
182 3500 224 3560 iv,
239 3500 313 3566 epist.
327 3499 383 3553 ⁷8⁸.
394 3501 451 3552 nss.
463 3501 497 3551 m
509 3501 587 3552 rom
597 3500 630 3551 du
644 3500 739 3566 rheti]
817 3497 1006 3575 hujusmodi
1026 3511 1111 3558 onus
1126 3496 1258 3557 iacilius
1277 3495 1457 3567 declinare,
1476 3497 1610 3558 demum
1680 3538 1685 3549 -

97 3600 144 3657 tel
158 3606 199 3669 ut,
211 3612 266 3655 non
282 3598 413 3657 obstante
426 3600 630 3658 canonicorum
643 3600 759 3672 opposi-
816 3596 852 3656 in
873 3597 988 3656 nostra
1011 3596 1044 3657 et
1064 3594 1205 3656 fratrum
1225 3595 1414 3656 nostrorum
1433 3596 1612 3671 presentia

118 3688 257 3745 baselicis
282 3703 347 3760 que
375 3689 405 3745 in
423 3688 544 3746 ecclesia
565 3704 617 3745 suo
638 3702 688 3761 per
710 3703 761 3745 sex
816 3694 1027 3763 constitutus,
1041 3692 1223 3768 postulavit
1241 3692 1413 3754 humiliter
1430 3696 1464 3754 et
1478 3693 1611 3755 instan-

97 3775 563 3850 eV⁸⁰⁰l0ffl⁰118⁰r¹¹20⁰ssfefl⁰
579 3777 677 3850 lt⁰⁸⁸¹l
815 3792 878 3862 ter,
903 3806 947 3853 ne
962 3792 1034 3867 jam
1054 3790 1180 3851 dictum
1195 3805 1279 3852 onus
1293 3790 1538 3866 imponeremus
1556 3791 1610 3853 ei·

97 3884 184 3955 rius,
202 3884 278 3957 etc,
296 3883 479 3946 venerabili
503 3884 649 3947 tratri...
671 3885 763 3962 epis-
816 3888 901 3959 dem,
927 3887 1013 3965 quod
1040 3887 1132 3947 nulla
1151 3888 1282 3949 ratione
1305 3887 1460 3949 deserere
1479 3889 1612 3952 volebat

100 3983 321 4054 eromenion,
336 3983 487 4053 salutem,
498 3983 560 4044 etc.
815 3983 1140 4045 autissiodorensem
1161 3983 1349 4054 ecclesiam,
1366 4000 1439 4061 quaa
1461 3987 1612 4047 nutrive-

97 4082 158 4141 rrte
170 4083 226 4141 tua
237 4079 299 4141 fuit
313 4080 517 4157 propositum
528 4094 639 4141 coram
653 4079 760 4147 nobis,
816 4083 870 4143 rat
883 4082 991 4158 ipsum
1004 4096 1024 4143 a
1037 4096 1152 4157 puero,
1177 4081 1209 4141 et
1224 4083 1440 4158 promoverat
1453 4083 1560 4159 primo
1575 4084 1610 4145 in

97 4192 144 4237 nn
156 4176 328 4248 beneficia,
346 4193 419 4254 quae
434 4177 469 4238 in
484 4176 625 4238 ecclesia
635 4180 692 4239 lua
701 4193 762 4255 per
817 4179 1014 4241 canonicum
1028 4176 1191 4241 etdeinde
1202 4177 1238 4238 in
1248 4177 1423 4250 decanum,
1435 4181 1609 4242 etdemum

97 4290 181 4335 mses
206 4288 328 4335 vacare
356 4274 528 4351 contingit,
544 4274 596 4335 vis
625 4273 761 4335 concilii
817 4277 851 4337 in
866 4277 1058 4353 episcopum
1082 4273 1331 4347 sublimaverat,
1354 4276 1484 4353 adjecto
1511 4280 1609 4355 quod,

97 4387 165 4433 nen.
186 4372 384 4434 anctoritate
407 4370 577 4445 conterre;
607 4370 762 4434 canonici
815 4390 919 4436 onera
934 4374 1034 4436 officii
1055 4372 1254 4450 pontificalis
1278 4376 1446 4449 expertus,
1473 4376 1515 4437 ad
1536 4393 1611 4455 quae

97 4469 280 4531 aecclesiae
305 4472 493 4531 asserentes
507 4473 540 4532 te
564 4471 662 4531 simul
687 4486 761 4532 cum
816 4472 978 4550 portanda
993 4467 1167 4549 reputabat
1182 4485 1218 4532 se
1234 4470 1489 4535 insufficientem
1509 4475 1610 4537 etiam

97 4568 283 4643 ngligentem
293 4567 327 4627 in
336 4566 514 4629 collatione
523 4568 761 4631 beneficiorum
816 4571 851 4631 in
867 4570 939 4632 loco
954 4584 1051 4648 quern
1069 4568 1126 4629 diu
1142 4568 1353 4645 probaverat,
1373 4571 1450 4632 etin
1465 4587 1529 4650 quo
1544 4589 1609 4635 no·

97 4664 158 4727 lodi
177 4665 338 4737 extitisse,
357 4680 396 4725 eo
416 4665 501 4742 quod
522 4665 563 4728 de
583 4668 762 4729 consuetu·
816 4669 911 4729 verat
929 4681 1039 4726 mores
1052 4664 1222 4725 hominum
1237 4667 1270 4726 et
1284 4664 1470 4727 devotionis
1486 4668 1611 4732 sentie-

97 4764 303 4824 aromonten.
320 4762 495 4839 episcopus
516 4764 697 4827 canonicus
713 4762 760 4844 (i)
815 4763 873 4825 bat
883 4760 1050 4833 allectum,
1062 4777 1184 4822 novum
1200 4761 1263 4823 sibi
1271 4765 1391 4839 jugum
1403 4764 1530 4840 imponi
1543 4782 1611 4829 non

97 4863 334 4930 rememorata,
347 4860 506 4937 impedire
526 4864 701 4933 conantur,
718 4875 761 4922 ne
818 4860 981 4922 immerito
1003 4858 1214 4930 formidabat,
1239 4859 1424 4937 praesertim
1449 4877 1524 4923 cum
1547 4862 1611 4925 tre·

96 4957 129 5018 ia
154 4958 225 5034 ipsa
252 4956 405 5020 conteras
431 4958 629 5020 auctoritate
648 4958 763 5021 conci·
816 4956 993 5035 questibus
1005 4957 1039 5019 st
1052 4956 1237 5033 desperatis
1254 4956 1510 5031 aegritudinibus
1525 4960 1609 5023 adeo

97 5056 215 5117 norati.
235 5056 377 5133 ideoque
399 5056 600 5121 fraternitati
617 5058 682 5118 tuae
702 5071 762 5133 per
815 5055 940 5117 tractus
955 5056 1054 5126 esset,
1070 5051 1156 5130 quod
1172 5053 1208 5113 in
1224 5068 1263 5114 eo
1283 5052 1380 5130 vigor
1399 5059 1473 5119 erat
1486 5058 1608 5121 virium

97 5153 155 5214 lica
190 5152 313 5230 scripta
341 5152 559 5227 mandamus,
597 5154 761 5233 quatenus
815 5153 849 5214 et
871 5150 1018 5214 omnium
1035 5166 1194 5212 sensuum
1219 5149 1423 5225 imminutus,
1450 5156 1608 5218 etminus

97 5252 211 5312 manse
238 5251 413 5312 occasione
439 5250 631 5328 hujusmodi
662 5268 760 5331 qnam
816 5248 995 5312 eminentis
1005 5248 1154 5310 scientim
1169 5263 1209 5309 ac
1224 5249 1353 5325 peritiae
1365 5251 1552 5314 mitteretur
1565 5255 1607 5316 ad

97 5362 120 5408 n
134 5350 337 5423 reputamus,
351 5348 525 5421 benetieia,
538 5365 612 5426 quae
633 5366 762 5426 perse-
816 5349 924 5411 locum
939 5344 996 5408 ubi
1008 5347 1175 5423 praecipue
1190 5346 1280 5422 viget
1296 5347 1435 5409 scientia
1449 5348 1607 5413 elabun-

107 5446 236 5523 tempus
248 5461 369 5508 vacare
382 5447 603 5522 contigeritin
618 5448 760 5511 ecclesis
815 5447 872 5509 dat
894 5444 1075 5507 eminentia
1096 5444 1288 5523 peritorum.
1319 5446 1467 5523 lienique
1494 5464 1533 5511 se
1558 5450 1606 5513 ita

97 5567 368 5696 ffinividemmsnt
394 5568 593 5635 insulensis
613 5570 762 5628 coniormc
850 5568 893 5715 g}
909 5566 1047 5699 griffi&
1060 5564 1272 5709 eggregiam„
