3774 6186
504 198 509 231 l

196 267 256 338 397

814 281 990 344 HONORII
1012 279 1056 344 111
1077 282 1225 346 OPERA.
1787 287 1838 347 328

197 436 354 500 Nolentes
369 438 472 516 igitur
482 439 621 519 justitiae
632 453 824 519 processum
839 441 993 519 impediri
1048 442 1134 505 sicut
1143 442 1279 520 dignum
1294 443 1345 506 est
1360 444 1395 505 ut
1409 443 1633 507 exaudiantur
1643 459 1664 507 a
1676 445 1711 507 te
1721 444 1755 506 in
1768 447 1834 523 peti·

196 539 371 600 occasione
386 538 575 616 bujusmodi
589 539 681 601 vel...
705 538 898 602 discretioni
917 556 994 602 ves·
1046 539 1193 602 tionibus
1204 542 1316 617 justis,
1335 542 1380 603 ita
1396 541 1497 603 etiam
1518 542 1656 619 dignum
1677 543 1729 604 est
1748 546 1781 606 ut
1793 545 1830 607 eis

195 636 256 697 trae
270 652 328 713 per
342 636 528 713 Apostolica
546 638 668 715 scripta
691 637 886 699 mandamus
908 654 993 715 qna-
1047 637 1252 701 audientiam
1272 639 1414 716 deneges
1429 640 1464 700 in
1481 640 1628 718 injustis.
1645 642 1829 718 lnjustaau·

195 735 291 795 tenus
319 734 355 793 in
380 733 620 810 quaestionibus
648 735 741 812 ipsis,
770 735 993 812 appellatione
1046 737 1113 798 tem
1125 738 1214 798 esset
1226 737 1353 813 petitio,
1369 737 1396 797 si
1412 736 1523 798 forsan
1538 739 1690 814 peterent
1700 739 1736 801 ut
1746 754 1826 818 super

194 832 334 904 remota,
344 832 473 894 ratione
489 833 612 911 praevia
623 833 808 913 procedatis
818 835 913 911 juxta
923 833 993 910 pri·
1048 834 1260 896 successione
1288 835 1465 897 comitatus
1491 835 1683 914 Campaniae
1712 836 1824 900 audires

196 945 288 990 orum
303 930 540 992 continentiam
557 929 752 993 litterarum.
771 931 862 1002 Quod
876 931 904 991 si
926 946 992 992 non
1047 931 1152 1009 ipsius
1162 932 1287 1008 reginae
1296 932 1515 1011 hoctempore
1523 934 1822 1012 quaestionemque

195 1042 310 1088 omnes
329 1027 381 1087 his
397 1028 615 1106 exsequendis
642 1028 793 1105 poteritis
817 1029 990 1100 interesse,
1047 1045 1146 1106 quum
1162 1030 1203 1091 ad
1226 1045 1366 1091 examen
1389 1032 1539 1093 nostrum
1550 1034 1621 1108 jam
1640 1031 1778 1094 deducta
1793 1035 1823 1096 sit
1879 1036 1881 1051 '

195 1125 232 1186 tu
246 1124 293 1185 lili
309 1125 423 1196 electe,
439 1127 506 1187 tam
521 1128 597 1189 ante
608 1127 890 1187 consecrationem
901 1126 992 1187 tuam
1046 1127 1572 1205 causanatalinm,quaeadtorum
1579 1127 1821 1192 ecclesiasticum

196 1237 294 1297 quarn
319 1222 351 1284 et
379 1224 550 1299 postquam
578 1221 683 1283 fueris
707 1223 931 1290 consecratus,
952 1237 992 1284 ea
1047 1224 1198 1300 pertinet,
1213 1226 1301 1286 etex
1314 1241 1380 1303 quo
1393 1225 1452 1286 illa
1467 1225 1640 1304 dependet,
1655 1225 1821 1289 uibilaliud

195 1334 270 1379 cum
283 1335 398 1380 eornm
408 1319 515 1381 altero
527 1319 734 1396 exsequaris.
753 1321 871 1381 Datum
881 1320 993 1382 Viter-
1046 1323 1144 1392 esset,
1157 1324 1333 1399 antequam
1347 1322 1419 1384 haec
1432 1323 1475 1384 sit
1487 1323 1778 1396 terminata,illam
1789 1326 1823 1386 in·

195 1413 244 1476 bii
256 1419 298 1477 IV
315 1417 381 1477 kal.
396 1415 547 1478 novemb.
562 1416 774 1495 pontificatus
787 1417 893 1478 nostri
903 1431 991 1479 anno
1046 1418 1159 1496 cipere
1181 1435 1279 1496 quam
1296 1419 1437 1481 diversis
1458 1419 1670 1497 processibus
1685 1421 1823 1484 intricare

195 1515 323 1590 quarto.
511 1604 615 1689 XXX
1045 1518 1227 1591 negotium,
1245 1518 1277 1580 et
1301 1517 1496 1579 confusione
1524 1518 1669 1596 quadam
1693 1518 1825 1581 ordinem

1042 1614 1826 1694 judiciiperturbare.Ideoqueserenitatomtuan

343 1729 395 1789 Aa
409 1732 605 1803 episcopum
625 1734 839 1791 rrecemem,
1045 1711 1312 1788 praemonendam
1331 1711 1487 1774 duximus
1502 1714 1535 1774 et
1547 1713 1744 1789 rogandam,
1757 1728 1827 1792 qua·

1045 1811 1154 1880 tenus,
1166 1809 1195 1870 si
1206 1808 1321 1872 forsan
1334 1809 1375 1870 ab
1388 1809 1461 1886 ipsa
1474 1809 1590 1888 regina
1604 1826 1696 1872 seua
1707 1811 1831 1889 praetato

1045 1906 1163 1967 nuntio
1178 1909 1250 1984 eJus
1264 1907 1317 1968 vel
1331 1908 1398 1967 alio
1412 1923 1513 1984 super
1525 1907 1589 1970 boo
1610 1908 1718 1969 rueris
1732 1909 1832 1986 requi·

1046 2002 1141 2077 situs,
1158 2018 1274 2065 eorum
1296 2004 1450 2082 precibus
1469 2020 1568 2066 aures
1587 2006 1714 2082 regias,
1741 2004 1833 2068 donec

470 1842 505 1899 29
519 1841 612 1899 octob.
631 1843 712 1900 ltlt.

225 1939 346 2004 [begeat.
361 1938 407 1989 lib.
418 1939 461 1998 lv,
471 1939 546 2003 epist.
557 1938 612 1989 tet.
624 1939 681 1988 llss.
692 1941 728 1990 ba
737 1940 810 1989 Porto
819 1937 855 1988 du
865 1937 958 2000 Theti]

194 2037 327 2111 indulget
337 2038 364 2095 ei
381 2045 411 2094 ut
425 2037 609 2095 servitoribus
624 2038 809 2094 ecclesiarum
819 2051 880 2094 sue
890 2035 992 2095 diece-

229 2127 270 2183 sis
280 2125 315 2184 de
327 2126 410 2183 bonis
422 2127 548 2198 ipsarum
559 2139 718 2199 congruam
733 2125 904 2199 portionem,
910 2124 990 2198 juxte
1041 2101 1201 2178 jamdicta
1221 2117 1322 2163 eflusa
1337 2102 1499 2164 natalium
1513 2103 1699 2181 ⁸P⁰⁸t0¹i0⁰
1714 2103 1835 2182 ludim

228 2223 332 2273 statuta
354 2215 470 2273 concilii
494 2213 649 2288 generalis,
666 2213 760 2271 valeat
779 2211 897 2287 provide
919 2215 989 2272 assi·

229 2318 330 2377 gnare.

234 2402 990 2480 Honorius‚etc.,venerabilitratri...episcopo
1009 2429 1011 2433 ·

194 2503 344 2572 Trecen.,
359 2502 510 2574 salutern,
527 2503 590 2563 etc.

234 2595 991 2675 DetuadiscretioneplenamfiduciaminDo-

194 2697 284 2758 mino
292 2696 695 2769 obtinentes,auctoritate
704 2694 765 2756 tibi
774 2694 989 2772 praesentium

193 2794 424 2871 indulgemus,
453 2796 489 2854 ut
521 2780 738 2854 servitoribus
772 2792 990 2853 ecclesiarum

193 2892 259 2955 tuae
281 2890 434 2953 dioecesis
456 2890 497 2951 de
520 2890 617 2952 bonis
639 2890 786 2967 ipsarum
809 2903 989 2965 congruam

194 2989 379 3069 portionem
401 2990 499 3066 juxta
519 2989 642 3050 statuta
662 2987 803 3048 concilii
823 2986 989 3062 generalis

192 3083 305 3145 valeat
318 3083 455 3160 provido
469 3083 653 3158 assignare.
671 3080 938 3143 contradictores
960 3079 991 3140 si

192 3181 250 3258 qui
261 3179 394 3253 inerint,
404 3181 455 3242 vel
465 3180 617 3250 rebelles,
630 3195 688 3256 per
696 3194 872 3240 censuram
881 3178 990 3239 eccle-

193 3278 374 3349 siasticam,
391 3278 614 3356 appellatione
629 3275 822 3353 postposita.
833 3291 988 3353 compes-

1045 2196 1143 2258 flnem
1154 2199 1330 2276 acceperit,
1348 2215 1414 2261 non
1427 2199 1580 2261 inclines.

1083 2297 1201 2358 Datum
1215 2295 1367 2368 viterbii,
1384 2299 1428 2360 iv
1450 2297 1611 2359 kalendas
1636 2296 1833 2368 novembris,

1044 2393 1257 2470 pontificatus
1272 2395 1378 2457 nostri
1390 2411 1479 2457 anuo
1495 2399 1624 2472 quarto.

1372 2582 1515 2670 XXXV

1044 2719 1097 2778 Ad
1111 2720 1350 2780 Ateaaudrum
1376 2721 1574 2791 episcopum
1596 2717 1840 2780 Varadtcuacm

1181 2814 1216 2876 et
1230 2817 1265 2876 C.
1277 2815 1505 2890 prepositum
1519 2816 1713 2876 Adensem.

1328 2933 1364 2990 29
1373 2931 1466 2990 octob
1480 2933 1557 2991 lile.

1138 3046 1265 3112 [Tidner.
1280 3047 1393 3098 lionam.
1409 3046 1552 3110 lluagsrioe,
1565 3046 1585 3104 1,
1596 3045 1638 3104 ¹2,
1651 3060 1678 3097 u.
1689 3045 1745 3111 32]

1104 3153 1140 3211 lli
1155 3151 1190 3208 dc
1206 3159 1281 3210 statu
1295 3151 1425 3210 ecclesie
1441 3150 1478 3209 de
1491 3150 1632 3210 Withuhu
1646 3150 1783 3208 referant.

1082 3270 1262 3342 Honorius,
1271 3266 1842 3347 etc„venerabiliiratri...episcopo

193 3377 310 3438 cendo.
323 3376 441 3437 Datum
454 3374 595 3437 viterbii
608 3375 726 3450 quarto
739 3388 844 3434 nouas
853 3388 990 3434 novem·
1042 3366 1256 3428 waradiensi
1275 3369 1308 3428 et
1326 3367 1503 3444 praeposito
1528 3365 1678 3437 Albensi,
1701 3366 1840 3428 salutem

191 3473 261 3536 bris
271 3472 481 3552 pontificatus
496 3471 601 3533 nostri
616 3486 705 3532 anno
715 3472 844 3548 quarto.

511 3631 675 3719 XXXIV

273 3762 325 3821 Ad
336 3761 533 3833 Philippum
544 3771 664 3832 repent
679 3759 906 3817 Francorum.

476 3871 511 3930 29
523 3869 615 3928 octob.
627 3869 706 3928 lale.

404 3977 481 4044 [Opp.
495 3977 535 4027 ed.
549 3975 639 4040 lligne,
655 3975 698 4033 111,
712 3973 780 4038 985]

193 4081 237 4141 Nc
256 4077 354 4138 audiat
369 4079 398 4136 in
416 4091 502 4134 causa
522 4073 712 4134 successionis
733 4073 886 4130 comitatus
905 4071 988 4130 Cam·

231 4171 334 4244 panta,
346 4165 438 4225 donec
449 4165 617 4223 terminetur
630 4177 718 4220 causa
733 4162 871 4219 natalium
882 4161 991 4234 regina

1044 3466 1077 3527 et
1091 3464 1307 3542 apostolicam
1322 3463 1599 3525 benedictionem.

1085 3561 1350 3624 Exhibitaenobis
1360 3560 1563 3622 venerabilis
1573 3560 1689 3622 fratris
1697 3561 1840 3622 nostri...

1045 3659 1259 3721 cenadiensis
1289 3659 1437 3736 episcopi
1470 3659 1592 3720 litteras
1627 3657 1844 3719 continebant

1045 3758 1131 3834 quod
1147 3773 1247 3835 quum
1260 3757 1346 3818 idem
1360 3755 1551 3833 reperisset,
1569 3755 1604 3816 in
1619 3771 1691 3817 suae
1706 3770 1843 3833 promo·

1044 3855 1146 3916 tionis
1158 3855 1264 3927 initio,
1274 3852 1513 3915 incenadiensi
1521 3851 1659 3914 dioecesi
1667 3853 1844 3913 ecclesiam

1007 3956 1010 3961 “
1045 3952 1085 4013 de
1100 3951 1264 4014 Withuhu
1277 3952 1449 4027 nigrorum
1462 3948 1590 4011 ordinis
1605 3949 1845 4012 monachorum

1044 4045 1848 4128 inspiritualibusettemporalibusdestitutam,et

1045 4150 1117 4226 ejus
1133 4145 1285 4208 abbatem
1300 4146 1333 4207 et
1344 4144 1536 4215 monachos,
1555 4143 1773 4206 observantia
1787 4159 1844 4204 re-

1045 4245 1155 4323 gulari
1163 4245 1297 4321 rejecta,
1312 4241 1488 4313 interalia,
1500 4257 1575 4318 quae
1584 4240 1844 4310 committebant,

1047 4342 1208 4414 enormia,
1224 4340 1341 4400 falsam
1366 4338 1560 4416 intersepta
1575 4338 1728 4415 eiusdem
1741 4337 1844 4400 eccle-

1047 4440 1105 4501 siae
1127 4438 1292 4499 fabricare
1316 4435 1494 4508 monetam,
1511 4435 1662 4512 inquam
1678 4435 1802 4496 calices
1817 4435 1848 4495 et

199 4569 325 4620 corum,
342 4550 482 4612 salutem
500 4550 532 4610 et
548 4546 763 4625 apostolicam
780 4542 991 4605 benedictio·
1047 4552 1162 4599 cruces
1175 4536 1208 4597 et
1219 4550 1300 4595 vasa
1314 4536 1383 4596 tam
1398 4548 1494 4595 sacra
1509 4548 1609 4609 quam
1624 4532 1693 4594 alia
1711 4532 1846 4608 redige·

199 4667 286 4713 nem.
1047 4630 1507 4710 bantzpropterbocmobilia
1518 4631 1551 4691 et
1563 4628 1764 4701 immobilia,
1777 4645 1847 4707 qua

236 4739 993 4816 Licetindubitanternoverimustepromptum
1048 4731 1171 4793 babere
1186 4730 1348 4808 poterant,
1363 4728 1598 4799 distrahentes,
1615 4726 1722 4788 iidem
1747 4725 1846 4788 abbas

200 4863 274 4910 esse
288 4845 329 4907 ad
347 4844 514 4923 justitiam
538 4839 666 4902 cunctis
686 4835 872 4915 petentibus
891 4835 992 4898 exbi-
1048 4828 1248 4892 etmonachi
1262 4827 1303 4888 de
1320 4827 1392 4903 ipsa
1405 4824 1560 4897 ecclesia,
1580 4824 1767 4886 metuentes
1782 4840 1846 4900 pra

200 4942 352 5014 bendam,
367 4958 409 5003 ex
424 4938 606 5002 abundanti
618 4939 730 4999 minen
748 4948 854 5010 nuper
864 4929 904 4994 ad
917 4948 995 5010 pre-
1049 4925 1215 4989 commissi
1236 4923 1386 4986 criminis
1412 4923 1617 4984 couscientia
1642 4920 1847 4998 indignatio-

202 5057 258 5104 ces
273 5038 454 5101 carissimae
467 5037 502 5097 in
512 5035 643 5097 Christo
658 5032 737 5093 illiae
752 5031 884 5101 uostrae,
898 5029 996 5089 illus·
1049 5024 1256 5099 nemregiam
1267 5023 1300 5083 et
1309 5019 1455 5097 ejusdem
1466 5018 1613 5096 episcopi
1620 5019 1844 5080 recesserunt.

200 5139 265 5202 tris
276 5135 400 5211 reginae
410 5132 518 5211 Cypri,
533 5131 745 5192 serenitatem
759 5128 849 5190 tuam
860 5126 996 5201 rogavi·
1049 5124 1220 5198 Quumque
1234 5118 1321 5180 dicta
1333 5116 1549 5178 remansisset
1564 5115 1707 5177 ecclesia
1722 5116 1756 5177 et
1770 5131 1844 5193 per-

201 5250 275 5300 mus
292 5234 336 5305 et,
353 5231 461 5295 adhuc
476 5243 604 5307 quoque
624 5241 779 5302 rogamus
794 5226 829 5285 ut
845 5223 995 5285 eamdem
1049 5219 1140 5280 sonis
1155 5231 1261 5279 vacua
1276 5217 1309 5277 et
1324 5212 1538 5277 facultatibus
1553 5212 1708 5289 spoliata,
1735 5228 1799 5273 nec
1819 5211 1846 5273 ei

201 5332 364 5410 reginam,
381 5343 482 5409 quum
496 5327 603 5403 ipsam
617 5323 659 5384 ad
678 5320 890 5400 praesentiam
903 5321 994 5382 tuam
1048 5318 1127 5377 tunc
1137 5315 1249 5391 posset
1260 5313 1301 5373 de
1313 5311 1466 5389 personis
1476 5308 1689 5386 regularibus
1702 5324 1847 5371 commo-

200 5430 317 5493 venire
329 5424 517 5503 contigerit,
532 5436 628 5483 cures
642 5418 783 5495 benigue
798 5417 949 5494 recipere
961 5417 996 5478 et
1048 5412 1090 5472 de
1102 5409 1281 5488 provideri,
1296 5408 1475 5470 saeculares
1489 5406 1671 5468 canonicos
1683 5407 1721 5467 iu
1733 5406 1846 5468 eadem

200 5530 267 5591 tarn
287 5540 361 5588 eam
377 5538 474 5601 quam
495 5524 533 5582 Α.
551 5517 703 5580 nuntium
718 5530 814 5576 suum
833 5514 869 5574 iu
889 5511 995 5591 ipsius
1048 5508 1203 5580 instituit,
1229 5506 1385 5569 dilectum
1413 5503 1517 5566 fllium
1540 5505 1574 5565 c.
1602 5502 1757 5566 ecclesiia
1781 5518 1846 5565 sua

200 5625 327 5701 reginae
336 5621 436 5700 jnstis
452 5613 666 5698 petitionibus
685 5610 855 5676 exaudire.
872 5612 994 5672 Verum
1049 5604 1246 5668 canonicum
1272 5602 1336 5685 ipsi
1360 5600 1548 5681 praeficiens
1576 5599 1798 5678 provisorem,
1814 5601 1847 5660 ut

232 4258 327 4332 Cypri.

238 4356 405 4417 llonorins
415 4355 601 4431 episcopus,
609 4366 725 4412 servus
737 4365 908 4411 servorum
919 4346 990 4416 Dei,

198 4453 372 4517 carissimo
382 4452 417 4512 in
428 4450 558 4511 Christo
571 4448 639 4510 illio
650 4448 804 4524 Philippo
812 4445 883 4521 regi
893 4447 992 4506 Fran·
