3774 6186
723 291 963 371 ,urrsronm
987 292 1065 353 ma
1090 292 1127 352 v.

156 624 208 682 Ad
245 623 402 697 priorem
431 621 464 682 ct
498 620 629 694 fratres
663 620 833 679 Domtutci

404 718 592 792 Septembri.

364 839 399 896 la
416 838 531 912 augusti
549 837 626 895 iaso.

98 944 241 1009 [usmetun
272 942 427 1001 iiiechoris,
452 943 506 992 sira
524 939 730 1008 Promptnarinm
750 939 892 1005 antiquita·

156 1030 211 1074 tum
224 1023 370 1074 monasterii
385 1021 586 1080 ldicchoviensis,
597 1020 733 1080 cracoviae,
748 1019 831 1084 leat]

98 1129 157 1189 Sub
182 1129 259 1187 beati
280 1130 355 1188 Petri
378 1135 407 1186 ct
429 1143 481 1185 sua
506 1127 681 1200 protectione
705 1126 843 1184 ecclesias
865 1132 893 1183 et

151 1219 350 1292 possessiones
370 1216 510 1275 Dominici
530 1213 676 1289 Sepulchri
691 1215 820 1288 suscipit.

136 1336 306 1397 Honorius
319 1333 505 1411 episcopus,
514 1348 631 1393 servus
640 1347 812 1393 servorum
821 1331 890 1402 Dei,

97 1432 228 1494 dilectis
255 1432 333 1492 tiliis
359 1430 464 1508 priori
492 1432 525 1492 et
546 1428 704 1491 iratribus
728 1428 893 1490 Dominicl

98 1527 289 1606 Sepulchri,
310 1529 497 1590 salutemet
511 1525 726 1602 apostolicam
738 1524 895 1587 benedic-

97 1642 187 1688 nem.

138 1722 300 1784 Effectum
309 1723 401 1799 jnsta
413 1719 655 1798 postulantibus
670 1719 843 1796 indulgere
862 1721 895 1781 et

97 1819 194 1897 vigor
203 1819 370 1896 equitatis
380 1820 414 1879 et
427 1817 508 1879 ordo
523 1817 627 1894 exigit
639 1817 791 1888 rationis,
803 1831 893 1893 prae-

97 1916 215 1979 sertim
230 1915 361 1993 quando
377 1915 557 1991 petentium
570 1915 772 1976 voluntatem
783 1915 816 1975 et
829 1914 896 1990 pie·

98 2015 150 2075 tas
168 2013 314 2090 adjuvat,
331 2014 369 2073 ,et
389 2011 513 2073 veritas
532 2027 599 2073 non
613 2011 784 2088 relinquit.
806 2013 895 2083 Qua-

100 2112 246 2188 propter,
259 2109 372 2171 dilecti
381 2109 416 2169 in
429 2109 568 2170 Domino
578 2108 650 2180 dlii,
662 2109 784 2170 vestris
792 2109 894 2186 J'ustis

98 2206 380 2285 postulationibus
416 2207 546 2281 gratum
579 2205 807 2282 impertientes
839 2221 897 2266 as-

99 2319 246 2375 sensum,
262 2301 438 2364 ecclesiam
452 2301 590 2377 gloriosi
604 2302 767 2363 Dominici
783 2302 896 2378 Sepul-

98 2401 173 2462 chri
195 2400 256 2461 sub
275 2398 365 2461 beati
388 2399 480 2462 Petri
497 2401 529 2460 et
553 2400 668 2460 nostra
692 2398 896 2477 protectione

100 2496 318 2574 suscipimus3
350 2496 384 2557 et
411 2511 634 2574 quascumque
656 2496 894 2573 possessiones,

97 2609 317 2672 quaecumque
341 2592 428 2655 bona
450 2593 566 2654 cadem
591 2592 733 2655 ecclesia
760 2591 898 2654 ubilibet

101 2691 252 2753 locorum
283 2689 322 2751 in
361 2689 616 2767 presentiarum
652 2689 898 2752 rationabiliter

100 2787 261 2866 possidet,
272 2787 330 2848 aut
345 2785 380 2847 in
390 2786 535 2848 futurum
543 2787 643 2864 iustis
659 2787 777 2858 modis,
791 2801 898 2863 prass-

104 2887 198 2948 tante
212 2885 363 2956 Domino,
376 2884 497 2961 poterit
511 2883 668 2961 adipisci;
685 2900 725 2945 ac
739 2883 898 2961 speciali-

100 2986 157 3045 ter
182 2980 360 3043 ecclesiam
375 2997 473 3058 quam
491 2979 621 3043 habetis
634 2980 721 3058 apud
740 2985 851 3042 Accon
867 2981 900 3043 et

99 3078 285 3141 ecclesiam
321 3093 421 3154 quam
464 3076 595 3138 habetis
637 3077 725 3154 apud
759 3079 897 3154 Tyrum,

97 3176 280 3239 ecclesiam
304 3190 403 3252 quam
424 3173 555 3236 habetis
574 3173 771 3246 Antiochiae,
793 3173 902 3235 eccle-

97 3273 188 3335 siam
207 3288 306 3350 quam
320 3271 450 3334 habetis
465 3272 552 3348 apud
568 3271 898 3348 Constantinopolim,

97 3371 280 3433 ecclesiam
301 3385 399 3447 quam
422 3367 552 3430 habetis
575 3367 662 3445 apud
685 3367 902 3429 Thessaloni-

100 3483 177 3530 cam
199 3467 232 3529 et
255 3466 430 3528 ecclesiam
453 3481 551 3543 quam
566 3465 831 3534 habetisBaroli,
846 3480 903 3526 ec·

97 3565 242 3627 alesiam
271 3577 370 3641 quam
402 3562 533 3624 habetis
563 3565 689 3640 Troiae,
726 3562 902 3624 ecclesiam

102 3677 204 3740 quam
237 3660 366 3722 habetis
399 3658 599 3728 Brundusii,
626 3659 786 3721 ecclesias
820 3674 902 3736 quas

103 3756 238 3819 habetis
264 3755 300 3817 in
330 3755 456 3828 Sicilia,
480 3755 639 3832 ecclesias
665 3771 747 3832 quas
771 3753 902 3817 bebetis

104 3853 142 3915 in
181 3853 365 3930 Hispania,
397 3852 558 3914 ecclesias
590 3867 674 3929 quas
708 3850 838 3914 habetis
868 3850 903 3911 in

106 3950 259 4024 Polonia,
274 3949 433 4012 ecclesias
449 3965 532 4026 quas
545 3948 673 4011 habetis
685 3949 720 4010 in
732 3949 902 4020 Bohemia,

107 4048 271 4111 ecclesias
300 4063 383 4124 quas
411 4046 541 4109 habetis
566 4047 601 4107 in
629 4047 813 4123 Hungaria,
845 4062 903 4107 ec-

106 4145 229 4207 clesias
244 4160 327 4222 quas
347 4143 478 4206 habetis
492 4144 527 4204 in
552 4143 722 4219 slavonia,
744 4144 905 4206 ecclesias

106 4259 190 4321 quas
218 4241 348 4304 habetis
374 4241 408 4302 in
432 4241 617 4313 alemania,
641 4241 800 4304 ecclesias
823 4257 905 4318 quas

108 4339 241 4401 bebetis
255 4338 291 4400 in
303 4339 446 4401 Francia
460 4340 494 4400 et
507 4338 666 4400 ecclesias
681 4354 763 4416 quas
775 4332 906 4400 habetis

108 4437 143 4498 in
159 4435 357 4498 lombardia
371 4436 449 4497 etin
464 4436 595 4508 Tuscia,
612 4435 811 4497 eteoclesias
824 4450 907 4512 quas

109 4533 239 4596 habetis
255 4533 290 4593 in
303 4533 434 4609 anglia,
451 4548 526 4594 cnm
542 4532 694 4594 omnibus
716 4532 907 4594 tenimentis

109 4633 142 4692 et
156 4629 585 4708 pertinentiisearumdem3
601 4631 819 4692 tenimentum
830 4645 909 4707 quo

1684 299 1744 361 510

947 451 1006 511 siis
1019 451 1117 512 motis
1127 452 1316 529 postipsum
1330 454 1524 526 Concilium,
1542 455 1755 540 auctoritato¹

946 547 1135 625 apostolica
1143 549 1387 622 confirmamus,
1401 553 1435 612 et
1442 553 1616 627 presentis
1623 554 1740 631 scripti

947 646 1131 724 patrocinio
1155 649 1406 709 communimus.
1431 652 1534 711 Porro
1554 650 1669 712 clerici
1684 666 1742 714 eo·

947 743 1126 805 clesiarum
1140 745 1326 806 vestrarum
1339 746 1495 818 chrisma,
1512 748 1622 820 oleum
1637 762 1740 811 sanc-

947 841 1028 913 tum,
1058 841 1285 903 ordinationes
1319 841 1528 916 clericorum,
1558 859 1741 908 consecra-

946 939 1054 1000 tiones
1076 939 1255 1011 altarium,
1281 938 1322 1001 ab
1355 941 1520 1018 episcopis
1544 943 1743 1004 dioecesanis
1851 1008 1854 1015 ,

948 1036 1123 1114 accipiant,
1136 1038 1165 1098 si
1183 1038 1292 1098 mmen
1308 1037 1464 1099 catholici
1479 1037 1602 1101 fuerint
1617 1042 1649 1101 et
1663 1055 1744 1116 gra·

947 1135 1029 1197 tiam
1043 1135 1142 1211 atque
1157 1135 1422 1196 communionem
1432 1137 1630 1212 apostolicae
1647 1137 1742 1198 Sedis

947 1231 1136 1304 habuerint,
1153 1246 1259 1309 eaque
1273 1231 1355 1309 ipsis
1372 1233 1476 1309 gratis
1491 1235 1524 1295 et
1537 1233 1611 1294 sine
1630 1235 1744 1310 grasl-

947 1330 1015 1391 tate
1029 1329 1197 1392 voluerint
1217 1329 1377 1391 exhibere
1392 1352 1399 1390 :
1417 1330 1567 1408 alioquin
1581 1330 1682 1393 liceat
1694 1331 1745 1392 eis

948 1442 1031 1504 quos
1058 1425 1237 1489 maluerint
1263 1427 1356 1488 adire
1378 1427 1561 1490 catholicos
1576 1429 1744 1490 antistites

948 1525 1138 1601 quinostra
1153 1522 1226 1585 fulti
1239 1525 1446 1596 auctoritate,
1456 1526 1541 1602 quod
1557 1524 1744 1602 postulatur

948 1622 1153 1697 indulgeant.
1167 1621 1260 1682 Nulli
1276 1624 1437 1698 praeterea
1455 1621 1594 1704 fratrum
1610 1622 1742 1684 vestro-

949 1735 1022 1779 rum
1038 1718 1147 1791 liceat,
1172 1721 1245 1795 post
1270 1719 1391 1782 iactam
1412 1720 1447 1780 in
1469 1721 1612 1781 ecclesia
1631 1722 1742 1782 vestra

949 1815 1199 1893 professionem,
1225 1818 1297 1877 sine
1318 1817 1516 1893 patriarcha
1540 1820 1598 1880 aut
1621 1818 1744 1894 prioris

949 1913 1001 1973 sni
1020 1912 1155 1974 licentia
1170 1912 1297 1991 abipsa
1313 1914 1502 1990 discedere;
1518 1914 1742 1976 discedentem

948 2026 1040 2083 vero,
1056 2013 1128 2073 sine
1141 2011 1368 2072 communium
1378 2011 1532 2073 cautione
1544 2012 1741 2083 litterarum,

949 2110 1061 2172 nullus
1082 2110 1203 2171 audeat
1221 2109 1377 2171 retinere.
1398 2110 1446 2170 Ad
1463 2109 1546 2182 haec,
1562 2109 1604 2170 ad
1625 2125 1743 2170 exem-

950 2208 1023 2285 plar
1035 2206 1142 2269 felicis
1158 2206 1325 2267 memoriae
1340 2206 1478 2268 Adriani
1495 2220 1590 2284 papae
1615 2205 1746 2284 praeda-

950 2305 1093 2367 cessoris
1108 2304 1224 2376 nostri,
1237 2303 1414 2364 statuimus
1426 2303 1743 2365 irteoclesiaevestrae

950 2402 986 2463 in
1014 2401 1132 2479 quibus
1154 2400 1255 2463 inerit
1279 2400 1493 2477 congregatio
1513 2400 1664 2474 fratrum,
1685 2415 1746 2478 pro

952 2499 1118 2561 communi
1141 2500 1308 2577 parochiae
1323 2498 1500 2561 interdicto
1522 2514 1589 2559 non
1602 2499 1744 2573 vacent3

952 2596 1008 2657 sed
1035 2596 1134 2659 liceat
1153 2611 1283 2674 semper
1311 2594 1468 2657 iratribus
1488 2594 1608 2657 vestris
1629 2595 1664 2656 in
1679 2593 1748 2655 eis-

952 2693 1026 2755 dem
1050 2693 1201 2755 ecclesiis
1226 2691 1525 2764 commorantibus,
1558 2707 1625 2753 non
1648 2691 1747 2753 tactis

951 2789 1196 2863 tintinnabulis,
1222 2790 1407 2852 interdictis
1426 2792 1459 2851 at
1473 2788 1747 2851 excommunica-

933 2868 995 2950 'us
1017 2888 1143 2965 ejectis,
1160 2887 1283 2948 clausis
1296 2887 1424 2965 januis,
1442 2889 1475 2948 at
1487 2885 1653 2947 submissa
1667 2900 1748 2946 voce

953 2984 1067 3047 divina
1081 2984 1191 3046 officia
1205 2984 1386 3046 celebrare.
1403 2985 1496 3046 Nulli
1510 2999 1590 3059 ergo
1610 2983 1748 3044 omnino

954 3082 1126 3144 hominum
1140 3082 1241 3144 liceat
1255 3082 1341 3143 hanc
1362 3082 1518 3159 paginam
1533 3082 1655 3142 nostrae
1671 3096 1751 3156 pro-

954 3179 1119 3252 tectionis,
1151 3177 1413 3241 confirmationis
1446 3179 1480 3240 et
1501 3176 1750 3239 constitutionis

955 3276 1149 3353 intringere,
1163 3276 1217 3338 vel
1232 3276 1264 3337 ei
1276 3292 1361 3337 ausu
1374 3275 1555 3338 temerario
1569 3273 1748 3334 contraire.

957 3374 992 3435 Si
1007 3375 1081 3451 quis
1095 3374 1206 3436 autem
1220 3373 1284 3434 hoc
1303 3373 1468 3435 attentare
1487 3371 1748 3449 praesumpserit,

956 3471 1220 3547 indignationem
1256 3470 1491 3546 omnipotentis
1516 3469 1576 3530 Dei
1602 3471 1636 3530 et
1662 3467 1751 3529 beati

957 3569 1047 3632 Petri
1061 3571 1094 3631 et
1109 3569 1206 3631 Pauli
1220 3569 1445 3646 apostolorum
1460 3569 1544 3644 ejus,
1567 3581 1604 3628 se
1618 3566 1751 3628 noverit

956 3666 1182 3727 incursurum.
1212 3666 1331 3727 Datum
1351 3664 1437 3742 apud
1449 3662 1569 3726 Urbem
1586 3666 1750 3734 Veterem,

957 3765 1032 3824 xlv
1053 3762 1205 3824 kalendis
1219 3760 1428 3839 septembris,
1443 3761 1653 3839 pontificatus
1673 3776 1754 3821 nos-

957 3861 1001 3921 tri
1027 3875 1115 3921 anno
1144 3860 1269 3937 quinto,
1296 3859 1352 3936 qui
1375 3858 1438 3921 init
1463 3873 1484 3920 a
1517 3859 1647 3919 Christo
1673 3858 1753 3920 nato

959 3958 1112 4019 uacui.

961 4206 1011 4265 Ad
1025 4204 1179 4265 abbatem
1189 4204 1222 4265 ct
1232 4203 1438 4265 conventum
1451 4202 1570 4263 Souclt
1580 4203 1755 4262 Michaelis

1155 4302 1380 4363 Virduueusts
1396 4302 1561 4362 dioeccats.

1226 4422 1262 4480 20
1276 4422 1391 4495 augusti
1407 4421 1486 4480 laio.

1014 4511 1133 4603 magoch,
1147 4537 1192 4589 lib.
1203 4537 1234 4596 V,
1242 4537 1315 4601 epist.
1326 4537 1367 4587 ii.
1380 4539 1437 4588 blas.
1447 4537 1483 4587 La
1495 4537 1570 4587 Porta
1580 4535 1614 4586 du
1623 4535 1704 4587 Theil.

1200 4622 1225 4667 et
1237 4617 1376 4682 Unumque,
1392 4618 1435 4675 iv.
1447 4616 1514 4680 biti]

110 4743 174 4805 que
200 4727 286 4804 quod
318 4726 448 4788 habetis
478 4727 566 4803 apud
594 4726 768 4799 Subeloth,
797 4727 908 4788 casale
963 4722 1076 4783 luhlbet
1098 4737 1136 4781 ne
1154 4722 1313 4781 monachos
1336 4723 1540 4783 cistercienses
1564 4722 1593 4778 in
1612 4728 1756 4793 postermn

111 4824 198 4902 quod
224 4824 352 4886 habetis
372 4824 459 4901 apud
477 4826 631 4901 cyprum,
648 4826 681 4886 et
701 4825 908 4886 teninentum
1098 4813 1127 4868 in
1142 4812 1269 4884 ib⁸⁰f¹¹¹1¹
1285 4811 1459 4868 ffl⁰ss³⁸²⁹l¹⁰
1470 4808 1629 4866 immim-

112 4922 200 5000 quod
216 4921 346 4983 habetis
365 4922 452 4998 apud
474 4921 644 4998 Tripolim,
658 4923 691 4982 et
705 4921 909 4983 teninentum
1004 4921 1184 4989 Honorius,
1195 4922 1270 4990 etc„
1284 4919 1413 4980 dilectis
1428 4917 1507 4978 tiliis
1520 4916 1631 4979 abbati
1640 4919 1673 4980 et
1683 4934 1759 4981 con·

111 5019 198 5098 quod
223 5018 352 5080 habetis
380 5019 610 5089 millenaria,
638 5035 712 5080 cum
744 5019 909 5081 universis
963 5019 1078 5081 ventui
1104 5017 1297 5079 monasterii
1313 5016 1425 5078 Sancti
1438 5015 1623 5089 Michaelis,
1637 5017 1760 5079 virdu-

111 5116 246 5178 illornm
262 5116 483 5192 pertinentiis,
494 5116 580 5178 sicut
592 5131 632 5178 ea
643 5117 755 5177 omnia
766 5118 855 5194 juste
870 5131 910 5178 ac
965 5132 1041 5178 nen.
1058 5116 1225 5177 dioecesis.

112 5214 250 5292 pacitlce
265 5213 460 5289 possidetis3
486 5229 600 5275 omnes
614 5213 751 5291 insuper
771 5213 910 5276 liberta-
1006 5216 1085 5274 Cum
1109 5212 1274 5289 regularis
1298 5210 1518 5274 observantiae
1547 5214 1668 5274 statum
1691 5226 1759 5273 non

111 5315 172 5384 tes,
189 5311 416 5373 immunitates
428 5312 461 5373 et
470 5313 547 5388 jura
563 5326 635 5387 quae
651 5326 709 5372 ros
730 5324 789 5373 sen
800 5312 910 5373 eccle·
966 5311 1092 5383 deceat,
1109 5312 1146 5371 ut
1159 5307 1206 5382 hi,
1223 5309 1279 5386 qni
1292 5309 1449 5386 religioni
1463 5310 1564 5371 alicui
1582 5309 1761 5386 professio·

112 5410 172 5471 siaa
213 5410 334 5470 restrae
370 5407 559 5470 obtinuistis
595 5423 654 5485 per
691 5407 910 5486 quadraginta
966 5409 1018 5471 nis
1029 5407 1163 5470 vinculo
1175 5422 1211 5469 se
1223 5407 1423 5484 astringunt,
1439 5408 1480 5469 ad
1502 5407 1651 5483 regulam
1667 5410 1763 5469 tran-

111 5522 232 5577 annos,
263 5505 340 5566 ante
368 5506 551 5567 concilium
580 5506 738 5581 generale
758 5505 852 5568 vobis
879 5508 912 5570 et
965 5505 1760 5581 seantlaxiorem,vobisauctoritatepraesentium

112 5601 267 5665 ecclesiis
283 5601 376 5677 ipsis,
395 5617 461 5663 non
476 5601 699 5678 obstantibns;
716 5603 911 5663 controver-
967 5602 1165 5674 inhibemus,
1197 5619 1237 5664 ne
1264 5604 1305 5664 da
1330 5605 1450 5665 caetero
1470 5602 1545 5662 illos
1565 5603 1621 5679 qui
1637 5602 1761 5664 Cister-
