3774 6186
114 320 179 381 643
738 258 913 377 nenonli
936 316 980 377 111
1001 316 1150 376 OPERA.
1699 318 1756 377 aas

117 478 150 539 et
164 476 288 538 debiles
301 475 529 537 submittentes
544 490 603 553 per
616 475 804 552 hujusmodi
816 475 910 535 sran-
963 474 1184 550 providentes
1197 475 1416 550 parochianos
1428 491 1504 535 suos
1522 472 1670 537 fideliter
1685 490 1757 534 mo-

117 574 190 635 dern
208 590 228 635 a
249 573 505 650 poenitentiariis
529 573 663 643 uostris,
692 571 909 634 absolutionis
965 573 1075 637 neant.
1088 573 1120 632 et
1133 572 1311 648 prudenter
1323 562 1489 643 inducant,
1506 574 1541 632 ut
1553 569 1596 631 ad
1608 571 1756 631 vestram

117 672 169 732 vei
185 670 355 731 dilationis
370 670 499 731 litteras
512 670 736 745 reportarunt.
749 669 908 731 Nonnulli
966 668 1234 744 praedicationem
1243 670 1450 739 conveniant,
1465 666 1636 729 etanobis
1648 668 1758 727 humi-

111 767 217 841 ¹etiam
234 767 275 829 ab
291 768 343 839 iis,
361 767 480 844 quibus
496 766 736 828 ahsolutionem
759 766 909 827 crucesi·
965 765 1041 827 liter
1062 766 1198 826 audiant
1213 765 1347 826 verbam
1367 766 1485 827 crucis.
1511 767 1633 825 Datum
1658 766 1756 825 Late-

117 866 292 943 gnatorum
315 864 550 936 commisimus,
576 863 629 925 vel
652 866 728 925 sunt
752 879 810 940 per
835 863 911 923 salsi
964 864 1050 933 rani,
1066 863 1192 924 decimo
1206 879 1292 924 norro
1304 863 1371 923 kal.
1387 863 1478 933 lebn,
1496 878 1587 922 anno
1603 863 1731 936 quinto.

118 962 362 1039 suggestionem
378 961 520 1023 absoluti
536 978 554 1022 a
570 962 657 1031 voto,
674 960 727 1022 vel
743 959 911 1021 dilationis
1006 963 1213 1021 loercovocm
1225 964 1359 1021 ιιιοιιιιιιι
1371 961 1592 1037 scriptumest
1603 963 1641 1020 Τ.
1654 959 1758 1019 archi·

119 1059 324 1121 commodum
341 1059 569 1135 impetrarunt,
587 1058 621 1118 in
640 1074 779 1135 qnorum
800 1057 913 1134 perni—
966 1054 1105 1117 diacono
1121 1060 1285 1133 Bajocen.,
1296 1060 1328 1119 et
1343 1060 1382 1118 Η.
1397 1058 1656 1132 Rothomagen„
1673 1058 1705 1116 et
1722 1059 1754 1116 o.

119 1156 245 1218 ciosum
266 1157 453 1233 exemplum
469 1156 563 1217 multi
579 1157 729 1232 potentes
744 1156 776 1216 et
793 1155 912 1215 divites
967 1154 1145 1214 Lexovien.
1158 1155 1336 1214 canonicis.

118 1269 237 1315 causas
257 1253 450 1315 remanendi
474 1255 672 1330 quaerentes,
698 1253 752 1313 vel
779 1253 913 1328 propter

118 1350 182 1413 boc
193 1351 233 1413 ad
243 1351 361 1413 sedem
371 1351 592 1426 apostoticam
602 1349 798 1410 accedentes
809 1351 914 1409 trans·
1250 1321 1468 1408 CLXXXVI

118 1448 262 1511 fretandi
299 1448 500 1509 desiderium
534 1447 666 1524 penitus
705 1446 911 1519 amiserunt;
1007 1457 1348 1529 Anarenteplgeopop
1372 1457 1559 1528 episcopos,
1582 1458 1662 1524 etc„
1680 1457 1722 1516 aa

120 1547 200 1624 quin
222 1546 288 1605 imo
304 1543 536 1621 praedictorum
555 1543 731 1605 occasione
746 1543 835 1603 circa
850 1558 913 1603 ne·
1081 1566 1163 1624 quos
1177 1552 1302 1612 litterae
1317 1551 1393 1610 tstoe
1404 1550 1649 1622 pervenerint.
1677 1556 1680 1561 ·

119 1643 245 1720 gotium
259 1642 373 1702 Crucis
388 1641 566 1702 multorum
582 1640 713 1702 devotio
720 1643 789 1716 jam
804 1641 916 1716 tepes·
1262 1663 1296 1720 ‚5
1307 1662 1367 1736 jan,
1383 1663 1460 1720 iiii.

120 1741 175 1812 cit,
199 1739 383 1817 praesertim
408 1755 482 1799 cum
506 1737 728 1813 crucesignati
748 1737 914 1798 communi
1027 1769 1277 1834 [seminaturus
1289 1770 1344 1819 orn.
1357 1767 1604 1832 nieuton.‚p.asa,
1617 1767 1716 1834 nero]

118 1836 263 1948 ⁸¹i⁰s¹¹¹f¹
276 1837 349 1949 Ῑθβθ
360 1836 554 1901 tractentur·
571 1850 632 1896 ¹¹⁰⁰
642 1833 861 1944 d‚⁰‚sf³¹¹d³¹¹t¹¹¹'
873 1833 914 1943 ,ab
969 1871 1171 1941 interpretatur
1184 1868 1413 1924 constitutionem
1425 1866 1637 1938 ,ipostoiicam
1651 1876 1681 1923 ιιι
1694 1865 1756 1923 ordi

120 1935 269 1997 E⁰⁰¹⁰⁸¹³
296 1933 395 2010 111113
420 1933 544 1994 statuta
569 1931 709 1992 00¹¹⁰¹¹¹¹
733 1930 913 2007 generans,
1005 1959 1049 2013 nis
1060 1956 1227 2014 Tbeutonici
1252 1955 1363 2013 novalia
1378 1963 1406 2012 et
1421 1956 1485 2011 aliae
1500 1961 1600 2022 terra,
1622 1969 1693 2027 quos
1708 1954 1755 2012 ira·

121 2034 155 2095 θῐ
175 2031 234 2093 alii
254 2031 311 2107 qui
331 2046 405 2093 011111
428 2044 548 2104 magno
570 2028 685 2090 lahOPO
712 2029 747 2088 111
776 2027 915 2089 lesbum
1004 2052 1062 2101 tres
1083 2046 1203 2118 propriis
1218 2044 1348 2101 manibus
1369 2050 1417 2099 aut
1434 2041 1602 2115 sumptibus
1626 2042 1756 2111 excolant,

121 2130 324 2192 conveniunt
350 2128 385 2188 ut
408 2126 546 2186 audiant
568 2125 705 2186 verbum
732 2125 852 2197 crucis,
874 2124 915 2184 de
1004 2148 1055 2189 seu
1074 2133 1238 2190 animalium
1252 2133 1315 2204 eius
1328 2132 1500 2189 nutrivnenta
1516 2131 1758 2188 minimedecinio

120 2227 280 2304 injunctis
294 2224 357 2285 sibi
372 2224 576 2300 poenitentiis
588 2223 828 2299 indulgentiam
847 2220 914 2281 ali·
1005 2229 1169 2278 onerentur.
1187 2221 1271 2279 lubet
1285 2221 1332 2291 qui
1346 2221 1487 2276 violentas
1503 2233 1613 2276 manus
1627 2221 1656 2276 in
1667 2219 1757 2276 trane

73 2356 78 2361 -
121 2340 220 2402 quam
241 2338 308 2383 non
329 2320 509 2397 reportent.
533 2320 582 2380 Ad
606 2320 679 2381 baec
703 2334 803 2395 super
825 2318 915 2379 aliud
1006 2309 1403 2382 11111111111110111111111111111·

121 2420 393 2497 impedimentum
409 2417 546 2489 accedit,
564 2417 649 2494 quod
665 2415 849 2493 presbyteri
864 2415 916 2476 vel
1010 2417 1175 2478 Honorius
1185 2418 1370 2495 episcopus,
1382 2432 1500 2477 servos
1510 2431 1690 2477 servorum
1697 2417 1756 2487 liei,

122 2518 240 2580 decani
265 2517 300 2577 in
315 2514 527 2577 convocando
551 2513 719 2590 populum,
736 2512 788 2572 vel
814 2526 915 2573 exse·
972 2514 1216 2576 venerabilibus
1251 2513 1409 2575 iratribus
1434 2513 1703 2589 archiepiscopis
1729 2516 1757 2577 et

124 2614 254 2693 quendo
269 2612 459 2673 mandatum
471 2610 707 2687 apostolicum,
720 2625 778 2685 pro
789 2624 828 2670 eo
840 2609 918 2669 ino-
969 2613 1134 2688 episcopis
1145 2614 1176 2673 et
1197 2612 1326 2672 dilectis
1342 2610 1420 2670 filiis
1435 2609 1628 2681 abbatibus,
1646 2611 1757 2688 priori-

125 2711 294 2772 bedientes
320 2709 372 2770 vei
399 2707 605 2783 negligentes
630 2706 794 2777 existunt,
830 2704 916 2782 qnod
970 2708 1042 2779 bus,
1059 2707 1313 2779 archidiaconis,
1343 2706 1479 2767 decanis
1509 2708 1544 2767 et
1562 2707 1643 2767 aliis
1658 2707 1756 2769 eccle·

126 2807 301 2869 coercendi
314 2805 446 2867 eosdem
463 2804 588 2863 nullam
605 2803 790 2878 accepistis,
807 2803 843 2863 ut
857 2818 915 2861 as·
971 2806 1095 2866 siarum
1109 2805 1267 2881 praelatis,
1287 2803 1328 2864 ad
1344 2820 1426 2880 quos
1451 2803 1575 2864 litterae
1599 2805 1673 2865 istae
1694 2819 1758 2881 per·

127 2905 251 2974 serunt,
265 2902 470 2978 potestatem,
485 2900 599 2976 sicque
610 2900 777 2975 negotium
795 2899 915 2969 crucis,
971 2903 1133 2974 venerint,
1161 2901 1302 2962 salutem
1323 2905 1357 2962 et
1370 2901 1593 2977 apostolicam
1609 2901 1755 2963 benedic·

127 2995 918 3077 qnoddolentesreierirnus,multipliciterimpe-
970 3000 1107 3060 tionem.

128 3097 227 3159 ditur.
242 3095 424 3170 Nosigitur
438 3093 479 3155 de
491 3096 610 3154 vestrae
624 3092 832 3154 rectitudinis
846 3092 917 3153 zelo
1010 3096 1204 3156 Audivimus
1232 3095 1265 3156 et
1289 3095 1464 3155 audientes
1494 3095 1611 3158 mirati
1645 3111 1754 3166 sumus,

127 3194 279 3271 gerentes
314 3191 469 3253 fiduciam
503 3190 696 3267 pleniorem,
724 3190 918 3251 discretioni
972 3191 1070 3269 quod,
1087 3208 1160 3252 com
1176 3191 1305 3253 dilectis
1317 3191 1395 3251 tiliis
1410 3190 1575 3252 iratribus
1587 3193 1754 3270 Hospitalis

126 3293 247 3354 vestrae
271 3304 330 3366 per
352 3288 539 3364 Apostolioa
563 3287 686 3363 scripta
710 3286 917 3354 mandamus,
973 3291 1102 3351 Sanctae
1123 3289 1237 3349 Mariae
1265 3288 1550 3350 ibeutonicorum
1574 3289 1755 3366 Hierosoly·

129 3391 302 3465 quatenus,
323 3401 424 3460 quum
440 3383 588 3444 laborem
609 3386 696 3444 Deus
717 3385 916 3453 remuneret,
972 3386 1088 3447 mitani
1109 3385 1301 3446 duxerimus
1324 3385 1580 3459 indulgendum,
1598 3387 1637 3447 ut
1659 3386 1696 3448 de
1714 3387 1756 3447 ie·

130 3501 196 3545 non
224 3482 415 3560 proiectum,
443 3481 625 3554 injunctum
653 3479 747 3541 vobis
773 3479 917 3540 osticium
972 3483 1118 3553 boribus,
1143 3499 1227 3559 quos
1242 3483 1386 3558 propriis
1410 3482 1755 3560 manibusautsump·

131 3576 462 3655 exsequentes,jnxta
471 3576 617 3652 priorum
625 3575 920 3637 continentiamlit·
972 3580 1060 3640 tibus
1084 3579 1250 3648 excolunt,
1268 3579 1394 3639 nemini
1406 3578 1557 3640 decimas
1574 3580 1754 3641 solverete-

130 3680 288 3745 terarum,
305 3674 392 3745 ilios,
408 3673 465 3749 qui
480 3687 580 3749 quum
593 3672 660 3733 sint
673 3673 769 3733 utiles
782 3688 921 3733 succ-ur·
974 3678 1127 3748 reantur,
1141 3675 1275 3752 quidam
1295 3674 1399 3736 abeis
1414 3675 1638 3737 nibilominus
1653 3678 1753 3738 contra

132 3773 184 3833 sui
198 3774 309 3831 Terroe
319 3771 459 3839 Sanctae,
474 3783 635 3843 suumque
646 3769 798 3845 prosequi
809 3773 919 3830 votum
975 3774 1221 3835 concessionem
1244 3773 1391 3833 nostram
1414 3772 1565 3833 decimas
1580 3774 1754 3851 exigerem

131 3869 269 3946 possint,
289 3882 348 3943 per
373 3865 560 3942 hujusmodi
582 3865 715 3926 fraudes
736 3865 920 3928 absolutio·
974 3874 1173 3947 extorquere
1185 3870 1401 3946 praesumunt,
1413 3870 1447 3931 et
1459 3885 1566 3945 prava
1582 3887 1624 3932 ao
1635 3871 1754 3932 sinistra

131 3982 219 4037 nem,
239 3963 292 4026 vei
315 3963 467 4024 inducias
491 3963 718 4038 impetrarunt,
749 3967 786 4025 ut
812 3965 921 4025 crucis
976 3968 1249 4043 interpretatione
1289 3967 1544 4043 privilegiorum
1582 3972 1753 4029 nostrornm

131 4061 302 4139 signaculo
320 4062 528 4137 reassumpto
547 4077 652 4137 usque
671 4061 712 4121 ad
736 4062 921 4137 proximum
975 4064 1416 4141 capitulumpervertentes,
1427 4067 1588 4127 asserunt
1597 4066 1638 4128 de
1648 4064 1754 4126 novali·

133 4175 279 4222 mensem
291 4159 422 4234 augusti
436 4160 548 4220 votum
560 4160 804 4235 prosequentur
817 4159 919 4219 emis·
975 4163 1036 4223 bus
1047 4160 1167 4221 debere
1180 4160 1333 4234 intelligi,
1347 4160 1404 4220 ubi
1417 4161 1458 4220 de
1471 4160 1645 4222 laboribus
1660 4159 1754 4223 nosci·

132 4273 217 4328 sum,
229 4257 409 4319 monitione
424 4257 605 4333 praemissa,
615 4272 674 4331 per
686 4271 861 4317 censuram
872 4272 923 4318 ec·
974 4263 1030 4322 tur
1056 4274 1131 4319 esse
1151 4258 1322 4333 scriptum.
1336 4258 1500 4328 Quoniam
1528 4259 1635 4334 igitur
1655 4258 1753 4319 mani·

11 4412 14 4417 .
132 4355 365 4423 ciesiasticam,
379 4354 602 4430 appellatione
619 4355 812 4429 postposita,
830 4370 923 4415 oom-
975 4355 1094 4415 festum
1114 4350 1342 4421 estomnibus,
1362 4352 1420 4427 qui
1437 4354 1529 4412 recte
1557 4350 1755 4429 sapiuntin·

132 4450 280 4528 pellatis,
308 4451 555 4526 crucesignatos
585 4451 803 4511 nibilominus
823 4453 922 4528 juxta
976 4449 1245 4526 terpretationem
1253 4447 1443 4525 hujusmodi
1454 4448 1756 4523 perversamesseet

133 4551 255 4611 statuta
281 4549 361 4610 dicti
381 4547 520 4608 Conciiii
541 4546 760 4618 defendendo,
784 4564 823 4609 ac
846 4564 921 4609 con·
976 4547 1160 4610 intellectui
1175 4562 1257 4606 sano
1269 4545 1485 4616 contrariam,
1503 4561 1581 4607 cum
1592 4545 1756 4607 secundun

132 4646 278 4708 cedendo
298 4646 376 4717 iliis,
397 4645 455 4721 qui
477 4644 518 4704 ad
542 4645 687 4705 vestram
714 4645 923 4721 praenioano-
975 4645 1155 4722 capitulum
1169 4642 1280 4704 iiluda
1301 4642 1466 4703 solutione
1483 4641 1689 4704 decimarum
1702 4644 1757 4702 lam

131 4759 209 4804 nem
222 4743 436 4806 convenerint
450 4741 620 4802 humiliter
632 4745 665 4801 et
679 4740 807 4812 devote,
830 4742 922 4803 iilam
976 4744 1017 4805 de
1042 4743 1143 4803 terris
1163 4742 1244 4813 iilis,
1272 4739 1525 4816 quasduxerint
1539 4740 1594 4801 rel
1608 4736 1757 4801 deducunt

132 4856 206 4903 oum
222 4841 381 4905 modestia
399 4842 523 4901 tantum
537 4838 779 4914 indulgentiam
800 4854 921 4914 pecca-
976 4841 1019 4903 ad
1031 4840 1166 4909 cultum,
1179 4854 1278 4915 quam
1288 4838 1328 4898 de
1338 4837 1437 4899 terris
1447 4838 1549 4897 etiam
1563 4837 1674 4909 cultis,
1689 4848 1757 4913 quas

131 4940 251 5010 torum,
271 4954 368 5016 quam
392 4936 543 4999 videritis
560 4936 729 5013 expedire,
747 4937 794 4996 ita
812 4937 922 4999 tamen
977 4939 1121 5016 propriis
1141 4935 1296 4997 manibus
1323 4934 1375 4995 vel
1392 4933 1581 5009 sumptibus
1603 4932 1757 5001 excolunt,

134 5035 220 5110 quod
235 5035 439 5111 indulgentia
453 5035 527 5111 ipsa
541 5033 661 5108 viginti
673 5032 801 5093 dierum
811 5049 925 5095 nume-
976 5035 1073 5096 liberi
1096 5034 1163 5095 sint
1187 5032 1319 5108 penitus
1347 5032 1381 5092 et
1405 5029 1588 5102 immunes,
1618 5047 1661 5092 ne
1683 5028 1758 5091 ulios

133 5148 206 5197 rum
229 5148 294 5194 non
309 5131 459 5192 excedat.
481 5133 551 5192 Nos
566 5131 655 5191 enim
680 5130 924 5192 venerabilibus
977 5135 1092 5195 oontm
1114 5147 1171 5192 eos
1197 5129 1371 5189 materiam
1393 5126 1539 5189 babebat
1553 5124 1756 5204 malignandi.

133 5228 290 5291 iratribus
309 5229 468 5290 nostris...
496 5228 747 5305 archiepiscopo
773 5231 922 5299 nomen„
979 5228 1188 5290 universitati
1217 5228 1338 5287 vestrae
1353 5241 1414 5300 per
1435 5224 1630 5300 apostolica
1650 5224 1758 5300 scripta

133 5331 166 5390 et
184 5327 404 5405 suffraganeis
425 5329 508 5404 ejus,
538 5342 579 5388 ao
605 5326 683 5387 aliIs
707 5325 924 5388 ecclesiarum
978 5327 1173 5388 mandamus
1207 5325 1306 5402 atque
1343 5322 1568 5399 praeoipimus,
1610 5325 1760 5401 qnatenus

133 5428 279 5502 praelatis
290 5427 493 5503 peritomen.
507 5424 712 5500 provinciam
724 5423 922 5494 constitutis,
979 5423 1131 5486 omnibus
1173 5420 1387 5500 parochianis
1418 5420 1541 5483 vestris
1575 5418 1762 5483 auctoriate

133 5525 255 5587 nosbis
269 5524 386 5586 damus
404 5521 526 5583 litteris
547 5521 583 5581 in
603 5520 780 5590 mandatis.
807 5522 842 5581 ut
866 5536 926 5581 vos
979 5520 1166 5597 apostolica
1179 5517 1356 5596 probibere
1368 5516 1503 5586 curetis,
1519 5532 1563 5577 ne
1578 5533 1599 5578 a
1613 5528 1762 5579 memora·

134 5621 332 5697 recipientes
343 5619 497 5693 benigne,
514 5632 553 5679 ac
567 5616 662 5690 vobis
676 5618 711 5679 in
726 5617 924 5679 necessariis
979 5618 1021 5678 tis
1037 5616 1194 5678 tratribus
1207 5616 1247 5677 de
1264 5612 1440 5675 novalibus
1455 5613 1507 5675 vei
1519 5613 1561 5673 de
1576 5614 1655 5675 aliis
1662 5614 1761 5681 terris,
