3774 6186
587 372 817 433 EPISTOLAE.
841 372 919 433 LIB.
944 372 980 433 V.
1059 405 1066 417 ·
1551 372 1611 434 522

309 541 417 628 XLII

87 691 218 755 bertum
233 696 383 768 arcam.
401 694 746 770 Mopdeturaeosem.

266 815 370 888 tsept.
386 814 465 872 lato.

87 918 734 986 stodesdiplomsixoutareun,ussum]

87 1056 102 1084 .‚
126 1020 262 1076 comitem
285 1018 426 1087 Ascania,
447 1020 725 1075 excommunicatum

213 1107 379 1164 solemniter
394 1107 513 1164 nuntiet.

87 1215 357 1291 sriusepiscopus
371 1230 490 1277 servus
506 1229 677 1277 servorum
689 1215 758 1286 Ilei,

87 1311 213 1373 bilibus
229 1312 387 1374 tratribus
400 1311 652 1391 archiepiscopo
667 1314 762 1387 Mag-

86 1410 165 1480 :ensi
191 1410 224 1471 et
254 1409 476 1484 suffraganeis
498 1412 582 1486 ejus,
608 1408 759 1471 salutem.

87 1507 157 1569 tuas
173 1506 269 1566 nobis
293 1506 434 1578 litteras,
456 1506 559 1568 irater
572 1505 760 1582 archiepis-

92 1604 273 1676 intimasti,
306 1603 392 1680 quod
407 1619 507 1680 quum
522 1603 656 1681 quidam
671 1618 763 1664 com-

87 1701 132 1762 les
146 1700 269 1763 nobilis
293 1701 354 1762 uiri
371 1703 422 1774 IL,
449 1700 581 1762 comitis
597 1701 759 1772 Ascauiae,

88 1813 127 1858 ns
154 1797 311 1860 dilectum
333 1798 475 1858 illium...
490 1796 642 1858 abbatem
658 1798 763 1859 Nien-

87 1910 176 1964 isam,
197 1895 322 1955 nnllam
336 1909 395 1970 pro
408 1910 444 1955 se
465 1909 599 1954 causam
616 1894 763 1954 inimici-

87 1990 763 2063 .babentes‚eumdemabbatemorbassent

87 2105 94 2149 t
118 2088 288 2150 oculorum
313 2091 345 2151 et
363 2089 465 2165 impie
491 2089 712 2159 mutilassent,
726 2091 762 2150 tu

87 2185 331 2260 assumptiones
344 2184 559 2245 validissImae
572 2199 611 2244 ac
626 2183 764 2245 nullate·

87 2280 236 2343 .lliabiles
249 2280 477 2353 ostendebant,
490 2281 522 2341 id
539 2280 659 2342 Iactum
688 2296 764 2341 esse

87 2381 115 2440 st
142 2378 297 2440 mandato
329 2378 461 2440 comitis
497 2378 683 2450 memorati,
707 2378 763 2455 qui

87 2492 176 2537 ‚cum
190 2476 309 2537 abbate
321 2477 394 2552 ipso
409 2475 533 2536 babere
557 2474 764 2550 dignoscitur

88 2589 181 2644 ones,
194 2574 234 2635 de
246 2572 423 2635 multorum
438 2571 763 2650 episcoporumalio-

87 2671 764 2747 econsili0‚praelatumcomitemetomnes

87 2768 239 2830 iocinoris
255 2767 464 2833 consiliarios
477 2768 510 2829 et
523 2768 676 2829 auctores
704 2782 765 2828 ex·

87 2867 230 2929 sulcatos
241 2864 550 2942 publiceuuntiasti.
562 2865 655 2926 Licet
665 2864 766 2940 igitur

94 2963 174 3026 dicti
196 2963 338 3035 comitis,
355 2962 411 3039 qui
426 2978 486 3039 pro
503 2977 554 3032 eo,
581 2961 666 3038 quod
693 2963 765 3038 eius

87 3062 201 3124 ionem
227 3061 376 3137 recipere
405 3058 580 3130 renuebas,
619 3060 765 3120 nostram

87 3160 175 3221 itiam
197 3159 461 3236 appellaverant,
482 3158 590 3233 ipsum
612 3156 765 3217 comitem

87 3255 147 3318 boc
160 3255 405 3318 constituerint
417 3270 529 3316 coram
544 3253 640 3316 nobis
653 3253 768 3315 multi·

87 3369 103 3416 r
117 3369 290 3425 excusare,
306 3353 385 3431 quia
400 3355 512 3414 tamen
525 3352 664 3415 conatus
679 3351 767 3413 inei-

87 3452 183 3513 utilit
197 3450 401 3520 eorumdem,
412 3465 472 3511 nos
490 3450 598 3510 ratum
607 3447 767 3511 babentes

87 3548 291 3624 nbacparto
313 3546 432 3619 fecisti,
457 3546 668 3608 universitati
692 3562 768 3608 ves-

87 3643 309 3719 rilpostolica
321 3642 444 3718 scripta
463 3639 668 3711 mandamus,
681 3656 765 3718 qua-

87 3740 227 3802 mmdem
242 3739 394 3801 comitem
408 3739 441 3799 et
455 3737 539 3800 alios
551 3738 764 3814 praenotatos,

87 3838 168 3915 iper
178 3838 329 3899 civitates
342 3840 374 3898 et
394 3835 554 3897 dioeceses
577 3835 704 3895 vestras
727 3848 766 3894 ac

87 3951 138 4007 ca,
154 3935 189 3995 in
203 3934 321 4012 quibus
335 3933 493 3995 videretis
501 3931 670 4008 expedire,
686 3946 767 3992 can·

87 4033 219 4094 ocensis
232 4036 266 4095 et
280 4031 421 4109 pulsatis
429 4030 611 4107 campanis,
625 4027 766 4105 singulis

87 4168 89 4186 .
111 4130 325 4192 dominiciset
337 4128 477 4199 festivis,
490 4125 766 4189 excommnuica-

87 4229 226 4291 emniter
241 4227 400 4289 nuntietis
415 4227 448 4287 et
462 4224 593 4286 faciatis
610 4221 765 4300 usquead

89 4326 232 4390 ctionem
261 4324 458 4400 condignam
485 4322 609 4384 arctius
633 4320 764 4383 evitari.

87 4424 185 4500 apud
199 4422 321 4486 Urbem
334 4423 499 4492 Veterem,
513 4422 559 4482 lli
568 4434 674 4480 nonas
684 4432 765 4496 sep-

87 4537 119 4592 is,
137 4536 225 4582 anno
238 4521 365 4597 quinto.

303 4680 431 4767 XLIII

87 4836 234 4898 botestte
262 4835 504 4903 Watceeured,
521 4834 562 4892 de
584 4832 767 4891 Wotttotde-

87 4934 144 4995 ret
155 4934 196 4993 de
213 4933 341 5005 Loptde
357 4930 476 4992 Sortctt
491 4928 667 4991 Mtctoetis
687 4927 766 4986 Mo·

87 5031 149 5092 ttnt
167 5031 200 5090 et
214 5029 518 5090 Hotberstcdeusts
539 5028 734 5086 cirecesum.

238 5152 395 5223 tscptem.
420 5148 499 5206 l220.

87 5266 260 5331 wurdtwsin,
275 5266 346 5316 Nova
359 5263 484 5320 SubsidIs.
495 5268 515 5313 t.
529 5261 572 5321 IV,
587 5261 652 5328 lll.]

101 5374 132 5425 nt
147 5366 290 5439 inquirant
305 5362 448 5437 quomodo
458 5361 571 5420 litteras
595 5359 682 5417 taleas
702 5373 767 5416 con·

87 5455 204 5523 thalem,
214 5454 354 5511 malitiose
366 5448 523 5520 conlectos,
539 5449 664 5507 munitas
679 5446 766 5505 luisse

87 5561 102 5602 o
120 5543 296 5603 monosterii.

87 5669 364 5746 oriusepiscopus
376 5654 679 5745 servns'sprvornm
693 5661 763 5731 Dei,

815 529 856 592 de
871 531 1129 594 Walclienred...
1146 532 1186 594 de
1213 532 1471 595 Wolliolderode
1483 534 1552 594 et...
1569 530 1610 592 de

815 629 939 706 Lepide
955 631 988 690 S.
1007 629 1181 691 Michaelis
1196 631 1385 707 moguntet
1399 629 1606 692 llalberstad.

815 726 911 788 dimo.
927 724 1113 799 abbatibus,
1136 727 1288 799 salutem,
1313 730 1376 790 otc.

855 825 904 884 Ex
919 826 1013 901 parte
1036 824 1232 886 dilectorum
1258 824 1402 886 illiorum
1427 826 1609 888 conventus

817 919 1358 996 NIeuburgensisnobisestoblata
1367 922 1514 999 querela,
1523 921 1609 999 quod

816 1017 1065 1078 G...1nmelden.
1076 1018 1273 1095 praepositus
1286 1018 1501 1099 Magdeburg.
1510 1019 1607 1080 dimo.

816 1114 899 1175 dnos
916 1115 1096 1177 monachos
1109 1115 1162 1176 sui
1176 1116 1382 1182 monasterii,
1391 1132 1451 1192 per
1461 1115 1608 1177 circum-

817 1211 984 1274 ventionis
1005 1213 1174 1283 astutiam,
1199 1213 1287 1274 adid
1311 1211 1540 1275 fraudulenter
1552 1213 1608 1274 in-

817 1309 922 1381 duxit,
932 1310 1018 1386 quod
1033 1309 1178 1385 sigillum
1194 1310 1325 1385 praelati
1341 1310 1534 1373 monasterii
1545 1311 1609 1371 sibi

817 1407 967 1468 clanculo
989 1410 1235 1479 concesserunt,
1258 1424 1334 1470 cum
1357 1424 1424 1486 quo
1447 1408 1607 1486 quasdam

817 1503 1065 1576 lalsaslitteras,
1074 1505 1206 1566 nomine
1219 1505 1299 1567 dicti
1313 1506 1508 1578 conventus,
1524 1522 1607 1568 con-

817 1603 868 1664 tra
894 1602 1043 1679 ipsorum
1071 1601 1225 1664 abbatem
1250 1603 1416 1667 malitiose
1443 1603 1610 1666 coniectas

818 1699 968 1776 sigillare
982 1700 1210 1776 praesumpsit3
1226 1703 1361 1777 propter
1376 1700 1462 1778 quod
1476 1716 1613 1764 venera·

818 1795 893 1857 bilis
908 1796 1137 1859 fraternoster
1158 1798 1453 1874 magdeburgensis
1476 1799 1610 1861 archie-

818 1894 982 1971 piscopus,
1000 1894 1210 1957 dioecesanus
1234 1895 1310 1965 loci,
1340 1897 1614 1957 excommunica·

819 1991 918 2053 tionis
939 1992 1137 2053 sententiam
1162 1992 1197 2052 iu
1216 2008 1331 2053 omnes
1354 1993 1452 2070 hujus
1472 1993 1609 2055 malitiae

818 2087 1612 2168 consolospromulgavit.Quareconventnsprae-

819 2184 1609 2264 dictusnobisbumilitersnpplicavitutpraelatis

819 2283 1001 2353 monacbis,
1018 2283 1097 2344 dicti
1114 2283 1281 2360 praepositi
1298 2284 1480 2347 calliditate
1496 2284 1610 2362 decep

818 2381 873 2452 tis,
889 2379 1049 2442 facientes
1072 2379 1270 2442 beneficium
1300 2380 1520 2444 absolutIonis
1543 2383 1612 2443 im-

819 2477 929 2555 pendi,
954 2477 1062 2539 eidem
1097 2479 1275 2555 preposito
1309 2478 1443 2555 dignam
1479 2495 1610 2557 poenam

819 2575 973 2651 infligere
991 2574 1216 2650 dignaremur.
1234 2575 1396 2648 Quocirca
1416 2576 1610 2639 discretioni

819 2674 939 2735 vestras
966 2687 1026 2748 per
1052 2672 1242 2749 Apostolica
1259 2674 1382 2750 scripta
1404 2674 1611 2747 mandamus,

820 2772 983 2846 quatenus
1009 2769 1147 2840 vocatis,
1162 2770 1218 2846 qui
1244 2769 1368 2833 luerint
1389 2773 1563 2845 evocandi,
1579 2775 1613 2835 et

819 2867 978 2944 inpunita
998 2883 1098 2943 super
1123 2867 1177 2929 bis
1199 2867 1392 2944 diligentius
1416 2869 1570 2943 veritate,
1583 2871 1613 2932 si

820 2963 913 3026 vobis
928 2964 1114 3025 constiterit
1128 2979 1199 3026 rem
1207 2965 1320 3026 taliter
1326 2980 1363 3027 se
1371 2965 1614 3039 babere‚dictos

821 3060 1001 3122 monachos
1029 3060 1205 3121 mittendos
1236 3061 1277 3121 ad
1309 3061 1484 3138 praelatum
1499 3063 1613 3124 archi-

822 3159 1012 3236 episcopum
1047 3156 1286 3231 absolvendos,
1317 3158 1405 3221 dicto
1438 3160 1616 3237 praeposito

822 3272 951 3333 poenam
985 3255 1191 3328 canonicam,
1225 3256 1355 3318 sublato
1379 3257 1613 3335 appellationis

821 3351 1003 3424 obstaculo,
1014 3352 1185 3430 infligatis.
1196 3353 1287 3426 Quod
1301 3354 1330 3414 si
1345 3369 1412 3416 non
1421 3369 1537 3417 omnes
1549 3359 1612 3417 etc.

822 3454 941 3514 Datum
955 3451 1041 3529 apud
1060 3450 1180 3512 Urbem
1189 3451 1345 3523 veterem,
1363 3453 1409 3514 111
1421 3468 1527 3515 nonas
1543 3468 1616 3531 sep·

821 3549 969 3622 tembris,
983 3548 1197 3626 pontificatus
1207 3549 1314 3613 nostri
1326 3565 1414 3613 anno
1425 3549 1552 3628 quinto.

1158 3681 1282 3771 XLIV

1112 3818 1163 3876 Ad
1175 3818 1322 3878 eosdem.

1075 3929 1092 3987 3
1111 3928 1265 4001 septembr.
1282 3928 1361 3987 lato.

1053 4032 1230 4097 [Wurdtweim
1246 4032 1263 4082 i.
1279 4048 1299 4082 c.
1315 4032 1382 4098 lta]

822 4124 863 4180 Ite
874 4121 1027 4196 preposite
1041 4122 1170 4179 ecclesia
1184 4121 1418 4181 inmeldensisde
1438 4121 1616 4183 mutilatione

857 4210 1202 4283 abbatisll'ienburgensis
1213 4218 1242 4267 et
1253 4209 1364 4283 publice
1380 4209 1518 4269 intimato
1538 4226 1616 4269 man·

856 4297 906 4356 det
915 4306 946 4357 ut
960 4298 1146 4371 inquirantsi
1164 4298 1323 4355 constiterit
1337 4297 1424 4357 luisse
1433 4298 1616 4373 culpabilem,

856 4386 892 4445 de
904 4387 1090 4461 prepositum
1101 4392 1278 4444 removeant.

863 4485 1345 4563 Honoriusepiscopusservus
1359 4502 1531 4551 servorum
1541 4489 1612 4560 Del,

822 4584 952 4647 dilectis
965 4583 1079 4645 llliis...
1096 4582 1137 4644 de
1155 4586 1412 4647 Walcttenred...
1425 4584 1466 4646 de
1484 4588 1615 4650 Votltot-

822 4682 1044 4745 coronatos
1064 4680 1240 4758 Lapides.
1265 4684 1443 4745 Micbactts
1466 4683 1614 4759 Monuni.

822 4782 855 4843 et
869 4777 1076 4842 Halberstad.
1098 4778 1193 4839 dioec.
1212 4776 1398 4851 abbatibus,
1415 4778 1559 4842 salutem
1584 4782 1618 4842 et

822 4875 1037 4957 apostolicam
1050 4875 1326 4938 benedictionem.

862 4976 912 5036 lix
923 4974 1016 5055 parte
1031 4972 1226 5036 dilectorum
1241 4971 1424 5036 illiorum...
1445 4972 1574 5037 abbatis
1586 4978 1620 5039 et

822 5075 1004 5135 conventus
1038 5069 1302 5148 Nienburgensis
1324 5069 1387 5134 luit
1411 5073 1618 5151 propositum

822 5184 934 5232 coram
948 5166 1045 5230 nobis
1074 5168 1160 5245 quod
1183 5183 1257 5230 cum
1273 5168 1306 5229 G.
1329 5167 1479 5232 ecclesiae
1495 5169 1619 5232 lumel-

822 5266 933 5328 densis
964 5266 1182 5343 praepositus,
1210 5264 1425 5342 magdeburg.
1453 5265 1617 5340 dioecesis,

822 5362 1074 5441 praeposituram
1090 5362 1196 5445 ipsam
1212 5362 1359 5425 obtineat
1373 5378 1393 5424 a
1415 5364 1619 5425 monasterio

821 5461 1023 5534 eorumdem,
1048 5459 1338 5539 idembujusmodi
1360 5459 1515 5522 benabeti
1536 5462 1617 5524 alia·

822 5574 961 5641 rumque
998 5554 1176 5653 multarum
1221 5559 1447 5635 impensarum
1487 5558 1553 5643 sibi
1599 5577 1618 5623 a

822 5658 1025 5729 monasterio
1051 5659 1232 5727 memorato
1257 5656 1430 5749 immemor
1456 5659 1489 5719 et
1504 5657 1620 5735 ingra-
