3774 6186
192 242 252 303 roa
814 241 988 303 aouonu
1011 242 1055 303 111
1075 244 1222 327 cenna.
1782 243 1839 299 ror

194 401 334 465 Domino
349 401 420 475 tilii,
445 401 566 464 vestris
584 401 684 480 justis
706 401 983 479 postulationibus
1036 402 1163 464 sianvm
1186 401 1344 480 praelatia,
1364 400 1406 463 ad
1424 414 1507 480 quos
1527 400 1647 464 litterae
1671 400 1748 463 istae
1770 418 1841 478 per·

189 502 289 577 -grato
304 502 539 561 concurrentes
553 516 704 572 assensu,
716 501 914 562 auctoritate
929 517 985 562 vo·
1037 500 1198 571 venerint,
1225 499 1365 560 salutem
1391 502 1424 561 et
1440 500 1657 576 apostolicam
1678 499 1840 561 benedic-

192 598 245 658 bis
260 599 471 675 praesentium
496 596 652 658 duximus
679 597 927 674 indulgendum,
942 615 983 659 ne
1037 597 1172 658 tionem.

195 696 267 772 quis
281 695 375 756 vobis
399 698 458 757 aut
471 695 622 757 ecclesiis
637 696 756 756 vestris
772 712 831 773 pro
846 712 985 772 repara·
1077 697 1181 766 Quam
1218 693 1431 756 laudabiliter
1467 695 1580 756 dilecti
1616 695 1680 755 filii
1716 694 1839 755 fratres

193 792 283 853 tione
296 808 477 863 murorum,
495 793 643 868 pontium
665 793 718 853 vel
733 794 907 864 vallorum,
925 810 982 855 seu
1037 792 1217 869 Hospitalis
1253 796 1383 855 Sanctae
1409 793 1524 854 Mariae
1551 793 1838 854 Tbeutonicorum

193 889 460 966 proquibuslibet
468 889 609 966 publicis
621 890 844 951 functionibus
855 891 983 968 aliquas
1037 890 1331 966 Hierosolymitani
1347 906 1407 966 per
1421 906 1522 967 opera
1538 890 1673 967 pietatis
1698 891 1840 950 servitio

193 987 384 1047 exactiones
400 988 557 1064 imponat.
578 988 669 1049 Nulli
684 988 787 1063 igitur
801 988 900 1050 liceat
917 989 983 1048 vim
1037 986 1217 1048 conditoris
1233 986 1429 1048 immineant
1438 988 1556 1065 etquot
1567 989 1608 1048 de
1619 986 1841 1048 subventione

193 1085 226 1144 et
240 1084 426 1145 libertatem
455 1101 580 1155 eorum,
609 1099 682 1161 quae
707 1084 802 1145 vobis
825 1086 983 1147 etdomui
1037 1083 1186 1159 ipsorum
1212 1084 1336 1144 infirmi
1355 1086 1389 1147 et
1411 1100 1574 1162 pauperes
1594 1086 1838 1154 sustententur,

192 1182 312 1242 vestrae
334 1181 533 1242 indulsimus
549 1198 608 1259 per
629 1182 756 1244 litteras
771 1183 901 1260 aliquas
918 1199 983 1243 au·
1037 1181 1217 1251 neminem,
1236 1181 1291 1257 qui
1305 1182 1488 1242 christiana
1500 1182 1572 1257 lege
1587 1184 1758 1251 censetur,
1773 1184 1841 1242 uti-

193 1277 281 1340 ferre
306 1280 358 1339 vel
374 1279 559 1340 temeritate
585 1280 696 1356 aliqua
720 1296 875 1342 vacuare.
892 1281 984 1342 Nulli
1037 1279 1125 1348 litas,
1143 1278 1700 1364 quandeoperibusipsisprovenit,
1715 1280 1839 1354 patitur

194 1391 274 1450 ergo
286 1377 431 1448 omnino,
446 1378 507 1438 etc.
518 1378 553 1438 Si
566 1378 640 1453 quis
654 1380 775 1448 autem,
786 1381 849 1440 etc.
866 1381 984 1440 Datum

194 1474 359 1545 Laterani,
377 1490 454 1534 uon.
472 1475 864 1551 februarii,pontificatus
877 1477 984 1538 nostri

192 1586 280 1631 anno
295 1571 420 1649 quinto.

510 1723 664 1810 duilli

469 1869 521 1926 Ad
535 1869 703 1928 cunt-dem.

488 1987 505 2043 5
521 1986 590 2044 febr.
609 1984 686 2044 itti.

374 2092 510 2156 [Strehlkc,
522 2093 539 2142 l.
550 2108 581 2152 c,
593 2109 617 2158 p.
629 2093 683 2151 311,
696 2109 720 2144 n.
732 2094 799 2160 352]

190 2190 324 2256 Concedit
339 2196 429 2255 ordini
449 2197 624 2256 Tbeutonico
636 2200 684 2274 jus
704 2200 864 2273 appellandi
880 2202 915 2258 ad
931 2205 982 2260 Se·

226 2286 292 2343 dem
311 2288 515 2359 apostolicam,
534 2287 688 2345 dummodo
711 2298 739 2346 et
760 2305 846 2347 causa
867 2292 983 2364 recipiat

226 2375 456 2446 appellationem,
472 2391 527 2433 nec
552 2376 714 2450 hujusmodi
741 2379 898 2437 remedium
923 2381 983 2451 jnm

226 2463 427 2520 commissione
442 2463 526 2521 luerit
537 2464 723 2538 denegatum.

128 2602 136 2611 ι
230 2573 589 2649 Honoriuscpiscopus,
603 2590 896 2636 servusservorum
909 2577 980 2648 Dei,

190 2668 320 2730 dilectis
331 2669 409 2730 filiis
422 2672 580 2745 magistro
592 2674 624 2732 et
637 2671 793 2732 fratribus
803 2674 982 2750 Hospitalis

192 2767 320 2827 Sanctae
334 2768 448 2828 Mariae
462 2769 740 2830 Tbeutonicorum
748 2771 983 2848 Hierosolymi·

190 2863 271 2934 tani,
283 2864 421 2926 salutem
436 2866 469 2926 et
479 2867 694 2942 apostolicam
708 2867 979 2930 benedictionem.

232 2962 388 3023 Pervenit
400 2962 440 3022 ad
455 2978 526 3033 nos,
543 2964 628 3040 quod
643 2964 677 3024 in
693 2966 813 3037 causta,
831 2980 913 3042 quas
924 2967 982 3027 alii

190 3059 305 3119 contra
325 3076 384 3120 vos
408 3059 459 3121 vel
483 3077 541 3122 vos
565 3062 679 3123 contra
701 3062 784 3123 alios
806 3066 979 3137 exercetis,

189 3156 283 3216 vobis
296 3156 484 3234 frequenter
500 3159 732 3221 intercluditur
749 3161 981 3238 appellationis

189 3253 364 3328 antulium,
388 3256 538 3330 quamvis
562 3256 644 3316 illud
669 3257 704 3317 in
736 3260 981 3320 commissionis

190 3350 309 3411 litteris
323 3352 417 3411 vobis
428 3353 764 3430 minimedenegetur.
775 3358 855 3417 Cum
868 3357 980 3433 itaque

189 3447 283 3519 vobis
292 3464 357 3509 nou
366 3447 653 3521 debeatsubtrahi,
665 3453 750 3528 quod
762 3455 982 3515 communiter

189 3545 381 3606 conceditur
393 3546 569 3618 universis,
584 3549 805 3623 praesentibus
818 3551 911 3611 vobis
920 3552 980 3612 lit-

189 3642 270 3702 teris
290 3642 444 3703 duaimus
464 3644 711 3720 indulgendum.
727 3649 762 3709 ut
779 3648 814 3708 in
833 3665 982 3726 quacun-

190 3754 253 3815 que
277 3754 376 3799 causa
396 3741 448 3801 vel
468 3757 488 3801 a
510 3757 715 3820 quocumque
730 3745 854 3820 judice,
877 3745 980 3808 libere

188 3834 283 3896 vobis
305 3836 404 3898 liceat
424 3854 443 3898 a
463 3838 647 3901 manifestis
669 3843 917 3916 gravaminibus
938 3845 977 3904 ad

190 3933 307 3993 sedem
332 3936 556 4011 apostolicam
580 3938 760 4014 appellare,
778 3940 843 4001 nisi
867 3940 979 4002 forsan

187 4031 264 4090 talis
280 4031 323 4092 sit
337 4048 449 4104 causa,
463 4050 535 4109 quaa
545 4036 803 4111 appellationem
818 4055 884 4100 non
898 4041 981 4101 reci·

189 4128 269 4203 piat,
285 4129 337 4189 vel
360 4129 396 4189 in
420 4132 662 4193 commissionis
687 4134 805 4195 littoris
831 4138 982 4214 appella-

187 4225 288 4285 tionis
307 4226 488 4287 remedium
515 4229 614 4291 fuerit
633 4231 840 4306 denegatum.
863 4236 980 4295 uatum

188 4323 354 4394 Laterani,
367 4340 444 4384 non.
461 4324 632 4398 februarii,
645 4329 855 4403 pontificatus
874 4332 979 4394 nostri

188 4433 276 4477 anno
291 4420 417 4496 quintu.

511 4573 660 4660 cubit

265 4706 316 4764 Ad
328 4707 611 4781 archiepiscopos
628 4711 810 4783 episcopos,
822 4712 898 4783 etc,
989 4683 999 4699 ¹

425 4805 459 4864 el
473 4807 558 4866 otios
571 4808 745 4880 praemtos.

486 4927 503 4982 5
516 4925 585 4984 sehr.
597 4929 676 4985 itii.

364 5038 498 5102 [Strehllre
512 5041 530 5090 l.
544 5057 576 5100 c.,
590 5057 616 5107 p.
626 5043 682 5100 312,
696 5059 721 5092 n.
735 5044 803 5109 3111]

251 5143 334 5200 Vetat
349 5141 456 5202 ordinis
470 5145 636 5204 Theutonici
650 5156 795 5221 apostatas
810 5148 910 5208 foveri.

224 5259 391 5320 Honorius
429 5262 614 5341 episcopus,
654 5282 770 5327 servus
804 5283 976 5330 servorum

184 5355 255 5426 Dei,
272 5357 517 5421 venerabilibus
538 5361 695 5424 iratribus
718 5365 977 5444 archiepiscopis

1039 1376 1207 1451 ignorare.
1234 1377 1320 1436 Sane
1340 1375 1618 1454 conquerentibus
1634 1377 1721 1453 ipsis
1737 1393 1837 1437 acce-

1038 1474 1157 1549 pimus
1169 1473 1255 1550 quod
1267 1473 1399 1551 quidam
1413 1473 1532 1535 fratres
1547 1474 1697 1551 ipsorum
1714 1474 1838 1550 saepius

1038 1566 1078 1630 de
1088 1569 1237 1630 domibus
1252 1571 1396 1647 propriis
1409 1573 1568 1631 exeuntes
1581 1572 1700 1632 contra
1717 1573 1840 1646 magis-

1037 1668 1106 1728 tros
1121 1683 1198 1726 suos
1218 1667 1398 1728 damnabili
1413 1666 1596 1728 rebellione
1613 1668 1794 1729 ducuntur.
1807 1673 1838 1729 ot

1037 1764 1072 1823 in
1096 1764 1159 1825 boc
1178 1765 1370 1841 frequenter
1396 1781 1416 1825 a
1438 1765 1520 1825 viris
1543 1766 1786 1826 ecclesiasticis
1806 1769 1837 1826 et

1039 1861 1257 1922 saecularibus
1282 1861 1496 1937 roborantur3
1525 1863 1659 1939 quidam
1679 1863 1781 1923 etiarn
1797 1864 1835 1923 ab

1038 1959 1119 2035 ipsis
1148 1958 1306 2020 fratribus
1331 1961 1506 2036 pecuniam
1524 1961 1693 2037 recipiunt
1715 1963 1835 2036 practer

1037 2055 1275 2115 conscientiam
1289 2055 1442 2127 aliorum,
1459 2073 1596 2134 eamque
1618 2057 1652 2116 in
1672 2057 1833 2134 praejudi-

1038 2151 1124 2211 cium
1140 2152 1320 2228 Hospitalis
1333 2153 1482 2214 detinent
1496 2154 1529 2214 et
1544 2153 1687 2214 reddere
1708 2157 1834 2214 contra·

1038 2248 1161 2319 dicunt,
1182 2249 1387 2325 depositores
1421 2251 1526 2326 ipsius
1554 2251 1590 2311 in
1616 2267 1679 2311 sua
1708 2252 1829 2312 malitia

1037 2345 1260 2408 defendentes.
1278 2349 1361 2420 Quia
1376 2364 1457 2409 vero
1476 2348 1544 2408 tam
1557 2364 1679 2424 graves
1694 2349 1830 2426 injurias

1038 2444 1269 2519 praedictorum
1300 2445 1438 2506 fratrum
1464 2447 1719 2509 sustinere.nec
1735 2448 1828 2507 voln-

1037 2556 1119 2608 mus,
1138 2558 1198 2602 nec
1213 2542 1380 2614 debemus,
1396 2543 1606 2605 universitati
1630 2548 1753 2605 vestrae
1777 2562 1829 2621 per

1036 2639 1223 2713 apostolica
1247 2640 1369 2716 scripta
1386 2640 1579 2701 mandamus
1598 2644 1698 2719 atque
1710 2645 1827 2719 praeci-

1037 2735 1160 2811 pimus,
1198 2738 1362 2812 quatenus
1394 2739 1559 2799 neminem
1599 2740 1826 2815 praedictorum

1036 2833 1174 2894 fratrum
1186 2835 1360 2912 quisquam
1375 2838 1521 2897 vostrum
1532 2841 1715 2914 praesumat
1725 2838 1827 2898 defen·

1036 2929 1114 2991 dere
1129 2931 1180 2992 vel
1197 2932 1245 2992 eis
1260 2933 1295 2993 in
1308 2932 1489 2995 rebellione
1501 2951 1561 2995 sua
1577 2937 1826 2997 etcontumaria

1036 3026 1182 3089 favorem
1214 3030 1357 3106 aliquem
1393 3031 1627 3093 damnabiliter
1658 3034 1823 3098 exhibere.

1036 3141 1097 3186 nec
1112 3128 1285 3202 pecuniam
1301 3144 1320 3189 a
1338 3144 1502 3205 quoquam
1520 3128 1661 3191 fratrum
1679 3132 1824 3207 recipiat,

1034 3223 1087 3282 vel
1103 3228 1269 3301 receptam
1285 3227 1438 3297 retineat,
1448 3227 1511 3287 nisi
1527 3227 1557 3287 ei
1575 3227 1676 3289 fuerit
1691 3229 1733 3289 de
1748 3246 1825 3289 com·

1035 3321 1126 3380 muni
1141 3321 1280 3383 fratrum
1296 3325 1438 3385 consilio
1449 3324 1690 3386 commendata.
1702 3328 1737 3387 Si
1753 3344 1824 3388 vero

1035 3418 1168 3494 aliquis,
1185 3420 1270 3495 quod
1296 3436 1362 3480 non
1382 3423 1559 3493 credimus
1585 3425 1703 3484 contra
1731 3424 1823 3501 hujus

1034 3516 1232 3591 Apostolicae
1248 3518 1409 3594 jussionis
1427 3520 1574 3580 tenorem
1587 3522 1705 3582 venire
1722 3524 1825 3583 tenta-

1034 3613 1132 3681 verit,
1158 3615 1223 3674 nisi
1253 3617 1471 3677 commonitus
1499 3616 1586 3679 infra
1612 3619 1733 3694 viginti
1760 3621 1823 3680 dies

1034 3726 1180 3771 errorem
1198 3727 1292 3773 suam
1306 3712 1416 3775 debita
1433 3714 1660 3777 satisfactione
1675 3733 1824 3779 correxe-

1034 3808 1088 3878 rit,
1107 3825 1181 3869 eum
1199 3826 1302 3886 usque
1317 3811 1358 3872 ad
1373 3811 1634 3874 satisfactionem
1650 3830 1822 3890 congruam

1034 3907 1370 3969 excommunicationi
1401 3909 1612 3971 decernimus
1641 3912 1818 3988 subjacere.

1034 4001 1152 4060 Datum
1168 4003 1335 4073 Laterani,
1353 4018 1458 4064 nonas
1470 4004 1819 4083 februarii,pontitica·

1033 4099 1087 4159 tus
1101 4099 1208 4159 nostri
1224 4114 1311 4160 anno
1325 4101 1451 4178 quinto.

1369 4289 1497 4376 dciv

1047 4431 1098 4488 Ad
1110 4430 1317 4505 rraoqtstram
1331 4433 1366 4492 S.
1382 4433 1508 4494 Marica
1517 4434 1802 4496 fltcutontcortcn.

1329 4551 1429 4611 blebr.
1445 4555 1524 4611 itti.

1209 4658 1344 4723 [Stroblke
1359 4660 1376 4709 1.
1388 4674 1420 4717 c.,
1434 4675 1460 4724 p.
1471 4660 1526 4719 ate,
1541 4676 1567 4711 n.
1581 4661 1651 4726 aot]

1033 4763 1811 4843 Conceditordini'lbcutonico,quodeilegataduorun

1122 4855 1167 4910 vel
1177 4855 1261 4911 trium
1274 4856 1389 4913 testium
1404 4856 1492 4913 verbo
1506 4857 1627 4930 probare
1638 4860 1737 4931 possit.

1072 4971 1239 5031 Honorius
1273 4972 1468 5047 opiscopus,
1500 4988 1618 5035 servus
1656 4989 1809 5037 servorun

1032 5068 1103 5138 Dei,
1118 5067 1249 5130 dilectis
1262 5069 1341 5129 filiis
1356 5071 1515 5146 magistro
1529 5073 1562 5133 et
1576 5071 1734 5134 fratribus
1746 5076 1811 5133 Hos

1033 5164 1145 5240 pitalis
1161 5168 1291 5228 Sanctae
1306 5168 1422 5228 Mariae
1444 5168 1725 5231 Tbeutouicorum
1740 5171 1810 5231 Hie-

1033 5263 1274 5339 rosolymitani,
1287 5264 1427 5326 salutem
1442 5268 1475 5327 et
1487 5266 1703 5342 apostolicam
1719 5267 1810 5329 bene-

1032 5358 1219 5420 dictionem.

185 5453 218 5512 et
232 5454 394 5531 episcopis
405 5458 438 5518 et
451 5458 579 5520 dilectis
592 5460 670 5520 filiis
683 5460 868 5535 abbatibus
886 5465 979 5540 prio·
1073 5464 1165 5526 Sicut
1179 5468 1371 5543 evangelica
1388 5469 1529 5532 veritato
1544 5471 1720 5533 attestante
1733 5471 1811 5531 didi-

184 5549 287 5621 ribuS,
303 5553 558 5628 archidiaconis,
576 5556 711 5619 decanis
729 5562 762 5621 et
774 5559 850 5620 aliis
866 5562 976 5622 ecole—
1032 5563 1147 5635 cimus,
1166 5567 1229 5625 stat
1244 5565 1345 5626 inore
1361 5565 1501 5627 duorum
1513 5568 1566 5628 vel
1581 5569 1681 5629 trium
1691 5570 1814 5630 testium
