3774 6186
127 312 183 373 151

127 473 239 534 mitem
262 476 489 543 memoratum,
506 472 543 532 ut
569 469 689 549 quibus
714 469 824 548 captio
849 472 923 546 ejus

126 571 336 632 occasionem
367 570 485 631 tribuit
517 568 729 646 obloquendi,
757 566 863 628 libera
889 570 924 630 et

125 669 276 729 liberalis
306 668 457 744 ejusdem
485 667 636 727 dimissio
662 665 835 726 materiam
859 664 924 725 tri-

125 766 206 828 buat
231 766 500 837 commendandi,
528 780 654 841 nosque
681 764 921 839 cognoscentes

124 864 333 924 devotionem
362 863 488 938 regiam
521 862 555 922 in
581 861 720 931 effectu,
742 861 861 935 dignas
888 858 921 918 ei

123 964 235 1036 grates
250 961 390 1023 reddere
403 964 576 1021 teneamur
588 960 621 1019 61
633 958 741 1019 116166
755 973 865 1018 comes
881 972 921 1017 66

124 1059 189 1125 661,
201 1060 256 1136 qui
272 1060 384 1134 magni
403 1061 438 1119 et
461 1060 612 1135 potentes
634 1071 709 1116 6666
724 1056 918 1125 noscuntur,

125 1160 218 1219 tanto
228 1157 347 1218 1611166
356 1157 398 1216 61
412 1156 505 1232 regia
518 1155 740 1232 provocentur
747 1151 918 1229 obsequia,

122 1258 246 1332 quanto
259 1255 406 1331 regalem
417 1252 628 1315 clementiam
648 1266 727 1326 erga
749 1265 785 1311 se
798 1265 918 1310 sense-

124 1353 193 1415 rint
201 1354 401 1430 proniorem.
422 1352 617 1412 1166661616
632 1348 823 1409 mandatum
837 1362 919 1408 nos-

122 1454 210 1511 trum
236 1449 418 1525 diligenter
441 1449 570 1509 616166
598 1446 759 1506 dilatione
785 1444 919 1505 studeas

122 1547 319 1624 adimplere.
336 1549 454 1608 Datum
484 1546 570 1622 apud
602 1543 723 1605 Urbem
751 1545 917 1613 Veterem,

122 1645 262 1707 Xllkal,
272 1642 915 1722 1611166611116616661116666666116.

461 1859 579 1947 (llil

117 1998 450 2057 1111661666116661
463 1996 497 2055 61
513 1997 714 2055 aristionem.
730 1993 918 2066 episcopos,

262 2094 480 2154 6116661666
500 2094 776 2152 ambianensem.

414 2215 451 2271 11)
458 2214 532 2285 junii
544 2213 622 2270 ltro.

144 2329 328 2394 1116666111.
341 2330 385 2387 rr,
393 2329 468 2393 epse
480 2325 786 2379 immutaremur
798 2324 892 2388 rnen]

118 2436 315 2503 1661161616,
343 2443 375 2492 61
400 2433 438 2491 sd
468 2433 621 2491 ecclesiam
646 2432 722 2490 beati
739 2433 816 2490 Petri
836 2431 917 2504 juxta

154 2526 361 2583 monasoerium
378 2525 476 2581 Sancti
490 2522 608 2580 vedasti
622 2521 819 2579 atebatensis
832 2534 916 2577 acce·

153 2614 269 2680 dentes,
288 2613 480 2671 6166661666
496 2611 707 2669 invalescentes
720 2608 917 2669 reformentet

152 2704 315 2778 corrigant

160 2819 340 2889 Honorius,
365 2822 441 2889 etc,
455 2815 703 2878 uenerabilibus
719 2812 915 2875 iratribus...

116 2917 333 2979 Laudunensi
348 2918 382 2976 et
392 2913 607 2976 ambianensi
625 2912 801 2988 episcopis,
819 2910 920 2971 6111-

118 3015 207 3077 lecto
218 3014 325 3076 11116...
335 3013 461 3074 decano
470 3009 916 3081 ambianen.,salutem,etc.

161 3115 212 3174 Ex
236 3114 330 3189 parte
354 3110 436 3170 cleri
462 3111 496 3170 et
522 3108 635 3185 populi
650 3105 839 3168 Atrebatem
857 3105 919 3166 init

114 3210 306 3288 expositum
321 3223 433 3269 coram
453 3205 560 3276 nobis,
574 3203 747 3281 quodcum
761 3203 795 3263 in
811 3202 920 3263 eccle-

115 3311 169 3371 sia
181 3311 217 3369 B.
230 3306 331 3377 Petri,
347 3321 421 3382 quae
434 3304 498 3366 sita
513 3305 564 3364 661
569 3303 667 3378 juxta
679 3301 919 3362 monasterium

114 3406 233 3470 Sancti
270 3403 422 3473 vedasti,
462 3401 623 3462 tredecim
660 3399 846 3475 praebendae
878 3398 920 3458 de

115 3518 255 3566 auorum
267 3500 549 3577 praedecessorum
559 3497 781 3572 eleemosynis
801 3495 842 3556 ab
856 3510 921 3556 an-

116 3603 211 3677 tiquo
224 3597 384 3658 1661116161
398 3595 540 3655 16166661
551 3594 593 3654 61
609 3608 692 3669 6666
703 3592 917 3653 saecularium

116 3696 330 3763 clericorum,
360 3691 415 3753 cai
441 3691 543 3766 longo
570 3693 719 3766 tempore
748 3690 922 3753 ministra-

119 3795 199 3855 runt
211 3791 373 3853 ibidemm
386 3788 504 3860 abbas,
518 3792 554 3850 et
571 3790 757 3850 conventus
771 3787 922 3864 ejusdem

120 3889 316 3954 monasterii
336 3887 477 3965 atiquos
496 3886 749 3964 prebendarum
773 3886 921 3963 ipsarum

120 3989 259 4051 donatio
272 3985 471 4065 pertinebat,
488 3987 525 4046 ut
545 3984 634 4045 bona
649 3984 755 4061 ipsius
769 3983 921 4045 ecclesiae

123 4089 159 4149 in
184 4085 337 4165 proprios
365 4098 445 4144 6666
468 4082 608 4144 abusive
631 4081 823 4158 redigerent
848 4081 922 4143 loco

123 4184 362 4246 canonicorum
395 4196 455 4258 616
492 4181 641 4256 tempore
676 4179 920 4251 decedentium,

123 4280 342 4343 instituebant
351 4277 404 4338 rel
419 4277 530 4355 661166
544 4277 744 4351 ingerebant
754 4292 835 4338 suos
850 4292 924 4340 mo·

124 4381 249 4441 6661161
264 4379 300 4438 in
314 4376 476 4437 eamdem.
506 4374 694 4445 Quodnam
717 4373 824 4435 felicis
848 4391 922 4436 me-

126 4479 242 4541 moriae
257 4478 282 4536 1.
299 4489 395 4551 66666
409 4471 650 4548 praedecessori
671 4474 785 4533 nasim
806 4471 925 4535 fuisset

126 4574 326 4653 expositum,
338 4569 425 4631 idem
440 4584 575 4630 causam
591 4584 693 4645 super
704 4569 768 4630 boc
781 4585 925 4631 venera-

128 4674 189 4735 bili
204 4671 301 4733 iratri
311 4670 463 4730 nostro...
472 4669 656 4728 Tornacen.
667 4666 834 4743 episcopo,
845 4669 925 4728 tnnc

128 4770 289 4846 magistro
315 4767 518 4836 scholarum,
535 4766 569 4825 et
596 4767 669 4841 ejus
695 4763 925 4840 conjudicibus

129 4867 307 4944 delegarit
322 4866 384 4937 Qui
399 4864 547 4940 legitime
569 4862 785 4939 procedentes
802 4878 823 4923 a
840 4878 927 4938 616·

129 4968 218 5028 11616
242 4963 384 5026 66616616
409 4961 591 5024 monachos
614 4959 776 5027 amoueri,
789 4961 823 5021 et
836 4959 872 5019 in
886 4975 927 5021 66

128 5062 259 5124 institui
292 5059 432 5121 clericos
471 5057 654 5120 6666616166
683 5055 928 5118 sententialiter

130 5160 361 5226 decreverunt,
376 5156 414 5215 in
428 5155 608 5216 monachos
625 5154 718 5224 illos,
731 5154 788 5230 qui
811 5169 926 5216 eorum

131 5256 306 5320 6661661161
330 5267 449 5330 661616
472 5251 926 5325 nolebantexcommunica-

131 5356 235 5418 tionis
262 5350 463 5414 sententiam
490 5349 740 5426 promulgando.
771 5351 926 5410 Postmo-

132 5453 212 5514 dum
224 5467 303 5513 vero
316 5449 405 5510 idem
420 5447 645 5524 predecessor
656 5448 779 5517 noster,
791 5445 833 5507 ad
847 5462 928 5521 sug-

16 5580 21 5609 l
132 5551 316 5627 gestionem
348 5545 582 5624 praedictorum
615 5542 747 5605 abbatis
783 5546 817 5606 et
846 5559 929 5605 con·

133 5651 263 5717 sentus,
272 5644 388 5706 statuit
404 5645 438 5706 nt
452 5643 563 5704 certus
577 5639 622 5702 ibi
633 5640 849 5717 deputaretur
863 5656 928 5701 nu·

739 308 915 371 moxona
938 310 983 370 111
1006 308 1154 373 OPERA.

1723 314 1779 375 452

956 480 959 487 ·
978 484 1092 531 merus
1105 471 1344 533 monachorum
1358 473 1417 550 qni
1438 472 1602 550 perpetuo
1615 471 1654 532 ln
1666 473 1777 536 eadem

978 569 1122 630 ecclesia
1135 569 1374 632 ministrarent.
1399 570 1493 644 Quod
1506 571 1588 632 licet
1602 573 1777 650 utrumque

976 665 1171 743 aliquandiu
1184 666 1399 729 observatum
1412 669 1545 738 1616661,
1562 684 1657 730 6666
1670 671 1775 731 tamen

976 780 1039 840 per
1055 779 1170 825 eorum
1191 765 1349 842 injuriam
1363 768 1397 827 et
1411 767 1555 827 rnilitum
1572 782 1685 843 nsque
1697 766 1774 831 adeo

976 864 1028 922 est
1048 861 1084 922 in
1105 862 1345 938 temporalibus
1369 863 1546 935 diminuta,
1563 867 1597 924 61
1620 864 1660 923 16
1676 864 1772 941 spiri-

975 959 1122 1020 tualibus
1142 959 1338 1033 deiormata,
1356 960 1444 1038 quod
1470 963 1635 1038 tanquam
1650 960 1768 1039 abjecta

975 1058 1250 1134 supellectilibus,
1271 1058 1402 1120 6161116
1429 1059 1577 1136 negotiis
1602 1060 1767 1122 saeculari-

974 1155 1036 1216 bus
1050 1156 1161 1216 minas
1181 1156 1333 1218 bonestis
1347 1157 1499 1234 61666116
1519 1157 1624 1218 valde
1638 1156 1767 1221 babetur

974 1254 1189 1330 contemptui,
1212 1270 1285 1330 quae
1315 1254 1396 1315 olim
1413 1271 1489 1315 cum
1516 1271 1650 1316 summa
1675 1271 1764 1318 1616-

974 1352 1082 1413 166116
1097 1351 1277 1413 colebatur.
1292 1351 1389 1414 Unde
1407 1352 1585 1414 memorati
1608 1353 1717 1414 clerus
1738 1359 1763 1429 61

974 1452 1115 1527 populus
1126 1451 1233 1511 eidem
1245 1450 1399 1512 ecclesiae
1411 1449 1525 1512 debito
1534 1451 1763 1527 compatientes

973 1547 1112 1619 6116616,
1148 1547 1244 1609 nobis
1268 1548 1441 1609 humiliter
1464 1549 1709 1625 supplicarunt,
1731 1553 1759 1614 ut

973 1646 1177 1723 comparati
1201 1646 1269 1708 sint
1288 1645 1447 1707 debonis
1468 1647 1620 1723 propriis
1644 1646 1760 1711 clericis

974 1743 1190 1805 saecularibus
1204 1745 1240 1805 in
1265 1759 1305 1804 66
1327 1744 1471 1804 Domino
1483 1744 1665 1806 servituris
1679 1760 1758 1806 con-

975 1844 1122 1918 petentes
1135 1841 1284 1902 16111166
1297 1841 1477 1917 assignari,
1491 1842 1527 1902 in
1542 1844 1667 1904 6161661
1681 1844 1759 1905 6611-

974 1955 1074 2016 quum
1104 1954 1178 1999 eam
1210 1938 1317 2015 redigi
1354 1938 1568 2010 1666161666,
1595 1941 1757 2017 antequam

974 2036 1105 2113 penitus
1136 2037 1329 2098 annuletur.
1360 2038 1442 2097 Cum
1477 2037 1587 2112 igitur
1611 2038 1756 2100 instantia

974 2136 1088 2196 nostra
1112 2134 1305 2210 quotidiana
1322 2134 1366 2195 611
1389 2134 1612 2196 ecclesiarum
1627 2136 1756 2197 omnium

974 2231 1162 2295 sollicitudo
1180 2232 1351 2303 continua,
1363 2232 1561 2294 discretioni
1578 2236 1701 2295 666116
1712 2250 1758 2310 661

973 2330 1164 2407 apostolica
1201 2330 1327 2406 6611616
1361 2330 1578 2402 1666161666,
1612 2331 1756 2407 quatenus

974 2429 1054 2489 illuc
1078 2427 1301 2504 personaliter
1324 2427 1532 2501 accedentes,
1554 2429 1591 2490 et
1613 2427 1756 2490 babentes

974 2543 1043 2605 prae
1058 2525 1165 2588 oculis
1175 2526 1282 2589 solnm
1292 2528 1407 2598 Deum,
1419 2526 1577 2589 statuatis
1588 2542 1689 2604 super
1696 2526 1753 2598 166,

973 2624 1176 2687 auctoritate
1211 2626 1338 2695 666116,
1374 2624 1507 2686 sublato
1540 2625 1754 2701 appellationis

973 2722 1160 2792 obstaculo,
1179 2721 1266 2799 quod
1294 2722 1401 2784 eidem
1425 2722 1581 2783 ecclesiae
1595 2721 1752 2785 secundum

977 2825 1082 2884 Deum
1095 2821 1216 2882 melius
1229 2820 1385 2883 videbitis
1397 2820 1573 2898 expedire,
1587 2819 1752 2882 666116116-

973 2923 1074 2991 16166,
1087 2919 1118 2980 61
1134 2918 1190 2996 qui
1203 2918 1562 2990 166116116116161166,
1578 2934 1640 2995 per
1655 2933 1750 2979 censu·

973 3034 1045 3078 ram
1064 3017 1316 3084 ecclesiaticam,
1332 3016 1559 3094 appellatione
1578 3016 1748 3093 postposita,

973 3116 1232 3191 compescentes.
1255 3116 1370 3176 Testes
1389 3115 1511 3185 antem,
1541 3115 1621 3187 etc.;
1637 3112 1710 3191 quod
1726 3110 1747 3172 si

974 3229 1040 3274 non
1059 3227 1185 3283 omnes,
1210 3213 1408 3275 elebatum
1430 3211 1518 3289 apud
1535 3210 1658 3273 Urbem
1673 3210 1748 3272 Vete-

975 3326 1057 3382 rem,
1074 3311 1136 3371 Xll
1151 3309 1414 3387 kalendasjulii,
1425 3324 1514 3371 anuo
1524 3310 1655 3386 quarto.

1308 3458 1446 3549 alvu

1070 3588 1122 3647 Ad
1136 3585 1451 3649 claromontensem
1470 3587 1676 3661 episcopum

1264 3697 1390 3771 116166
1409 3698 1490 3756 11111.

1010 3805 1131 3869 [negem.
1142 3805 1186 3855 lib
1197 3805 1241 3863 lv,
1252 3804 1327 3870 epist
1338 3802 1393 3855 7117.
1403 3803 1460 3854 llss.
1468 3805 1505 3855 la
1516 3800 1728 3865 1666161111]

976 3901 1111 3976 indulget
1137 3904 1166 3960 61
1193 3901 1407 3960 nonobstante
1438 3901 1564 3974 quodam
1591 3908 1695 3960 statuto
1709 3906 1754 3970 611

1012 3992 1106 4049 661166
1136 3993 1165 4049 16
1189 3992 1440 4051 Claromontanen.
1464 3990 1588 4048 ecclesia
1617 3988 1753 4048 66666161

1012 4079 1074 4137 fieri
1096 4080 1213 4138 deberet
1234 4080 1328 4138 161166
1351 4094 1488 4137 numerus
1506 4080 1709 4137 canonicorum
1718 4087 1752 4132 16·

991 4196 995 4205 -
1013 4166 1115 4226 166166
1127 4166 1238 4237 suisset,
1253 4174 1284 4226 ut
1298 4168 1345 4226 elii
1359 4166 1556 4225 admittantur.

1016 4276 1198 4349 Honorius,
1222 4278 1300 4348 etc„
1325 4274 1513 4338 venerabili
1538 4269 1754 4351 1161116661·

978 4390 1061 4452 6666
1075 4374 1351 4445 claromontensi,
1369 4373 1522 4446 salutem,
1537 4373 1603 4436 etc.

1018 4472 1139 4534 Petitio
1154 4475 1211 4534 166
1226 4471 1324 4535 nobis
1337 4470 1603 4548 exhibitaque}
1620 4470 1695 4532 olim
1708 4465 1755 4529 111

978 4571 1087 4632 tutum
1114 4568 1178 4630 1611
1205 4570 1241 4631 16
1268 4568 1533 4633 claromontensi
1557 4558 1755 4637 ecclesiast

980 4667 1073 4728 salvo
1087 4666 1243 4729 mandato
1256 4665 1446 4744 apostolico
1457 4666 1649 4745 juramento
1662 4663 1751 4725 11161·

980 4767 1062 4836 tum,
1078 4766 1116 4829 ut
1128 4767 1239 4828 661166
1253 4763 1489 4827 canonicorum
1502 4778 1663 4825 numerus
1676 4761 1753 4822 inae

980 4862 1083 4923 616616
1094 4862 1167 4940 1666
1178 4862 1348 4923 16661616
1359 4860 1549 4931 baberetur,
1561 4859 1666 4930 nullo,
1674 4857 1752 4918 16661

980 4959 1021 5020 61
1038 4960 1148 5036 ipsum
1163 4975 1335 5019 numerum
1352 4960 1485 5019 rentum
1501 4959 1593 5018 esset
1606 4947 1750 5018 ibideniss

982 5057 1179 5118 canonicum
1200 5057 1286 5119 ultra
1301 5059 1372 5133 jam
1388 5054 1512 5117 dictum
1531 5062 1751 5115 numerumas·

981 5154 1154 5227 66166616,
1181 5155 1336 5230 idemque
1365 5153 1526 5215 statutum
1549 5150 1661 5213 suita
1693 5141 1753 5211 Sede

981 5252 1172 5328 apostolica
1194 5252 1436 5314 confirmatum.
1459 5251 1540 5315 Cum
1555 5250 1666 5309 autem
1688 5255 1750 5306 non-

981 5350 1065 5410 nulli
1080 5350 1233 5413 canonici
1253 5348 1402 5425 ejusdem
1426 5345 1595 5418 ecclesia,
1610 5339 1754 5408 ammons

982 5448 1052 5507 suis
1076 5447 1252 5524 providere
1268 5446 1429 5517 volentes,
1448 5444 1558 5521 parati
1577 5438 1756 5505 6161661616

982 5544 1064 5605 16616
1091 5544 1173 5615 6616,
1191 5545 1228 5606 61
1249 5544 1326 5605 6116.
1340 5541 1560 5604 instituantur
1579 5540 1696 5603 ibidem
1715 5528 1755 5609 qui

981 5644 1075 5717 grata
1103 5642 1230 5717 possint
1246 5642 1310 5718 ipsi
1326 5639 1478 5702 ecclesiae
1498 5637 1660 5716 ohsequia
1674 5631 1753 5697 exli-
