3774 6186
49 296 55 305 ’
80 305 141 365 555
700 307 874 367 noscitu
897 307 941 367 111
963 308 1111 368 OPERA.
1674 302 1734 364 556

122 467 189 526 Sua
201 465 296 526 nobis
307 466 531 540 Scenignense
543 465 724 543 capitulum
737 465 873 543 querela
928 464 1108 541 procedere
1124 480 1190 526 non
1212 464 1373 537 eluentes,
1399 465 1519 526 cenna
1550 462 1734 525 canonicas

80 565 308 624 monstrarunt
321 562 420 639 qnod,
432 562 555 624 nobilis
570 564 622 624 vir
634 563 796 625 comesde
811 564 873 624 ΑΙ-
929 562 1119 624 sanctiones
1140 578 1237 638 quem
1254 562 1354 625 vultis
1375 561 1550 623 intruditis
1564 561 1602 621 in
1623 562 1733 622 eccle-
1765 559 1768 564 ’

80 657 254 720 denbnsen
288 658 539 722 athanacensis
570 660 725 721 dioeceeis
759 674 873 721 eorum
928 657 1011 719 siam
1027 659 1209 731 viduatam,
1224 659 1334 720 dando
1356 658 1488 720 intruso
1513 657 1679 721 annulum
1701 660 1733 721 et

80 755 275 832 quibusdam
290 758 465 818 ecclesiam
480 757 743 835 possessionibus
758 758 873 818 contra
927 755 1082 816 baculum
1096 756 1309 834 pastoralem.
1332 755 1473 828 Quidam
1489 757 1595 817 etiarn
1617 772 1730 817 soecu·

75 852 240 929 justitiam
257 854 423 930 spoliavit,
433 870 533 932 snper
544 855 607 915 boc
618 856 651 915 et
664 853 741 915 aliis
753 853 873 914 damna
928 852 1016 914 lares
1026 853 1156 930 judices
1171 869 1284 915 sacros
1306 869 1452 915 canones
1472 855 1729 915 contemnentes

79 950 128 1010 eis
150 951 265 1026 gravia
282 952 465 1013 inserendo.
492 952 655 1024 Quocirca
680 950 873 1012 discretioni
929 950 962 1010 in
977 951 1213 1012 contrahendis
1227 954 1261 1013 et
1272 951 1469 1012 dirimendis
1490 951 1728 1023 matrimoniis,

79 1051 199 1109 vestrae
222 1062 281 1124 per
304 1049 493 1125 apostolica
516 1050 638 1125 scripta
665 1047 873 1136 mandamus,
928 1051 960 1109 et
984 1049 1017 1108 in
1038 1049 1116 1109 aliis
1140 1065 1239 1127 quarn
1268 1048 1431 1126 pluribus,
1453 1051 1511 1126 jus
1536 1050 1730 1126 episcopale

79 1147 242 1222 quatenns
257 1148 408 1209 comitem
423 1148 530 1223 ipsum
546 1149 582 1208 ut
600 1146 707 1207 eidem
722 1146 873 1208 ecclesiae
928 1144 990 1207 sibi
1002 1145 1236 1207 damnabiliter
1246 1147 1729 1224 usurpantesecclesiaspres·

79 1245 304 1320 possessiones
320 1245 496 1321 praedictas
510 1244 665 1304 restituat
676 1245 710 1304 et
724 1243 764 1303 de
780 1242 875 1304 darn-

78 1342 131 1402 nis
142 1341 335 1414 satisfaciat,
345 1343 434 1403 omni
448 1342 537 1402 seria
549 1340 775 1402 admonitione
787 1357 874 1418 prae-

80 1440 192 1512 missa,
205 1455 265 1516 per
279 1455 454 1500 censuram
469 1437 743 1509 ecclesiasticam,
753 1438 872 1515 appel-

80 1536 204 1599 latione
219 1538 357 1607 remota,
369 1535 536 1597 mediante
548 1535 680 1613 justitia
693 1536 874 1614 compella·

79 1632 137 1693 ris.
159 1635 273 1695 Testes
297 1635 406 1695 antem
429 1633 485 1711 qni
510 1633 634 1695 tuerint
654 1634 826 1704 nominati,
844 1634 872 1694 si

76 1747 112 1791 se
127 1731 246 1805 gratia,
264 1731 339 1791 odiu
352 1731 404 1792 vel
420 1731 539 1793 timore
554 1731 795 1802 subtraxerint,
814 1746 874 1808 per

79 1844 254 1889 cerrsnram
282 1829 443 1901 eamdem,
465 1830 688 1906 appellatione
709 1831 872 1902 cessante,

80 1926 206 2002 cogatis
244 1927 377 1988 veritati
419 1927 646 1988 testimonium
684 1910 870 2005 perhibere.

81 2024 214 2097 Quodsi
229 2041 295 2086 uon
310 2040 424 2086 omnes
439 2025 492 2085 his
508 2025 729 2102 exsequendis
755 2027 873 2102 potue-

76 2122 149 2184 ritis
166 2122 338 2194 interesse,
355 2122 420 2185 dno
433 2124 580 2184 vestrum
599 2137 638 2183 ea
651 2122 870 2183 nibilominus

76 2223 311 2297 exsequantur.
329 2223 447 2282 Datum
474 2219 642 2291 Laterani,
671 2222 715 2281 111
736 2219 869 2280 kalend.

77 2317 242 2391 novemb„
259 2318 470 2396 pontificatus
481 2318 584 2380 nostri
598 2333 686 2378 anno
703 2317 829 2395 quintu.

394 2478 551 2564 LXXIX

194 2613 246 2673 An
263 2612 453 2673 Jodartnem
473 2625 592 2686 repens
613 2610 750 2670 Svetiee.

372 2725 474 2780 dnov.
497 2722 577 2780 tino.

169 2828 313 2894 [Llljegren
326 2829 435 2880 Svensltt
447 2827 565 2892 diplom,
575 2828 594 2885 1,
602 2827 658 2886 m,
670 2841 697 2877 n.
711 2827 778 2892 teu]

76 2925 872 3000 lionetpoutitexncrexetprincipesejusreseoclesias·

111 3017 183 3073 tices
196 3022 381 3082 contrectent,
398 3028 435 3070 ne
454 3013 670 3087 apprehendant
682 3016 755 3074 bona
769 3016 868 3075 cathe-

110 3103 244 3173 dralium,
255 3104 279 3159 si
291 3102 440 3175 continget
449 3110 480 3158 ut
493 3111 608 3174 vacent,
616 3120 652 3161 ne
665 3105 760 3163 sinaut
772 3113 869 3164 contra

108 3193 262 3250 canonicos
287 3191 452 3248 sanctiones
471 3207 556 3264 quern
573 3193 659 3250 velint
674 3193 819 3251 intrudere
841 3195 869 3251 in

109 3279 426 3338 ecclesiamvlduatunt.

113 3389 281 3450 Honorius
292 3406 376 3467 papa
392 3391 508 3451 tertius
519 3391 642 3453 illustri
653 3393 724 3466 regi
737 3392 867 3453 Svetiae.

115 3488 157 3548 Ut
180 3486 368 3564 potentibus
389 3487 489 3565 hujus
511 3489 624 3550 saeculi
650 3490 809 3551 Dominus
834 3491 868 3550 in

74 3583 226 3644 ecclesiis
251 3588 283 3646 et
309 3585 408 3645 rebus
433 3585 684 3657 ecclesiasticis,
709 3603 781 3664 qnae
806 3587 869 3648 sibi

24 3690 27 3699 ’
74 3678 211 3758 speciali
226 3683 323 3744 titulo
341 3685 419 3745 sunt
437 3683 624 3761 adscriptae,
651 3701 780 3747 omnem
796 3702 869 3746 om-

75 3778 154 3841 nino
170 3781 384 3844 interdiceret
399 3784 604 3859 potestatem,
631 3785 730 3844 Onam
752 3798 811 3859 pro
830 3799 869 3844 eo

75 3877 159 3955 quod
174 3895 261 3941 arcae
276 3878 419 3952 redens,
433 3883 580 3942 sanctam
592 3880 773 3942 Ecclesiam
789 3896 870 3957 prae·

76 3975 237 4051 signantl,
268 3994 402 4038 manum
427 3978 590 4055 apposuit,
615 3980 651 4041 ut
673 3978 869 4039 inclinatam

74 4075 276 4136 sustentaret
294 4076 444 4136 eumdem
470 4077 618 4151 graviter
642 4092 718 4136 mox
733 4091 870 4152 percus-

74 4171 133 4246 sit3
151 4173 328 4234 ostendens
343 4175 498 4250 quantam
514 4174 594 4235 velit
608 4172 763 4234 Ecclesiae
779 4189 870 4234 reve

73 4271 214 4331 rentiam
226 4270 389 4339 exbiberi,
409 4271 486 4330 dum
499 4286 574 4331 eurn
588 4271 644 4347 qui
660 4286 785 4343 arcam,
795 4287 868 4347 qnae

74 4367 181 4442 figura
194 4371 266 4430 erat
279 4368 445 4439 Ecclesiae,
460 4384 525 4429 non
538 4371 573 4430 ut
587 4367 796 4445 deprimeret,
810 4369 867 4430 sed

75 4467 252 4537 attolleret,
279 4466 388 4542 tetigit
412 4482 455 4526 ex
478 4480 518 4527 eo
542 4467 758 4538 solummodo,
783 4467 868 4544 quod

74 4563 115 4627 ad
131 4563 321 4641 hujusmodi
343 4563 562 4626 ministerium
587 4581 651 4624 non
668 4568 740 4626 erat
754 4565 870 4626 addic-

72 4665 137 4734 tus,
161 4663 285 4723 acriter
309 4664 357 4723 sic
373 4663 512 4739 punivit.
535 4665 632 4724 Nunc
653 4664 732 4724 tacti
755 4679 868 4722 sumus

74 4761 187 4822 dolore
203 4760 312 4821 cordis
327 4761 540 4831 intrinsecus,
554 4761 639 4838 qnod
655 4761 742 4822 siout
755 4761 796 4821 ad
812 4777 869 4821 au·

75 4858 231 4921 diontiam
248 4852 396 4920 nostram
417 4860 579 4936 pervenit,
597 4861 632 4920 tn
647 4859 680 4920 et
702 4858 868 4935 principes

75 4960 108 5021 et
129 4958 299 5032 magnates
322 4957 368 5018 tui
395 4957 466 5018 haec
487 4958 623 5018 minime
649 4957 866 5028 attendentes,

75 5056 234 5118 ecclesias
247 5058 280 5114 et
294 5071 348 5115 res
361 5055 606 5117 ecclesiasticas
627 5055 726 5115 nimis
740 5056 870 5116 irreve-

74 5155 203 5223 renter,
228 5153 332 5213 invito
361 5155 510 5226 Domino,
536 5154 763 5224 contrectatis,
790 5154 867 5214 dum

75 5254 163 5316 inter
182 5252 248 5311 alia
271 5250 391 5327 quibus
415 5253 561 5326 gravatis
581 5252 724 5323 easdem,
739 5253 868 5329 quoties

928 1242 1052 1320 hyteris
1065 1243 1145 1304 dant
1159 1245 1192 1304 et
1206 1242 1363 1305 auferunt
1375 1243 1507 1321 quando
1520 1243 1651 1315 volunt,
1669 1261 1728 1307 uec

927 1342 1134 1404 attendentes
1148 1342 1235 1420 quod
1256 1358 1373 1403 servus
1388 1358 1450 1403 suo
1465 1343 1602 1404 domino
1618 1345 1685 1405 stat
1697 1345 1728 1405 et

927 1440 1026 1511 cadit,
1050 1440 1191 1501 clericos
1213 1456 1273 1501 sua
1294 1440 1423 1518 jndicia
1446 1440 1561 1502 subire
1580 1442 1728 1518 compel-

927 1537 1009 1598 lunt.
1038 1539 1107 1598 Nos
1135 1537 1238 1613 igitur
1260 1538 1329 1598 tam
1349 1538 1600 1614 depressionem
1616 1539 1726 1599 eccle-

927 1635 1071 1696 siasticas
1094 1633 1270 1706 libertatis,
1295 1651 1395 1712 quam
1419 1636 1609 1697 animarum
1633 1637 1725 1712 peri-

927 1733 1002 1794 cula
1030 1748 1073 1794 ex
1104 1731 1157 1792 bis
1191 1733 1379 1794 evenientia
1407 1733 1584 1794 manifeste
1617 1733 1724 1795 debito

927 1828 1040 1890 favore
1053 1828 1212 1900 zelantes,
1227 1829 1463 1890 celsitudinem
1479 1830 1609 1905 regiam
1623 1845 1723 1905 roga·

927 1943 1010 1998 mus,
1027 1942 1211 1998 monemus,
1223 1929 1257 1988 et
1269 1926 1443 1989 hortamur
1451 1929 1588 2000 attente,
1605 1931 1722 2005 quate-

926 2039 988 2084 nus
1004 2024 1185 2101 prudenter
1199 2025 1385 2096 attendens,
1407 2025 1491 2103 quod
1513 2024 1624 2086 bonor
1636 2027 1723 2101 regis

926 2123 986 2193 est,
1013 2124 1050 2184 ut
1072 2123 1238 2199 justitiam
1261 2122 1388 2199 diligat,
1414 2139 1487 2200 quae
1503 2139 1539 2185 se
1563 2118 1675 2199 diligit
1692 2128 1722 2185 et

926 2218 1040 2295 dirigit
1054 2219 1242 2295 diligentes,
1260 2237 1326 2282 non
1348 2221 1455 2282 solnm
1471 2220 1543 2296 ipse
1558 2221 1600 2282 ab
1615 2221 1723 2298 hujus·

926 2317 1014 2379 modi
1039 2316 1197 2379 abusibus
1224 2333 1360 2395 prorsus
1389 2317 1580 2386 abstineas,
1609 2335 1722 2380 verum

925 2415 1025 2475 etiam
1048 2414 1213 2492 quoslibet
1241 2415 1302 2478 tibi
1327 2415 1487 2484 subditos,
1513 2416 1640 2477 tradita
1662 2417 1722 2478 sibi

926 2513 1056 2573 coelitus
1081 2515 1244 2590 potestate
1268 2513 1445 2586 abstinere,
1481 2515 1666 2591 compellas
1693 2516 1721 2575 te

925 2625 964 2671 ac
980 2611 1063 2672 alios
1085 2611 1127 2672 ab
1147 2611 1348 2688 occupandis
1369 2612 1466 2674 bonis
1486 2613 1720 2674 ecclesiasticis

926 2708 1121 2782 cohibendo,
1146 2713 1180 2771 et
1205 2709 1424 2787 permittendo
1449 2709 1633 2771 electiones
1660 2727 1718 2771 va·

926 2807 1077 2868 cantibus
1091 2806 1243 2868 ecclesiis
1259 2806 1363 2868 libere
1383 2807 1560 2879 celebrari,
1584 2811 1619 2869 et
1640 2808 1718 2868 alias

922 2919 1085 2981 personas
1100 2904 1343 2965 ecclesiasticas
1358 2904 1523 2966 servando
1546 2905 1583 2964 in
1607 2907 1715 2966 omni·

926 3002 1021 3062 moda
1044 3002 1206 3073 libertate,
1228 3002 1274 3062 ita
1290 3002 1376 3079 quod
1401 3002 1564 3063 offensam
1580 3003 1718 3064 redimas

926 3099 1175 3175 praecedentem,
1191 3100 1224 3160 et
1240 3097 1275 3160 in
1294 3099 1437 3175 gratiam
1452 3101 1487 3161 te
1498 3098 1649 3161 adducas
1662 3119 1718 3177 po-

924 3198 1054 3266 tiorem,
1071 3212 1111 3257 ac
1133 3213 1193 3257 uos
1208 3197 1498 3258 mausuetudrnem
1511 3198 1642 3273 regiam
1654 3214 1718 3274 pos

925 3295 1028 3354 simus
1055 3295 1173 3355 merito
1199 3294 1442 3356 commendare.
1472 3298 1592 3358 Datum
1622 3298 1717 3357 Late·

925 3393 1011 3463 rani,
1027 3395 1071 3454 ΙΙΙ
1087 3408 1191 3454 nonas
1206 3392 1407 3465 novembris,
1423 3408 1512 3455 anuo
1530 3395 1662 3472 quinto.

1257 3562 1395 3649 LXXX

956 3691 1007 3749 Ad
1022 3688 1247 3749 Bersedtctum
1259 3689 1456 3762 episcopam
1473 3690 1690 3780 scarensem.

1189 3799 1350 3858 tuoremb.
1369 3800 1450 3858 1220.

1036 3897 1180 3962 [Liljegrsm
1192 3897 1301 3949 Sveutkt
1313 3897 1389 3961 dipl,
1400 3898 1420 3956 1,
1436 3896 1493 3956 atu,
1505 3912 1531 3948 n.
1548 3898 1618 3964 tan}

924 3996 1082 4054 Mandatut
1100 3996 1219 4053 clericos
1235 3994 1403 4064 homicidas,
1420 3997 1479 4068 qui,
1496 3995 1610 4070 abjecto
1626 3997 1720 4056 habitu

959 4084 1094 4152 clericali,
1107 4083 1200 4155 palam
1216 4082 1252 4140 de
1268 4081 1343 4141 lacto
1353 4082 1486 4141 duxerint
1498 4098 1615 4154 uxores,
1627 4087 1657 4142 in
1668 4085 1717 4142 ati·

959 4172 1062 4245 quibus
1088 4174 1269 4231 monasteriis
1295 4171 1332 4230 sd
1351 4170 1495 4246 agendam
1523 4176 1719 4246 penitentiam

958 4261 1121 4334 compellat.

963 4368 1130 4430 Honorius
1142 4369 1454 4445 episcopusservus
1466 4372 1720 4441 serrorumDsi,

922 4465 1105 4528 venerabili
1122 4466 1255 4527 fratri...
1269 4467 1426 4544 episcopo
1444 4469 1614 4540 scarensi,
1631 4469 1723 4531 salu-

922 4565 988 4625 tem
1004 4565 1038 4625 et
1050 4563 1268 4640 apostolicam
1281 4563 1559 4627 benedictionem.

961 4663 1158 4725 Audivimus
1176 4662 1406 4739 quodquidam
1422 4663 1538 4725 clerici
1553 4665 1623 4725 tuae
1639 4665 1724 4726 dits-

923 4762 1009 4822 cesis
1039 4761 1074 4821 in
1098 4760 1204 4821 sacris
1231 4760 1404 4823 ordinibus
1438 4763 1637 4834 constituti,
1668 4764 1729 4841 qui

922 4857 1101 4934 aliquando
1117 4858 1187 4918 sive
1202 4861 1337 4934 sponte,
1357 4858 1428 4920 sive
1443 4875 1525 4920 casu
1548 4859 1734 4923 homicidii

923 4956 1048 5017 crimen
1082 4956 1268 5027 incurrant,
1307 4971 1396 5027 mox,
1436 4956 1569 5033 abjecto
1608 4959 1742 5020 habitu

923 5052 1081 5125 clericali,
1095 5054 1256 5130 palamde
1276 5053 1363 5115 lacto
1387 5054 1511 5115 ducunt
1534 5072 1674 5126 uxores,
1691 5057 1739 5118 et

923 5152 958 5213 in
972 5153 1141 5229 apostasia
1152 5151 1735 5232 damnabilitergloriantesjactant

923 5267 959 5310 se
974 5251 1081 5325 magis
1098 5265 1196 5326 quam
1223 5251 1322 5310 antea
1345 5249 1465 5311 florere
1485 5253 1727 5328 temporalium

924 5349 1085 5418 ubertate,
1114 5364 1180 5408 non
1202 5347 1415 5419 attendendo,
1444 5349 1531 5425 quod
1562 5351 1650 5412 nihil
1673 5349 1722 5412 est

76 5349 250 5414 ecclesiam
277 5348 500 5408 cathedralem
536 5364 657 5410 vacare
689 5350 866 5424 contingit,

17 5430 20 5437 ¹
76 5446 869 5523 vos,bouisvacantisecclesiaenimisreprelreu·
922 5444 1090 5505 infelicius
1113 5445 1273 5506 lelicitate
1301 5446 1521 5522 peccantium.
1548 5448 1599 5507 Ne
1619 5449 1714 5524 igitur

78 5545 217 5611 stbititsr
242 5545 480 5620 apprehensis,
507 5544 688 5620 capitulum
717 5544 757 5606 ad
780 5545 866 5621 quod
922 5542 1006 5604 tales
1021 5542 1136 5603 desua
1160 5541 1294 5604 valeant
1316 5544 1444 5605 malitia
1463 5544 1618 5620 gloriari,
1646 5561 1708 5609 cun

3 5654 8 5667 ·
79 5643 191 5713 electio
211 5644 355 5720 partinet
374 5643 588 5714 successuris,
613 5641 653 5702 ad
670 5642 866 5704 electionem
923 5641 999 5701 licet
1023 5640 1150 5701 ordinis
1176 5641 1329 5703 executio
1352 5641 1535 5715 ambwtur,
1569 5648 1706 5707 caracter
