3774 6186
119 307 159 369 55
737 302 912 364 HONORII
936 303 979 362 111
1002 304 1149 364 OPERA.
1725 303 1754 363 56

118 465 228 542 ipsum
242 464 305 526 sibi
318 463 507 539 benigniter
529 476 676 534 servare,
694 461 781 524 sicut
804 462 911 540 ipsum
1005 462 1170 540 exparte
1193 462 1390 523 dilectorum
1415 461 1561 524 tiliorum
1582 458 1713 521 abbatis
1729 466 1754 522 et

119 562 291 623 eanostra
316 560 493 622 donatione
520 559 628 620 tuerat
647 561 830 630 assecutus,
855 560 913 622 aut
966 561 1149 621 conventus
1186 559 1300 622 Sancti
1335 559 1471 620 Martini
1508 558 1550 620 de
1592 558 1753 618 Pannonia

118 659 376 734 resignationem
399 657 546 735 ejusdem
570 656 719 734 recipere
751 657 910 732 dignare·
966 656 1061 719 nobis
1077 659 1127 719 est
1139 654 1250 718 oblata
1265 656 1412 734 querela,
1432 656 1518 733 quod
1535 654 1679 732 populos
1694 654 1754 715 Bis-

119 772 203 817 mur.
224 758 293 818 Nos
315 755 416 831 igitur
431 754 638 817 attendentes
659 753 767 830 ipsius
783 753 911 829 magis·
967 770 1120 817 senorum
1146 754 1186 815 de
1211 754 1291 815 villa
1315 752 1480 830 Nogbolm
1504 752 1754 830 vesprimiensis

118 853 163 915 tri
180 853 463 929 praeeminentiam
483 852 633 913 scientiae
652 854 752 927 atque
771 866 909 923 morum,
966 853 1120 913 direcesis
1135 851 1281 912 decimas
1295 851 1365 911 vini
1383 851 1425 912 ad
1447 866 1503 912 eos
1520 850 1561 911 de
1578 853 1659 927 jure
1674 865 1754 924 spec·

119 950 277 1026 quantum
293 950 397 1027 ipsius
418 948 607 1011 sollicitudo
622 948 836 1010 ambianensi
856 964 913 1008 ec·
966 951 1075 1012 tantes
1088 951 1202 1011 contra
1214 949 1379 1024 justitiam
1401 948 1559 1018 detinent,
1579 947 1614 1008 et
1628 945 1752 1007 reddere

118 1046 229 1107 clesiae
242 1047 349 1124 potest
358 1047 501 1108 existere
514 1046 694 1118 fructuosa,
712 1045 913 1121 resignatio-
967 1046 1362 1123 contradicuntldeoque
1377 1044 1570 1106 discretioni
1579 1045 1701 1105 vestrae
1709 1061 1753 1119 per

118 1159 195 1204 nem
206 1143 399 1221 praedictam
413 1143 574 1205 instanter
589 1143 731 1205 oblatam
747 1143 788 1204 ab
803 1159 843 1204 eo
858 1143 912 1203 cui
967 1145 1157 1222 apostolica
1186 1144 1310 1221 scripta
1339 1143 1552 1215 mandamus,
1582 1143 1751 1220 quatenos,

118 1241 229 1318 potius
255 1243 383 1318 majora
411 1240 562 1302 conterre
596 1242 769 1313 vellemus,
801 1241 913 1317 utpote
968 1241 1119 1319 partibus
1147 1242 1349 1314 convocatis,
1378 1239 1522 1302 audiatis
1551 1254 1703 1310 causam,
1719 1244 1752 1309 et,

119 1338 175 1416 qui
194 1338 301 1414 magis
327 1338 476 1400 noscitur
503 1353 576 1399 esse
599 1339 731 1413 diguus,
762 1338 913 1415 recipere
967 1340 1190 1417 appellatione
1203 1343 1341 1411 remota,
1359 1339 1425 1399 tine
1440 1337 1551 1400 debito
1565 1337 1752 1406 terminetis,

119 1434 330 1511 denegantes,
358 1436 435 1513 quia
462 1435 664 1513 praescriptae
694 1436 818 1497 litterae·
854 1450 914 1512 per
969 1437 1128 1499 iacientes
1160 1435 1246 1514 quod
1274 1435 1489 1497 decreveritis
1511 1448 1753 1513 percensuram

118 1533 343 1610 obreptionem
359 1532 535 1610 quamdam
548 1532 689 1595 obtentae
715 1533 858 1602 fuerant,
871 1533 912 1595 ad
968 1533 1229 1595 ecclesiasticam
1258 1533 1398 1594 tirmiter
1431 1530 1618 1593 observari.
1655 1532 1754 1591 Testes

118 1629 276 1707 quosdam
286 1629 418 1707 judices
434 1631 473 1691 de
489 1630 608 1708 quibus
626 1630 667 1691 ad
684 1646 833 1707 praesens
847 1646 913 1692 non
968 1633 1079 1692 autem
1103 1631 1160 1709 qui
1182 1630 1306 1692 luerint
1329 1631 1501 1701 nominati,
1531 1628 1560 1689 si
1584 1643 1622 1690 se
1646 1627 1752 1704 gratia,

117 1730 308 1806 poteramus
336 1727 546 1805 aliquatenus
569 1744 643 1789 esse
665 1729 758 1800 certi,
776 1728 915 1806 quibus·
969 1728 1044 1791 odio
1060 1729 1112 1789 vel
1126 1729 1244 1790 timore
1257 1727 1494 1800 subtraxerint,
1510 1741 1656 1788 censura
1668 1725 1754 1786 simili

118 1824 193 1885 dam
217 1824 259 1885 ad
285 1824 446 1886 decanum
475 1825 751 1887 suessionensem
777 1829 810 1888 et
836 1841 913 1886 suos
969 1827 1192 1903 appellatione
1206 1827 1368 1898 cessante,
1381 1826 1507 1901 cogatis
1521 1824 1661 1886 veritati
1676 1823 1757 1884 testi-

117 1922 318 2000 conjudices,
334 1922 452 2000 quibus
466 1938 545 1984 vero
561 1922 602 1983 ad
629 1923 714 1984 alios
740 1939 798 1984 eas
821 1938 916 1984 asse-
969 1925 1117 1986 monium
1133 1923 1318 2001 perbibere.
1336 1923 1473 1996 Quodsi
1493 1937 1560 1983 non
1584 1935 1702 1983 omnes
1715 1919 1756 1980 bis

116 2020 267 2082 rentibus
291 2021 472 2097 delegatas,
508 2037 550 2081 ne
572 2020 658 2082 idem
689 2021 848 2096 magister
874 2021 914 2082 de
970 2021 1194 2099 exsequendis
1217 2021 1393 2098 potueritis
1409 2021 1583 2092 interesse,
1600 2018 1668 2081 duo
1689 2033 1752 2078 ves·

117 2118 226 2193 gratia
238 2116 302 2178 sibi
315 2117 401 2180 iacta
411 2118 556 2195 reportet
571 2119 744 2195 angustias
759 2120 793 2181 et
816 2118 913 2180 labo·
968 2124 1056 2182 trum
1081 2135 1121 2180 ea
1143 2119 1361 2179 nihilominus
1383 2118 1622 2194 exsequantur.
1649 2115 1752 2177 Daton

116 2229 181 2286 res,
194 2215 387 2278 discretioni
399 2217 519 2278 vestrae
530 2216 637 2293 ipsum
651 2215 790 2278 decerta
802 2217 915 2277 scien·
969 2216 1136 2288 Laterani,
1165 2219 1209 2277 Ill
1232 2215 1299 2276 kal.
1328 2215 1525 2288 decembris,
1551 2213 1753 2292 pontificatus

115 2310 163 2372 tia
176 2311 331 2372 duximus
347 2313 628 2385 committendum,
648 2329 707 2390 per
724 2314 913 2390 apostolica
969 2315 1075 2377 nostri
1087 2329 1175 2376 anno
1187 2315 1302 2375 tertio.

15 2438 18 2443 ·
114 2407 209 2468 vobis
220 2409 343 2486 scripta
358 2410 582 2487 praecipiendo
598 2411 806 2482 mandantes,
825 2427 913 2489 qua-

114 2507 212 2566 tenus
227 2505 263 2566 in
283 2507 416 2568 irritum
437 2509 593 2569 revocato
622 2509 652 2570 si
677 2508 755 2585 quid
787 2508 911 2580 forsan,
1305 2490 1428 2578 XLIX

115 2603 202 2679 quod
218 2619 285 2695 non
299 2603 476 2676 credimus,
489 2620 549 2681 per
560 2605 689 2666 litteras
701 2606 911 2677 memoratas,
1028 2628 1081 2687 Ad
1105 2627 1381 2688 garganensem
1408 2625 1708 2698 arehiepiscopum

117 2700 159 2761 ad
176 2701 331 2778 praefatos
354 2700 517 2762 decanum
547 2704 579 2763 et
607 2703 716 2763 socios
745 2719 834 2774 suos,
860 2703 913 2765 vel
1082 2724 1115 2785 et
1129 2724 1368 2784 pergamum
1384 2724 1423 2782 Α,
1438 2723 1471 2781 s,
1487 2721 1652 2796 papatum,

116 2797 200 2858 alios
222 2798 354 2874 judices
382 2814 606 2876 quoscumque
633 2799 787 2873 directas,
813 2801 915 2863 fuerit
1231 2842 1401 2902 moveam
1427 2843 1496 2900 mg

119 2895 325 2966 attentatum,
343 2895 517 2971 praelatum
539 2897 733 2972 magistrum
757 2899 791 2957 in
815 2898 915 2959 deca·
1119 2951 1170 3003 tlt
1220 2950 1237 3001 d
1269 2951 1304 3002 lii
1319 2957 1331 3001 t
1391 2885 1506 3000 (ω’
1551 2946 1600 2997 373
1626 2947 1648 2998 lt
1706 2951 1718 2996 t

116 2994 214 3053 natus
230 2992 378 3068 praedicti
394 2994 617 3069 possessione,
634 2996 669 3055 in
684 3011 783 3072 quam
799 2997 915 3057 aucto-
1000 2951 1137 3016 [3⁰qu¹
1171 2966 1206 3001 ee.
1238 2966 1491 3095 effffisfl‘frgpqggj
1503 2963 1531 3013 μ
1602 2986 1609 3000 ’
1649 2961 1739 3010 ΨΜ

116 3089 215 3151 ritate
238 3091 352 3152 nostra
377 3089 532 3152 inductus
559 3091 661 3153 luisse
695 3092 912 3168 dignoscitur,
969 3131 1129 3192 curionem
1154 3129 1190 3187 de
1214 3127 1391 3196 Momm,
1419 3125 1544 3185 Simoni,
1571 3124 1681 3193 filium,
1707 3123 1757 3196 qui,

116 3187 245 3250 sumam
281 3188 459 3277 ⁰¹3j¹¹⁸lih⁰t
491 3188 764 3251 ⁰⁰¹¹t¹⁴⁸di⁰ti⁰¹¹i⁸
799 3190 914 3252 ma*
1004 3221 1089 3278 ducta
1114 3233 1202 3276 uxore
1229 3217 1391 3284 Petronilla,
1420 3214 1585 3289 bigorrensi
1610 3213 1759 3278 comitisse,

82 3322 85 3326 >
116 3286 201 3357 01110,
218 3285 413 3357 defendatis»
430 3286 464 3347 θῐ
476 3285 609 3348 faciatis
624 3287 775 3348 eumdem
792 3291 913 3350 ⁸¹1010·
1005 3308 1153 3367 castellum
1174 3306 1209 3363 de
1224 3304 1316 3363 Lurda
1333 3305 1515 3377 acquisierat,
1530 3301 1607 3359 bello
1620 3302 1759 3359 lacessen-

115 3382 215 3444 ritate
242 3385 356 3444 nostra
388 3383 527 3460 pacifica
561 3384 668 3459 ipsius
703 3385 915 3462 possessione
1004 3397 1080 3455 tibus
1090 3396 1221 3463 Nunone,
1239 3394 1297 3450 tilio
1310 3394 1427 3461 sanctii,
1443 3393 1556 3449 comitis
1569 3391 1760 3448 Russilionen·

115 3480 272 3556 gaudere.
299 3481 416 3542 Datum
440 3481 608 3552 laterani,
631 3483 661 3541 x
686 3482 753 3545 kal.
776 3482 914 3544 decem·
1004 3486 1060 3555 sis,
1085 3492 1114 3543 et
1136 3484 1213 3542 will.
1237 3480 1396 3540 ltaimundo
1426 3480 1462 3537 de
1487 3481 1692 3537 montecalerio
1713 3476 1760 3550 (ot,

117 3576 199 3650 bris,
216 3577 426 3654 pontificatus
442 3578 547 3640 nostri
562 3594 649 3640 anno
661 3580 773 3641 tertio.
1005 3572 1123 3631 mandat
1147 3573 1300 3640 Honorius,
1321 3578 1352 3628 ut
1372 3567 1681 3626 excommunicationis
1704 3566 1763 3622 irre·

1005 3663 1111 3721 tiantur
1128 3661 1251 3717 vinculo.

432 3737 598 3824 XLVIII
1010 3771 1176 3832 Honorius
1201 3768 1426 3846 episcopus...,
1455 3762 1643 3827 venerabili
1673 3761 1765 3823 tratri

189 3872 241 3932 Ad
266 3871 539 3947 strigoniensem
564 3871 845 3934 catarinensem
970 3868 1222 3945 archiepiscopo
1248 3864 1468 3927 auxitanensi
1497 3861 1556 3941 (b),
1588 3864 1622 3924 et
1648 3860 1765 3922 dilecto

408 3970 625 4046 praepositos.
971 3966 1039 4027 illio
1055 3968 1090 4026 B.
1110 3965 1417 4030 titulisanctorum
1435 3960 1599 4023 lobannis
1620 3962 1654 4020 et
1674 3957 1768 4020 Pauli

379 4082 414 4141 23
426 4083 560 4140 novemb,
576 4083 655 4141 liis.
971 4062 1079 4141 presb.
1097 4063 1200 4132 card,
1217 4064 1255 4121 Α.
1273 4063 1306 4120 S.
1324 4059 1443 4135 legato,
1456 4057 1610 4129 salutem,
1626 4057 1692 4118 etc.

259 4187 338 4252 [uon.
350 4189 482 4253 ilungariae
493 4189 564 4249 ppt„
577 4189 643 4254 ffipq
655 4190 696 4247 qq,
710 4190 775 4251 ¹⁶⁰1]
1011 4161 1232 4221 Praesentium
1243 4156 1337 4219 vobis
1348 4156 1545 4218 auctoritate
1560 4155 1767 4222 mandamus,

120 4283 237 4341 llandat
259 4292 290 4342 ut
314 4300 431 4342 causam
447 4284 564 4342 abbatis
582 4292 612 4341 et
636 4292 796 4342 conventus
820 4285 916 4342 Sancti
972 4260 1134 4335 quatenus
1158 4259 1344 4327 N¹²¹¹⁰¹¹0fflr
1376 4254 1478 4313 fflium
1507 4251 1643 4313 ⁰⁰miti⁸
1665 4254 1770 4313 3³⁰⁰·

155 4373 269 4430 Martini
284 4370 319 4428 de
341 4374 489 4430 Pannonia
508 4373 756 4446 conquerentium,
773 4371 848 4445 quod
864 4389 913 4446 po·
970 4356 1008 4418 tii
1040 4354 1099 4434 (1)›
1134 4355 1167 4415 θῖ
1198 4353 1428 4413 Whlllelmum
1460 4350 1698 4428 Rflymunffilm
1732 4348 1769 4408 de

155 4461 213 4533 puli
238 4461 421 4518 bissenorum
444 4461 480 4519 de
507 4463 572 4519 villa
602 4460 747 4535 Nogbolm
772 4463 914 4534 vesprim.
970 4452 1213 4523 Montecatano,
1230 4466 1397 4511 aceorum
1413 4448 1601 4524 complices,
1620 4447 1680 4524 qui
1694 4463 1770 4509 cas-

155 4548 239 4606 dioec.
256 4549 384 4607 decimas
406 4551 464 4607 vini
484 4549 520 4608 ad
541 4566 592 4608 eos
616 4550 651 4608 dc
674 4549 738 4622 jure
752 4557 916 4622 spectantes
970 4554 1057 4613 trum
1075 4550 1116 4611 de
1131 4549 1241 4610 Lurda
1257 4564 1316 4626 per
1329 4547 1491 4609 satellites
1507 4561 1585 4606 suos
1604 4546 1771 4608 munitum

153 4646 253 4695 contra
283 4639 422 4710 iustitiam
456 4638 595 4708 detinent,
629 4637 760 4706 audiant,
790 4639 917 4712 partibus
972 4649 1135 4720 tenentes,
1162 4646 1314 4708 ecclesias
1334 4646 1394 4706 Dei
1412 4661 1452 4705 ac
1472 4643 1606 4720 negotio
1627 4644 1725 4721 pacis
1743 4645 1775 4703 et

154 4728 332 4798 0⁰ssv⁰0³1582
347 4736 375 4786 et
390 4728 447 4785 ΜΘ
462 4727 556 4785 (11111110
571 4728 733 4785 ῐθῑῐῃῑῐῐθῃῑ·
972 4746 1048 4807 fldei
1070 4746 1232 4822 patenter,
1257 4744 1342 4804 sicut
1361 4742 1562 4818 accepimus,
1581 4740 1774 4802 adversan-

161 4845 339 4914 Honorius,
359 4846 435 4917 etc,
453 4844 583 4906 dilectis
599 4844 678 4905 tiliis
695 4844 915 4920 strigoniensi
971 4845 1036 4916 tur,
1060 4842 1125 4904 nisi
1153 4858 1173 4903 a
1196 4840 1291 4902 vobis
1313 4839 1504 4902 commoniti
1529 4838 1571 4899 ab
1594 4838 1775 4915 iniquitate

121 4941 154 5002 et
165 4942 335 5003 Jauriensi
349 4942 550 5019 praepositis,
569 4943 603 5004 et
605 4985 665 5002 .....
680 4941 916 5003 archidiacone
972 4941 1162 5019 hujusmodi
1194 4939 1414 5016 resipuerint,
1446 4935 1773 5006 excommunicatos,

120 5038 301 5111 Jauriensi,
323 5038 462 5102 salutem
478 5042 511 5103 et
526 5039 742 5117 apostolicam
759 5039 918 5100 benedic·
973 5039 1197 5118 appellatione
1221 5038 1360 5108 remota,
1382 5034 1513 5112 publice
1537 5033 1722 5106 nunciatis,
1744 5034 1777 5093 et

119 5135 256 5197 tionem.
840 5145 844 5153 ’
973 5136 1107 5197 faciatis·
1123 5150 1185 5211 per
1203 5133 1465 5204 Narbonensem,
1482 5133 1775 5192 Tarraconensem

158 5283 199 5357 (a)
220 5285 369 5344 bloncade.
409 5284 448 5358 (i)
468 5286 575 5343 Garsiae
589 5285 625 5343 de
637 5285 714 5346 l'Ort.
973 5284 1061 5342 luisse
1073 5283 1185 5341 videtur
1199 5285 1274 5341 iuter
1290 5282 1451 5340 petronille
1467 5295 1590 5354 sponsos
1608 5279 1776 5348 dissidium,

158 5361 199 5430 (1)
220 5359 313 5425 Nune,
331 5357 537 5424 tiliusSanctii,
553 5359 666 5415 comitis
684 5356 917 5424 llussilionensis,
974 5370 1094 5429 quorum
1126 5357 1229 5411 riorem
1247 5352 1639 5411 llonoriusauctoritatesua
1659 5353 1778 5409 censuit

121 5429 267 5498 sponsalia
291 5427 336 5485 vel
357 5427 531 5484 matrimonii
551 5429 712 5499 pactionem
734 5427 839 5485 iecerat
853 5440 918 5484 cum
974 5441 1095 5483 amovcn
1117 5441 1175 5493 um,
1193 5424 1364 5482 confirmato
1374 5423 1512 5481 Guidonis
1524 5424 1688 5494 nuptiarum
1706 5439 1773 5496 pos·

122 5499 288 5566 l'etronilla,
305 5498 471 5572 bigorrensi
493 5498 654 5580 comitissa3
675 5498 778 5556 eodem
793 5497 919 5554 verovi·
974 5499 1077 5554 teriora
1102 5503 1241 5562 tractatu,
1274 5510 1359 5567 quem
1384 5496 1483 5552 recitat
1511 5493 1687 5562 blartenius,
1719 5496 1776 5551 t.l

123 5577 217 5637 vente,
234 5568 336 5638 Guido,
350 5569 476 5628 Simonis
491 5567 527 5626 de
542 5570 704 5627 llontelorti
725 5569 808 5638 lilius,
828 5569 917 5625 comi-
974 5568 1091 5635 amad,
1107 5568 1161 5624 col.
1182 5566 1245 5625 sot.
1264 5569 1305 5624 lie
1323 5579 1379 5638 qua
1395 5580 1426 5622 re
1441 5563 1581 5637 legendus
1597 5565 1774 5632 vaisserius,

121 5641 223 5698 lissam
240 5639 292 5697 sibi
310 5641 503 5713 copulaverat,
521 5653 597 5697 anno
613 5639 691 5698 laio.
709 5638 777 5697 lnde
790 5646 919 5696 exortum
975 5646 994 5695 t.
1011 5641 1063 5710 lll,
1080 5653 1107 5711 p.
1124 5638 1176 5696 aas
1189 5644 1217 5695 et
1230 5651 1292 5710 seq.
1308 5635 1475 5709 (bouquet.)
