<?xml version="1.0" encoding="UTF-8"?>
<!DOCTYPE html PUBLIC "-//W3C//DTD XHTML 1.0 Transitional//EN"
    "http://www.w3.org/TR/xhtml1/DTD/xhtml1-transitional.dtd">
<html xmlns="http://www.w3.org/1999/xhtml" xml:lang="en" lang="en">
 <head>
  <title>
</title>
<meta http-equiv="Content-Type" content="text/html;charset=utf-8" />
  <meta name='ocr-system' content='tesseract 3.04.00' />
  <meta name='ocr-capabilities' content='ocr_page ocr_carea ocr_par ocr_line ocrx_word'/>
</head>
<body>
  <div class='ocr_page' id='page_1' title='image "./mediiaevibiblio00horogoog_0226.png"; bbox 0 0 3774 6186; ppageno 0'>
   <div class='ocr_carea' id='block_1_1' title="bbox 97 296 543 567">
    <p class='ocr_par' dir='ltr' id='par_1_1' title="bbox 97 296 543 567">
     <span class='ocr_line' id='line_1_1' title="bbox 97 296 261 375; baseline 0.024 -3"><span class='ocrx_word' id='word_1_1' title='bbox 97 313 151 375; x_wconf 79' lang='lat' dir='ltr'>stt</span> <span class='ocrx_word' id='word_1_2' title='bbox 255 296 261 301; x_wconf 83' lang='lat'>&#39;</span> 
     </span>
     <span class='ocr_line' id='line_1_2' title="bbox 442 479 543 567; baseline 0.02 -3"><span class='ocrx_word' id='word_1_3' title='bbox 442 479 543 567; x_wconf 82' lang='lat' dir='ltr'>CXV</span> 
     </span>
    </p>
   </div>
   <div class='ocr_carea' id='block_1_2' title="bbox 722 312 1128 374">
    <p class='ocr_par' dir='ltr' id='par_1_2' title="bbox 722 312 1128 374">
     <span class='ocr_line' id='line_1_3' title="bbox 722 312 1128 374; baseline 0 -2"><span class='ocrx_word' id='word_1_4' title='bbox 722 312 948 373; x_wconf 82' lang='lat' dir='ltr'>EPISTOLAE.</span> <span class='ocrx_word' id='word_1_5' title='bbox 974 313 1050 374; x_wconf 87' lang='lat' dir='ltr'>LIB.</span> <span class='ocrx_word' id='word_1_6' title='bbox 1075 314 1128 373; x_wconf 86' lang='lat' dir='ltr'>lv.</span> 
     </span>
    </p>
   </div>
   <div class='ocr_carea' id='block_1_3' title="bbox 1612 192 1622 226">
    <p class='ocr_par' dir='ltr' id='par_1_3' title="bbox 1612 192 1622 226">
     <span class='ocr_line' id='line_1_4' title="bbox 1612 192 1622 226; baseline 0 0"><span class='ocrx_word' id='word_1_7' title='bbox 1612 192 1622 226; x_wconf 78' lang='lat' dir='ltr'>l</span> 
     </span>
    </p>
   </div>
   <div class='ocr_carea' id='block_1_4' title="bbox 1282 302 1819 567">
    <p class='ocr_par' dir='ltr' id='par_1_4' title="bbox 1282 302 1819 567">
     <span class='ocr_line' id='line_1_5' title="bbox 1680 302 1819 370; baseline -0.007 0"><span class='ocrx_word' id='word_1_8' title='bbox 1680 311 1739 370; x_wconf 80' lang='lat' dir='ltr'>us</span> <span class='ocrx_word' id='word_1_9' title='bbox 1816 302 1819 307; x_wconf 84' lang='grc'><em>·</em></span> 
     </span>
     <span class='ocr_line' id='line_1_6' title="bbox 1282 476 1404 567; baseline -0.008 0"><span class='ocrx_word' id='word_1_10' title='bbox 1282 476 1404 567; x_wconf 85' lang='lat' dir='ltr'>CXVI</span> 
     </span>
    </p>
   </div>
   <div class='ocr_carea' id='block_1_5' title="bbox 97 612 1740 699">
    <p class='ocr_par' dir='ltr' id='par_1_5' title="bbox 97 612 1740 699">
     <span class='ocr_line' id='line_1_7' title="bbox 97 612 1740 699; baseline -0.001 -24"><span class='ocrx_word' id='word_1_11' title='bbox 97 615 146 675; x_wconf 76' lang='lat' dir='ltr'>Ad</span> <span class='ocrx_word' id='word_1_12' title='bbox 157 612 312 676; x_wconf 77' lang='lat' dir='ltr'><strong><em>abbatem</em></strong></span> <span class='ocrx_word' id='word_1_13' title='bbox 328 612 362 675; x_wconf 86' lang='lat' dir='ltr'>et</span> <span class='ocrx_word' id='word_1_14' title='bbox 379 615 536 688; x_wconf 85' lang='lat' dir='ltr'>priorem</span> <span class='ocrx_word' id='word_1_15' title='bbox 560 617 603 676; x_wconf 84' lang='lat' dir='ltr'>de</span> <span class='ocrx_word' id='word_1_16' title='bbox 621 616 843 699; x_wconf 81' lang='lat' dir='ltr'>Herverbacb</span> <span class='ocrx_word' id='word_1_17' title='bbox 858 614 890 675; x_wconf 89' lang='lat' dir='ltr'>et</span> <span class='ocrx_word' id='word_1_18' title='bbox 945 615 996 673; x_wconf 85' lang='lat' dir='ltr'>Ad</span> <span class='ocrx_word' id='word_1_19' title='bbox 1016 614 1171 675; x_wconf 79' lang='lat' dir='ltr'><strong><em>abbatem</em></strong></span> <span class='ocrx_word' id='word_1_20' title='bbox 1192 614 1226 674; x_wconf 88' lang='lat' dir='ltr'>et</span> <span class='ocrx_word' id='word_1_21' title='bbox 1239 615 1396 687; x_wconf 78' lang='lat' dir='ltr'><em>priorem</em></span> <span class='ocrx_word' id='word_1_22' title='bbox 1410 614 1545 675; x_wconf 80' lang='lat' dir='ltr'>Sancta</span> <span class='ocrx_word' id='word_1_23' title='bbox 1560 613 1740 687; x_wconf 74' lang='lat' dir='ltr'>danaveta</span> 
     </span>
    </p>
   </div>
   <div class='ocr_carea' id='block_1_6' title="bbox 153 708 827 786">
    <p class='ocr_par' dir='ltr' id='par_1_6' title="bbox 153 708 827 786">
     <span class='ocr_line' id='line_1_8' title="bbox 153 708 827 786; baseline -0.001 -14"><span class='ocrx_word' id='word_1_24' title='bbox 153 714 322 774; x_wconf 78' lang='lat' dir='ltr'>decursam</span> <span class='ocrx_word' id='word_1_25' title='bbox 336 710 472 772; x_wconf 71' lang='lat' dir='ltr'>Sanctae</span> <span class='ocrx_word' id='word_1_26' title='bbox 485 714 612 772; x_wconf 83' lang='lat' dir='ltr'>Morta</span> <span class='ocrx_word' id='word_1_27' title='bbox 625 715 662 772; x_wconf 80' lang='lat' dir='ltr'>ta</span> <span class='ocrx_word' id='word_1_28' title='bbox 680 708 827 786; x_wconf 72' lang='lat' dir='ltr'>Uorapte.</span> 
     </span>
    </p>
   </div>
   <div class='ocr_carea' id='block_1_7' title="bbox 250 824 745 997">
    <p class='ocr_par' dir='ltr' id='par_1_7' title="bbox 250 824 745 997">
     <span class='ocr_line' id='line_1_9' title="bbox 382 824 605 898; baseline 0 -15"><span class='ocrx_word' id='word_1_29' title='bbox 382 826 415 883; x_wconf 84' lang='lat' dir='ltr'>lb</span> <span class='ocrx_word' id='word_1_30' title='bbox 427 824 508 898; x_wconf 80' lang='lat' dir='ltr'>april.</span> <span class='ocrx_word' id='word_1_31' title='bbox 528 825 605 883; x_wconf 75' lang='lat' dir='ltr'>lito.</span> 
     </span>
     <span class='ocr_line' id='line_1_10' title="bbox 250 929 745 997; baseline -0.006 -16"><span class='ocrx_word' id='word_1_32' title='bbox 250 931 413 997; x_wconf 83' lang='lat' dir='ltr'>[Wartwein.</span> <span class='ocrx_word' id='word_1_33' title='bbox 423 933 486 982; x_wconf 76' lang='lat' dir='ltr'>lior.</span> <span class='ocrx_word' id='word_1_34' title='bbox 498 930 666 995; x_wconf 79' lang='lat' dir='ltr'>Suus.,1v,p.</span> <span class='ocrx_word' id='word_1_35' title='bbox 679 929 745 994; x_wconf 71' lang='lat' dir='ltr'>iffi]</span> 
     </span>
    </p>
   </div>
   <div class='ocr_carea' id='block_1_8' title="bbox 965 710 1719 786">
    <p class='ocr_par' dir='ltr' id='par_1_8' title="bbox 965 710 1719 786">
     <span class='ocr_line' id='line_1_11' title="bbox 965 710 1719 786; baseline -0.007 -13"><span class='ocrx_word' id='word_1_36' title='bbox 965 710 999 774; x_wconf 88' lang='lat' dir='ltr'>et</span> <span class='ocrx_word' id='word_1_37' title='bbox 1013 714 1097 772; x_wconf 80' lang='lat' dir='ltr'>ltad.</span> <span class='ocrx_word' id='word_1_38' title='bbox 1112 717 1325 786; x_wconf 79' lang='lat' dir='ltr'>rapotonem</span> <span class='ocrx_word' id='word_1_39' title='bbox 1344 714 1471 785; x_wconf 79' lang='lat' dir='ltr'>Templi</span> <span class='ocrx_word' id='word_1_40' title='bbox 1493 713 1719 772; x_wconf 79' lang='lat' dir='ltr'>Partstaaats.</span> 
     </span>
    </p>
   </div>
   <div class='ocr_carea' id='block_1_9' title="bbox 963 824 1727 995">
    <p class='ocr_par' dir='ltr' id='par_1_9' title="bbox 963 824 1727 995">
     <span class='ocr_line' id='line_1_12' title="bbox 1237 824 1456 896; baseline 0 -14"><span class='ocrx_word' id='word_1_41' title='bbox 1237 825 1367 896; x_wconf 73' lang='lat' dir='ltr'>ineptit.</span> <span class='ocrx_word' id='word_1_42' title='bbox 1386 824 1456 882; x_wconf 81' lang='lat' dir='ltr'>lttb</span> 
     </span>
     <span class='ocr_line' id='line_1_13' title="bbox 963 929 1727 995; baseline -0.001 -15"><span class='ocrx_word' id='word_1_43' title='bbox 963 931 1083 994; x_wconf 70' lang='lat' dir='ltr'>[begeat.</span> <span class='ocrx_word' id='word_1_44' title='bbox 1095 929 1140 982; x_wconf 65' lang='lat' dir='ltr'>lib,</span> <span class='ocrx_word' id='word_1_45' title='bbox 1158 932 1201 988; x_wconf 86' lang='lat' dir='ltr'>tv,</span> <span class='ocrx_word' id='word_1_46' title='bbox 1215 931 1290 994; x_wconf 82' lang='lat' dir='ltr'><strong>epist.</strong></span> <span class='ocrx_word' id='word_1_47' title='bbox 1303 929 1357 981; x_wconf 82' lang='lat' dir='ltr'>lit.</span> <span class='ocrx_word' id='word_1_48' title='bbox 1373 932 1429 981; x_wconf 80' lang='lat' dir='ltr'>ilss.</span> <span class='ocrx_word' id='word_1_49' title='bbox 1447 933 1484 982; x_wconf 84' lang='lat' dir='ltr'>La</span> <span class='ocrx_word' id='word_1_50' title='bbox 1496 930 1571 980; x_wconf 83' lang='lat' dir='ltr'>Porto</span> <span class='ocrx_word' id='word_1_51' title='bbox 1585 931 1620 982; x_wconf 87' lang='lat' dir='ltr'>dn</span> <span class='ocrx_word' id='word_1_52' title='bbox 1633 930 1727 995; x_wconf 75' lang='lat' dir='ltr'>thail]</span> 
     </span>
    </p>
   </div>
   <div class='ocr_carea' id='block_1_10' title="bbox 101 1037 1747 1702">
    <p class='ocr_par' dir='ltr' id='par_1_10' title="bbox 101 1037 1742 1186">
     <span class='ocr_line' id='line_1_14' title="bbox 101 1037 1742 1113; baseline -0.001 -17"><span class='ocrx_word' id='word_1_53' title='bbox 101 1039 190 1113; x_wconf 85' lang='lat' dir='ltr'>Super</span> <span class='ocrx_word' id='word_1_54' title='bbox 203 1039 343 1096; x_wconf 84' lang='lat' dir='ltr'>eleetIone</span> <span class='ocrx_word' id='word_1_55' title='bbox 358 1037 470 1112; x_wconf 79' lang='lat' dir='ltr'>plebani</span> <span class='ocrx_word' id='word_1_56' title='bbox 485 1038 514 1094; x_wconf 87' lang='lat' dir='ltr'>ln</span> <span class='ocrx_word' id='word_1_57' title='bbox 529 1038 651 1095; x_wconf 90' lang='lat' dir='ltr'>ecclesia</span> <span class='ocrx_word' id='word_1_58' title='bbox 667 1038 779 1095; x_wconf 81' lang='lat' dir='ltr'>Sancte</span> <span class='ocrx_word' id='word_1_59' title='bbox 795 1037 891 1095; x_wconf 78' lang='lat' dir='ltr'>llarioe</span> <span class='ocrx_word' id='word_1_60' title='bbox 949 1039 989 1095; x_wconf 88' lang='lat' dir='ltr'>De</span> <span class='ocrx_word' id='word_1_61' title='bbox 1013 1038 1114 1095; x_wconf 88' lang='lat' dir='ltr'>vitiosa</span> <span class='ocrx_word' id='word_1_62' title='bbox 1137 1039 1276 1095; x_wconf 82' lang='lat' dir='ltr'>electione</span> <span class='ocrx_word' id='word_1_63' title='bbox 1288 1039 1419 1111; x_wconf 81' lang='lat' dir='ltr'>magistri</span> <span class='ocrx_word' id='word_1_64' title='bbox 1435 1038 1560 1096; x_wconf 86' lang='lat' dir='ltr'>Gualteri</span> <span class='ocrx_word' id='word_1_65' title='bbox 1575 1038 1605 1095; x_wconf 93' lang='lat' dir='ltr'>in</span> <span class='ocrx_word' id='word_1_66' title='bbox 1622 1039 1742 1095; x_wconf 88' lang='lat' dir='ltr'>ecclesia</span> 
     </span>
     <span class='ocr_line' id='line_1_15' title="bbox 381 1126 1429 1186; baseline 0.001 -4"><span class='ocrx_word' id='word_1_67' title='bbox 381 1126 613 1185; x_wconf 82' lang='lat' dir='ltr'>incontinentia.</span> <span class='ocrx_word' id='word_1_68' title='bbox 1265 1129 1429 1186; x_wconf 88' lang='lat' dir='ltr'>Purislensi.</span> 
     </span>
    </p>

    <p class='ocr_par' dir='ltr' id='par_1_11' title="bbox 104 1231 1746 1509">
     <span class='ocr_line' id='line_1_16' title="bbox 139 1231 1746 1309; baseline 0.001 -12"><span class='ocrx_word' id='word_1_69' title='bbox 139 1234 317 1306; x_wconf 89' lang='lat' dir='ltr'>Honorius,</span> <span class='ocrx_word' id='word_1_70' title='bbox 331 1237 406 1306; x_wconf 68' lang='lat' dir='ltr'>etc„</span> <span class='ocrx_word' id='word_1_71' title='bbox 421 1235 550 1296; x_wconf 86' lang='lat' dir='ltr'>dilectis</span> <span class='ocrx_word' id='word_1_72' title='bbox 575 1233 690 1294; x_wconf 88' lang='lat' dir='ltr'>tiliis...</span> <span class='ocrx_word' id='word_1_73' title='bbox 721 1231 834 1296; x_wconf 90' lang='lat' dir='ltr'>abbati</span> <span class='ocrx_word' id='word_1_74' title='bbox 862 1236 895 1296; x_wconf 92' lang='lat' dir='ltr'>et</span> <span class='ocrx_word' id='word_1_75' title='bbox 988 1237 1169 1309; x_wconf 90' lang='lat' dir='ltr'>Honorius,</span> <span class='ocrx_word' id='word_1_76' title='bbox 1183 1237 1259 1308; x_wconf 72' lang='lat' dir='ltr'>etc„</span> <span class='ocrx_word' id='word_1_77' title='bbox 1276 1236 1406 1298; x_wconf 89' lang='lat' dir='ltr'>dilectis</span> <span class='ocrx_word' id='word_1_78' title='bbox 1428 1235 1546 1297; x_wconf 84' lang='lat' dir='ltr'>filiis...</span> <span class='ocrx_word' id='word_1_79' title='bbox 1573 1235 1696 1308; x_wconf 87' lang='lat' dir='ltr'>abbati,</span> <span class='ocrx_word' id='word_1_80' title='bbox 1713 1238 1746 1298; x_wconf 86' lang='lat' dir='ltr'>ot</span> 
     </span>
     <span class='ocr_line' id='line_1_17' title="bbox 104 1332 1745 1411; baseline 0 -16"><span class='ocrx_word' id='word_1_81' title='bbox 104 1333 205 1409; x_wconf 79' lang='lat' dir='ltr'>priori</span> <span class='ocrx_word' id='word_1_82' title='bbox 216 1334 257 1394; x_wconf 91' lang='lat' dir='ltr'>de</span> <span class='ocrx_word' id='word_1_83' title='bbox 271 1332 496 1404; x_wconf 86' lang='lat' dir='ltr'>Herverbach,</span> <span class='ocrx_word' id='word_1_84' title='bbox 509 1334 577 1393; x_wconf 86' lang='lat' dir='ltr'>et...</span> <span class='ocrx_word' id='word_1_85' title='bbox 592 1332 717 1394; x_wconf 89' lang='lat' dir='ltr'>decano</span> <span class='ocrx_word' id='word_1_86' title='bbox 730 1335 762 1392; x_wconf 88' lang='lat' dir='ltr'>S.</span> <span class='ocrx_word' id='word_1_87' title='bbox 779 1332 894 1393; x_wconf 84' lang='lat' dir='ltr'>Marias</span> <span class='ocrx_word' id='word_1_88' title='bbox 950 1335 1054 1411; x_wconf 84' lang='lat' dir='ltr'>priori</span> <span class='ocrx_word' id='word_1_89' title='bbox 1068 1336 1198 1396; x_wconf 76' lang='lat' dir='ltr'>sancta</span> <span class='ocrx_word' id='word_1_90' title='bbox 1211 1333 1387 1396; x_wconf 80' lang='lat' dir='ltr'>Genorelae</span> <span class='ocrx_word' id='word_1_91' title='bbox 1407 1337 1439 1395; x_wconf 91' lang='lat' dir='ltr'>et</span> <span class='ocrx_word' id='word_1_92' title='bbox 1456 1334 1552 1406; x_wconf 70' lang='lat' dir='ltr'>Rad„</span> <span class='ocrx_word' id='word_1_93' title='bbox 1572 1332 1745 1411; x_wconf 88' lang='lat' dir='ltr'>capellano</span> 
     </span>
     <span class='ocr_line' id='line_1_18' title="bbox 104 1429 1551 1509; baseline 0.001 -20"><span class='ocrx_word' id='word_1_94' title='bbox 104 1429 134 1491; x_wconf 89' lang='lat' dir='ltr'>in</span> <span class='ocrx_word' id='word_1_95' title='bbox 143 1431 287 1507; x_wconf 75' lang='lat' dir='ltr'>campie,</span> <span class='ocrx_word' id='word_1_96' title='bbox 302 1432 449 1506; x_wconf 82' lang='lat' dir='ltr'>Mogunt.</span> <span class='ocrx_word' id='word_1_97' title='bbox 461 1430 625 1501; x_wconf 72' lang='lat' dir='ltr'>dioecesis</span> <span class='ocrx_word' id='word_1_98' title='bbox 636 1429 787 1501; x_wconf 87' lang='lat' dir='ltr'>salutem,</span> <span class='ocrx_word' id='word_1_99' title='bbox 799 1431 861 1491; x_wconf 91' lang='lat' dir='ltr'>etc.</span> <span class='ocrx_word' id='word_1_100' title='bbox 950 1432 1079 1509; x_wconf 84' lang='lat' dir='ltr'>Templi</span> <span class='ocrx_word' id='word_1_101' title='bbox 1095 1432 1306 1504; x_wconf 77' lang='lat' dir='ltr'>parisiensis,</span> <span class='ocrx_word' id='word_1_102' title='bbox 1320 1431 1472 1502; x_wconf 85' lang='lat' dir='ltr'>salutem,</span> <span class='ocrx_word' id='word_1_103' title='bbox 1489 1432 1551 1493; x_wconf 88' lang='lat' dir='ltr'>etc.</span> 
     </span>
    </p>

    <p class='ocr_par' dir='ltr' id='par_1_12' title="bbox 103 1525 1747 1702">
     <span class='ocr_line' id='line_1_19' title="bbox 139 1525 1747 1605; baseline 0.001 -16"><span class='ocrx_word' id='word_1_104' title='bbox 139 1530 208 1589; x_wconf 83' lang='lat' dir='ltr'>Sua</span> <span class='ocrx_word' id='word_1_105' title='bbox 246 1526 342 1589; x_wconf 90' lang='lat' dir='ltr'>nobis</span> <span class='ocrx_word' id='word_1_106' title='bbox 380 1526 520 1587; x_wconf 89' lang='lat' dir='ltr'>dilectus</span> <span class='ocrx_word' id='word_1_107' title='bbox 549 1525 638 1586; x_wconf 84' lang='lat' dir='ltr'>filius</span> <span class='ocrx_word' id='word_1_108' title='bbox 665 1526 893 1602; x_wconf 79' lang='lat' dir='ltr'>lingelbertus</span> <span class='ocrx_word' id='word_1_109' title='bbox 991 1531 1071 1590; x_wconf 88' lang='lat' dir='ltr'>Cum</span> <span class='ocrx_word' id='word_1_110' title='bbox 1089 1530 1285 1591; x_wconf 89' lang='lat' dir='ltr'>electionem</span> <span class='ocrx_word' id='word_1_111' title='bbox 1300 1528 1473 1590; x_wconf 87' lang='lat' dir='ltr'>dedilecto</span> <span class='ocrx_word' id='word_1_112' title='bbox 1497 1529 1567 1590; x_wconf 85' lang='lat' dir='ltr'>illio</span> <span class='ocrx_word' id='word_1_113' title='bbox 1586 1529 1747 1605; x_wconf 81' lang='lat' dir='ltr'>magistro</span> 
     </span>
     <span class='ocr_line' id='line_1_20' title="bbox 103 1623 1746 1702; baseline 0.001 -16"><span class='ocrx_word' id='word_1_114' title='bbox 103 1625 273 1702; x_wconf 83' lang='lat' dir='ltr'>presbyter</span> <span class='ocrx_word' id='word_1_115' title='bbox 284 1625 466 1686; x_wconf 89' lang='lat' dir='ltr'>canonicus</span> <span class='ocrx_word' id='word_1_116' title='bbox 480 1625 513 1684; x_wconf 89' lang='lat' dir='ltr'>S.</span> <span class='ocrx_word' id='word_1_117' title='bbox 529 1623 657 1684; x_wconf 80' lang='lat' dir='ltr'>Florini</span> <span class='ocrx_word' id='word_1_118' title='bbox 669 1624 704 1684; x_wconf 93' lang='lat' dir='ltr'>in</span> <span class='ocrx_word' id='word_1_119' title='bbox 718 1623 897 1684; x_wconf 87' lang='lat' dir='ltr'>Contineu-</span> <span class='ocrx_word' id='word_1_120' title='bbox 952 1627 1108 1689; x_wconf 80' lang='lat' dir='ltr'>Gnaltero</span> <span class='ocrx_word' id='word_1_121' title='bbox 1132 1628 1166 1687; x_wconf 83' lang='lat' dir='ltr'>ln</span> <span class='ocrx_word' id='word_1_122' title='bbox 1187 1627 1372 1688; x_wconf 74' lang='lat' dir='ltr'>parisiensi</span> <span class='ocrx_word' id='word_1_123' title='bbox 1391 1627 1532 1689; x_wconf 87' lang='lat' dir='ltr'>ecelesia</span> <span class='ocrx_word' id='word_1_124' title='bbox 1547 1627 1746 1688; x_wconf 77' lang='lat' dir='ltr'>celebratam</span> 
     </span>
    </p>
   </div>
   <div class='ocr_carea' id='block_1_11' title="bbox 104 1720 1855 1809">
    <p class='ocr_par' dir='ltr' id='par_1_13' title="bbox 104 1720 1855 1809">
     <span class='ocr_line' id='line_1_21' title="bbox 104 1720 1855 1809; baseline 0.002 -28"><span class='ocrx_word' id='word_1_125' title='bbox 104 1722 159 1795; x_wconf 90' lang='lat' dir='ltr'>tia,</span> <span class='ocrx_word' id='word_1_126' title='bbox 178 1723 404 1784; x_wconf 81' lang='lat' dir='ltr'>insinuatione</span> <span class='ocrx_word' id='word_1_127' title='bbox 419 1720 627 1794; x_wconf 86' lang='lat' dir='ltr'>monstravit,</span> <span class='ocrx_word' id='word_1_128' title='bbox 645 1721 818 1798; x_wconf 84' lang='lat' dir='ltr'>quodcum</span> <span class='ocrx_word' id='word_1_129' title='bbox 835 1737 896 1781; x_wconf 92' lang='lat' dir='ltr'>uos</span> <span class='ocrx_word' id='word_1_130' title='bbox 951 1727 984 1786; x_wconf 91' lang='lat' dir='ltr'>et</span> <span class='ocrx_word' id='word_1_131' title='bbox 1013 1725 1300 1787; x_wconf 65' lang='lat' dir='ltr'>confirmatorem</span> <span class='ocrx_word' id='word_1_132' title='bbox 1333 1726 1482 1802; x_wconf 87' lang='lat' dir='ltr'>ejusdam</span> <span class='ocrx_word' id='word_1_133' title='bbox 1515 1723 1557 1786; x_wconf 93' lang='lat' dir='ltr'>ob</span> <span class='ocrx_word' id='word_1_134' title='bbox 1591 1725 1748 1786; x_wconf 88' lang='lat' dir='ltr'>vitiosum</span> <span class='ocrx_word' id='word_1_135' title='bbox 1848 1798 1855 1809; x_wconf 69' lang='lat'>,</span> 
     </span>
    </p>
   </div>
   <div class='ocr_carea' id='block_1_12' title="bbox 97 1818 1754 3069">
    <p class='ocr_par' dir='ltr' id='par_1_14' title="bbox 97 1818 1754 3069">
     <span class='ocr_line' id='line_1_22' title="bbox 97 1818 1745 1900; baseline 0.003 -22"><span class='ocrx_word' id='word_1_136' title='bbox 97 1818 232 1882; x_wconf 85' lang='lat' dir='ltr'>dilectis</span> <span class='ocrx_word' id='word_1_137' title='bbox 250 1819 365 1880; x_wconf 84' lang='lat' dir='ltr'>tiliis...</span> <span class='ocrx_word' id='word_1_138' title='bbox 382 1819 627 1880; x_wconf 75' lang='lat' dir='ltr'>Warmamensi</span> <span class='ocrx_word' id='word_1_139' title='bbox 647 1818 764 1890; x_wconf 87' lang='lat' dir='ltr'>electo,</span> <span class='ocrx_word' id='word_1_140' title='bbox 789 1820 824 1879; x_wconf 91' lang='lat' dir='ltr'>ei</span> <span class='ocrx_word' id='word_1_141' title='bbox 844 1818 898 1878; x_wconf 87' lang='lat' dir='ltr'>ab·</span> <span class='ocrx_word' id='word_1_142' title='bbox 953 1823 1124 1900; x_wconf 86' lang='lat' dir='ltr'>utriusque</span> <span class='ocrx_word' id='word_1_143' title='bbox 1137 1839 1327 1900; x_wconf 86' lang='lat' dir='ltr'>processum</span> <span class='ocrx_word' id='word_1_144' title='bbox 1342 1823 1383 1883; x_wconf 88' lang='lat' dir='ltr'>de</span> <span class='ocrx_word' id='word_1_145' title='bbox 1398 1822 1537 1885; x_wconf 81' lang='lat' dir='ltr'>fratrum</span> <span class='ocrx_word' id='word_1_146' title='bbox 1554 1824 1745 1884; x_wconf 88' lang='lat' dir='ltr'>nostrorum</span> 
     </span>
     <span class='ocr_line' id='line_1_23' title="bbox 97 1911 1746 1996; baseline 0.004 -21"><span class='ocrx_word' id='word_1_147' title='bbox 97 1911 168 1977; x_wconf 89' lang='lat' dir='ltr'>bati</span> <span class='ocrx_word' id='word_1_148' title='bbox 182 1920 216 1977; x_wconf 88' lang='lat' dir='ltr'>et</span> <span class='ocrx_word' id='word_1_149' title='bbox 229 1916 332 1993; x_wconf 91' lang='lat' dir='ltr'>priori</span> <span class='ocrx_word' id='word_1_150' title='bbox 348 1915 413 1976; x_wconf 89' lang='lat' dir='ltr'>loci</span> <span class='ocrx_word' id='word_1_151' title='bbox 429 1917 462 1975; x_wconf 85' lang='lat' dir='ltr'>S.</span> <span class='ocrx_word' id='word_1_152' title='bbox 473 1915 588 1975; x_wconf 77' lang='lat' dir='ltr'>tlariae</span> <span class='ocrx_word' id='word_1_153' title='bbox 601 1917 796 1975; x_wconf 83' lang='lat' dir='ltr'>Treverens.</span> <span class='ocrx_word' id='word_1_154' title='bbox 814 1914 899 1975; x_wconf 91' lang='lat' dir='ltr'>dioe-</span> <span class='ocrx_word' id='word_1_155' title='bbox 953 1920 1091 1983; x_wconf 89' lang='lat' dir='ltr'>consilio</span> <span class='ocrx_word' id='word_1_156' title='bbox 1104 1921 1356 1991; x_wconf 88' lang='lat' dir='ltr'>cassaverimus,</span> <span class='ocrx_word' id='word_1_157' title='bbox 1365 1921 1496 1996; x_wconf 88' lang='lat' dir='ltr'>justitia</span> <span class='ocrx_word' id='word_1_158' title='bbox 1511 1920 1746 1996; x_wconf 73' lang='lat' dir='ltr'>origentadis·</span> 
     </span>
     <span class='ocr_line' id='line_1_24' title="bbox 97 2009 1748 2095; baseline 0 -23"><span class='ocrx_word' id='word_1_159' title='bbox 97 2013 185 2076; x_wconf 82' lang='lat' dir='ltr'>:esis</span> <span class='ocrx_word' id='word_1_160' title='bbox 200 2013 389 2073; x_wconf 87' lang='lat' dir='ltr'>dederimus</span> <span class='ocrx_word' id='word_1_161' title='bbox 405 2012 439 2072; x_wconf 93' lang='lat' dir='ltr'>iu</span> <span class='ocrx_word' id='word_1_162' title='bbox 458 2011 633 2079; x_wconf 75' lang='lat' dir='ltr'>mandalis</span> <span class='ocrx_word' id='word_1_163' title='bbox 651 2014 685 2072; x_wconf 91' lang='lat' dir='ltr'>ut</span> <span class='ocrx_word' id='word_1_164' title='bbox 700 2012 729 2072; x_wconf 92' lang='lat' dir='ltr'>si</span> <span class='ocrx_word' id='word_1_165' title='bbox 752 2011 841 2072; x_wconf 87' lang='lat' dir='ltr'>esset</span> <span class='ocrx_word' id='word_1_166' title='bbox 857 2009 895 2070; x_wconf 92' lang='lat' dir='ltr'>ad</span> <span class='ocrx_word' id='word_1_167' title='bbox 952 2019 1092 2080; x_wconf 74' lang='lat' dir='ltr'>crettoni</span> <span class='ocrx_word' id='word_1_168' title='bbox 1108 2021 1227 2079; x_wconf 67' lang='lat' dir='ltr'>vestrae</span> <span class='ocrx_word' id='word_1_169' title='bbox 1238 2034 1297 2095; x_wconf 70' lang='lat' dir='ltr'>per</span> <span class='ocrx_word' id='word_1_170' title='bbox 1309 2018 1499 2094; x_wconf 76' lang='lat' dir='ltr'>ApostnlIna</span> <span class='ocrx_word' id='word_1_171' title='bbox 1513 2018 1638 2095; x_wconf 80' lang='lat' dir='ltr'>snrtpta</span> <span class='ocrx_word' id='word_1_172' title='bbox 1652 2033 1748 2080; x_wconf 86' lang='lat' dir='ltr'>man-</span> 
     </span>
     <span class='ocr_line' id='line_1_25' title="bbox 97 2108 1749 2192; baseline 0 -21"><span class='ocrx_word' id='word_1_173' title='bbox 97 2127 161 2172; x_wconf 81' lang='lat' dir='ltr'>nos</span> <span class='ocrx_word' id='word_1_174' title='bbox 176 2109 343 2172; x_wconf 85' lang='lat' dir='ltr'>ordinatio</span> <span class='ocrx_word' id='word_1_175' title='bbox 356 2109 673 2170; x_wconf 67' lang='lat' dir='ltr'>ecclesiastieae</span> <span class='ocrx_word' id='word_1_176' title='bbox 684 2108 899 2169; x_wconf 85' lang='lat' dir='ltr'>inCoussuen-</span> <span class='ocrx_word' id='word_1_177' title='bbox 953 2116 1260 2191; x_wconf 78' lang='lat' dir='ltr'>damus,quate11ns</span> <span class='ocrx_word' id='word_1_178' title='bbox 1280 2115 1309 2175; x_wconf 86' lang='lat' dir='ltr'>si</span> <span class='ocrx_word' id='word_1_179' title='bbox 1331 2131 1405 2191; x_wconf 82' lang='lat' dir='ltr'>qnae</span> <span class='ocrx_word' id='word_1_180' title='bbox 1427 2115 1675 2192; x_wconf 75' lang='lat' dir='ltr'>suspensionis,</span> <span class='ocrx_word' id='word_1_181' title='bbox 1696 2115 1749 2175; x_wconf 83' lang='lat' dir='ltr'>vel</span> 
     </span>
     <span class='ocr_line' id='line_1_26' title="bbox 97 2205 1750 2286; baseline -0.003 -9"><span class='ocrx_word' id='word_1_182' title='bbox 97 2208 269 2286; x_wconf 63' lang='lat' dir='ltr'>tia,prout</span> <span class='ocrx_word' id='word_1_183' title='bbox 280 2207 376 2268; x_wconf 81' lang='lat' dir='ltr'>nobi8</span> <span class='ocrx_word' id='word_1_184' title='bbox 390 2207 580 2284; x_wconf 74' lang='lat' dir='ltr'>suggestum</span> <span class='ocrx_word' id='word_1_185' title='bbox 601 2205 720 2278; x_wconf 70' lang='lat' dir='ltr'>fuerat,</span> <span class='ocrx_word' id='word_1_186' title='bbox 733 2206 897 2276; x_wconf 68' lang='lat' dir='ltr'>devoluta,</span> <span class='ocrx_word' id='word_1_187' title='bbox 953 2213 1305 2274; x_wconf 83' lang='lat' dir='ltr'>excommunicationis</span> <span class='ocrx_word' id='word_1_188' title='bbox 1353 2213 1527 2274; x_wconf 85' lang='lat' dir='ltr'>sententiae</span> <span class='ocrx_word' id='word_1_189' title='bbox 1570 2213 1750 2274; x_wconf 86' lang='lat' dir='ltr'>occasione</span> 
     </span>
     <span class='ocr_line' id='line_1_27' title="bbox 97 2303 1751 2387; baseline -0.002 -20"><span class='ocrx_word' id='word_1_190' title='bbox 97 2303 897 2382; x_wconf 70' lang='lat' dir='ltr'>samuepersonaidonoaordinaront,praedicti</span> <span class='ocrx_word' id='word_1_191' title='bbox 954 2310 1139 2381; x_wconf 75' lang='lat' dir='ltr'>electionis,</span> <span class='ocrx_word' id='word_1_192' title='bbox 1168 2326 1228 2370; x_wconf 77' lang='lat' dir='ltr'>sen</span> <span class='ocrx_word' id='word_1_193' title='bbox 1265 2309 1527 2371; x_wconf 74' lang='lat' dir='ltr'>conflrmatmms</span> <span class='ocrx_word' id='word_1_194' title='bbox 1560 2309 1751 2387; x_wconf 85' lang='lat' dir='ltr'>hujusmodl</span> 
     </span>
     <span class='ocr_line' id='line_1_28' title="bbox 97 2400 1751 2484; baseline 0.002 -19"><span class='ocrx_word' id='word_1_195' title='bbox 97 2404 208 2465; x_wconf 75' lang='lat' dir='ltr'>abbas</span> <span class='ocrx_word' id='word_1_196' title='bbox 237 2405 270 2465; x_wconf 91' lang='lat' dir='ltr'>et</span> <span class='ocrx_word' id='word_1_197' title='bbox 290 2404 394 2480; x_wconf 87' lang='lat' dir='ltr'>prior,</span> <span class='ocrx_word' id='word_1_198' title='bbox 415 2402 655 2464; x_wconf 87' lang='lat' dir='ltr'>committentes</span> <span class='ocrx_word' id='word_1_199' title='bbox 682 2402 733 2462; x_wconf 91' lang='lat' dir='ltr'>illi</span> <span class='ocrx_word' id='word_1_200' title='bbox 760 2400 898 2478; x_wconf 81' lang='lat' dir='ltr'>praelato</span> <span class='ocrx_word' id='word_1_201' title='bbox 955 2410 1033 2469; x_wconf 88' lang='lat' dir='ltr'>sunt</span> <span class='ocrx_word' id='word_1_202' title='bbox 1055 2409 1089 2468; x_wconf 91' lang='lat' dir='ltr'>in</span> <span class='ocrx_word' id='word_1_203' title='bbox 1111 2407 1241 2484; x_wconf 88' lang='lat' dir='ltr'>ailquos</span> <span class='ocrx_word' id='word_1_204' title='bbox 1263 2407 1304 2468; x_wconf 87' lang='lat' dir='ltr'>de</span> <span class='ocrx_word' id='word_1_205' title='bbox 1329 2407 1494 2468; x_wconf 86' lang='lat' dir='ltr'>Parisien.</span> <span class='ocrx_word' id='word_1_206' title='bbox 1510 2407 1667 2484; x_wconf 89' lang='lat' dir='ltr'>capitula,</span> <span class='ocrx_word' id='word_1_207' title='bbox 1690 2423 1751 2467; x_wconf 89' lang='lat' dir='ltr'>seu</span> 
     </span>
     <span class='ocr_line' id='line_1_29' title="bbox 97 2499 1752 2583; baseline 0.001 -19"><span class='ocrx_word' id='word_1_208' title='bbox 97 2502 212 2565; x_wconf 77' lang='lat' dir='ltr'>eleeto</span> <span class='ocrx_word' id='word_1_209' title='bbox 223 2516 282 2578; x_wconf 90' lang='lat' dir='ltr'>per</span> <span class='ocrx_word' id='word_1_210' title='bbox 297 2501 449 2577; x_wconf 90' lang='lat' dir='ltr'>proprias</span> <span class='ocrx_word' id='word_1_211' title='bbox 464 2500 592 2561; x_wconf 87' lang='lat' dir='ltr'>litteras</span> <span class='ocrx_word' id='word_1_212' title='bbox 607 2499 698 2560; x_wconf 83' lang='lat' dir='ltr'>vices</span> <span class='ocrx_word' id='word_1_213' title='bbox 715 2515 804 2572; x_wconf 87' lang='lat' dir='ltr'>suas,</span> <span class='ocrx_word' id='word_1_214' title='bbox 821 2499 900 2560; x_wconf 89' lang='lat' dir='ltr'>lieet</span> <span class='ocrx_word' id='word_1_215' title='bbox 954 2505 1119 2583; x_wconf 88' lang='lat' dir='ltr'>quoslibet</span> <span class='ocrx_word' id='word_1_216' title='bbox 1149 2504 1234 2566; x_wconf 85' lang='lat' dir='ltr'>allos</span> <span class='ocrx_word' id='word_1_217' title='bbox 1267 2505 1505 2581; x_wconf 81' lang='lat' dir='ltr'>promulgatae,</span> <span class='ocrx_word' id='word_1_218' title='bbox 1528 2507 1586 2566; x_wconf 90' lang='lat' dir='ltr'>aut</span> <span class='ocrx_word' id='word_1_219' title='bbox 1612 2504 1752 2566; x_wconf 89' lang='lat' dir='ltr'>omnino</span> 
     </span>
     <span class='ocr_line' id='line_1_30' title="bbox 97 2596 1753 2680; baseline -0.008 -19"><span class='ocrx_word' id='word_1_220' title='bbox 97 2598 262 2662; x_wconf 83' lang='lat' dir='ltr'>canonici</span> <span class='ocrx_word' id='word_1_221' title='bbox 285 2600 319 2658; x_wconf 86' lang='lat' dir='ltr'>S.</span> <span class='ocrx_word' id='word_1_222' title='bbox 342 2597 491 2658; x_wconf 90' lang='lat' dir='ltr'>Pastoris</span> <span class='ocrx_word' id='word_1_223' title='bbox 515 2597 550 2657; x_wconf 93' lang='lat' dir='ltr'>in</span> <span class='ocrx_word' id='word_1_224' title='bbox 572 2596 792 2667; x_wconf 82' lang='lat' dir='ltr'>confluentia,</span> <span class='ocrx_word' id='word_1_225' title='bbox 817 2598 901 2657; x_wconf 82' lang='lat' dir='ltr'>Tre-</span> <span class='ocrx_word' id='word_1_226' title='bbox 955 2603 1081 2680; x_wconf 85' lang='lat' dir='ltr'>aliquid</span> <span class='ocrx_word' id='word_1_227' title='bbox 1100 2603 1308 2664; x_wconf 79' lang='lat' dir='ltr'>lmmntntum</span> <span class='ocrx_word' id='word_1_228' title='bbox 1328 2603 1526 2664; x_wconf 67' lang='lat' dir='ltr'>auctoritate</span> <span class='ocrx_word' id='word_1_229' title='bbox 1546 2603 1672 2671; x_wconf 67' lang='lat' dir='ltr'>nostra,</span> <span class='ocrx_word' id='word_1_230' title='bbox 1690 2618 1753 2663; x_wconf 70' lang='lat' dir='ltr'>su.</span> 
     </span>
     <span class='ocr_line' id='line_1_31' title="bbox 97 2692 1751 2777; baseline -0.004 -11"><span class='ocrx_word' id='word_1_231' title='bbox 97 2713 221 2759; x_wconf 73' lang='lat' dir='ltr'>veress·</span> <span class='ocrx_word' id='word_1_232' title='bbox 235 2695 400 2767; x_wconf 55' lang='lat' dir='ltr'>(limosis,</span> <span class='ocrx_word' id='word_1_233' title='bbox 417 2695 458 2755; x_wconf 71' lang='lat' dir='ltr'>ad</span> <span class='ocrx_word' id='word_1_234' title='bbox 475 2710 558 2771; x_wconf 78' lang='lat' dir='ltr'>quos</span> <span class='ocrx_word' id='word_1_235' title='bbox 579 2694 728 2772; x_wconf 89' lang='lat' dir='ltr'>ejusdem</span> <span class='ocrx_word' id='word_1_236' title='bbox 750 2692 900 2755; x_wconf 86' lang='lat' dir='ltr'>eeclesiae</span> <span class='ocrx_word' id='word_1_237' title='bbox 955 2700 1045 2763; x_wconf 89' lang='lat' dir='ltr'>blato</span> <span class='ocrx_word' id='word_1_238' title='bbox 1062 2700 1295 2777; x_wconf 88' lang='lat' dir='ltr'>appellationis</span> <span class='ocrx_word' id='word_1_239' title='bbox 1310 2700 1492 2770; x_wconf 89' lang='lat' dir='ltr'>obstaculo,</span> <span class='ocrx_word' id='word_1_240' title='bbox 1505 2701 1637 2776; x_wconf 88' lang='lat' dir='ltr'>penitus</span> <span class='ocrx_word' id='word_1_241' title='bbox 1658 2715 1751 2761; x_wconf 87' lang='lat' dir='ltr'>revo-</span> 
     </span>
     <span class='ocr_line' id='line_1_32' title="bbox 97 2790 1751 2870; baseline -0.001 -16"><span class='ocrx_word' id='word_1_242' title='bbox 97 2793 242 2855; x_wconf 88' lang='lat' dir='ltr'>collatio</span> <span class='ocrx_word' id='word_1_243' title='bbox 262 2809 327 2853; x_wconf 90' lang='lat' dir='ltr'>non</span> <span class='ocrx_word' id='word_1_244' title='bbox 352 2790 532 2869; x_wconf 88' lang='lat' dir='ltr'>spectabat,</span> <span class='ocrx_word' id='word_1_245' title='bbox 549 2791 713 2867; x_wconf 84' lang='lat' dir='ltr'>atquibus</span> <span class='ocrx_word' id='word_1_246' title='bbox 729 2790 902 2851; x_wconf 88' lang='lat' dir='ltr'>nibilomi-</span> <span class='ocrx_word' id='word_1_247' title='bbox 956 2799 1048 2861; x_wconf 71' lang='lat' dir='ltr'>nelis,</span> <span class='ocrx_word' id='word_1_248' title='bbox 1063 2798 1154 2870; x_wconf 85' lang='lat' dir='ltr'>Quod</span> <span class='ocrx_word' id='word_1_249' title='bbox 1174 2801 1203 2858; x_wconf 79' lang='lat' dir='ltr'>st</span> <span class='ocrx_word' id='word_1_250' title='bbox 1226 2793 1292 2860; x_wconf 76' lang='lat' dir='ltr'>nnn</span> <span class='ocrx_word' id='word_1_251' title='bbox 1318 2814 1444 2869; x_wconf 80' lang='lat' dir='ltr'>omnes,</span> <span class='ocrx_word' id='word_1_252' title='bbox 1464 2802 1660 2861; x_wconf 79' lang='lat' dir='ltr'>etc.1)atum</span> <span class='ocrx_word' id='word_1_253' title='bbox 1685 2797 1751 2859; x_wconf 83' lang='lat' dir='ltr'>Vi-</span> 
     </span>
     <span class='ocr_line' id='line_1_33' title="bbox 97 2887 1754 2973; baseline 0.002 -21"><span class='ocrx_word' id='word_1_254' title='bbox 97 2908 169 2952; x_wconf 84' lang='lat' dir='ltr'>nus</span> <span class='ocrx_word' id='word_1_255' title='bbox 180 2893 237 2968; x_wconf 81' lang='lat' dir='ltr'>Jus</span> <span class='ocrx_word' id='word_1_256' title='bbox 251 2906 350 2967; x_wconf 92' lang='lat' dir='ltr'>super</span> <span class='ocrx_word' id='word_1_257' title='bbox 364 2889 573 2951; x_wconf 88' lang='lat' dir='ltr'>ordinatione</span> <span class='ocrx_word' id='word_1_258' title='bbox 589 2887 721 2965; x_wconf 90' lang='lat' dir='ltr'>plebani</span> <span class='ocrx_word' id='word_1_259' title='bbox 741 2890 904 2965; x_wconf 88' lang='lat' dir='ltr'>compete·</span> <span class='ocrx_word' id='word_1_260' title='bbox 956 2896 1065 2968; x_wconf 88' lang='lat' dir='ltr'>terbii,</span> <span class='ocrx_word' id='word_1_261' title='bbox 1079 2896 1206 2957; x_wconf 88' lang='lat' dir='ltr'>decimo</span> <span class='ocrx_word' id='word_1_262' title='bbox 1229 2897 1346 2973; x_wconf 85' lang='lat' dir='ltr'>quarto</span> <span class='ocrx_word' id='word_1_263' title='bbox 1369 2896 1531 2958; x_wconf 86' lang='lat' dir='ltr'>kalendas</span> <span class='ocrx_word' id='word_1_264' title='bbox 1554 2896 1646 2967; x_wconf 92' lang='lat' dir='ltr'>maii,</span> <span class='ocrx_word' id='word_1_265' title='bbox 1669 2911 1754 2972; x_wconf 90' lang='lat' dir='ltr'>pon·</span> 
     </span>
     <span class='ocr_line' id='line_1_34' title="bbox 97 2985 1466 3069; baseline -0.002 -18"><span class='ocrx_word' id='word_1_266' title='bbox 97 2989 165 3051; x_wconf 84' lang='lat' dir='ltr'>bat</span> <span class='ocrx_word' id='word_1_267' title='bbox 193 2989 226 3049; x_wconf 93' lang='lat' dir='ltr'>in</span> <span class='ocrx_word' id='word_1_268' title='bbox 247 2989 330 3064; x_wconf 90' lang='lat' dir='ltr'>ipsa,</span> <span class='ocrx_word' id='word_1_269' title='bbox 347 3003 383 3047; x_wconf 87' lang='lat' dir='ltr'>se</span> <span class='ocrx_word' id='word_1_270' title='bbox 398 3002 498 3063; x_wconf 90' lang='lat' dir='ltr'>super</span> <span class='ocrx_word' id='word_1_271' title='bbox 519 2986 582 3047; x_wconf 87' lang='lat' dir='ltr'>hoc</span> <span class='ocrx_word' id='word_1_272' title='bbox 602 3001 662 3062; x_wconf 88' lang='lat' dir='ltr'>per</span> <span class='ocrx_word' id='word_1_273' title='bbox 683 2985 902 3047; x_wconf 75' lang='lat' dir='ltr'>frustratoriae</span> <span class='ocrx_word' id='word_1_274' title='bbox 957 2993 1102 3056; x_wconf 77' lang='lat' dir='ltr'>lineatus</span> <span class='ocrx_word' id='word_1_275' title='bbox 1118 2994 1223 3056; x_wconf 81' lang='lat' dir='ltr'>nostri</span> <span class='ocrx_word' id='word_1_276' title='bbox 1239 2997 1466 3069; x_wconf 82' lang='lat' dir='ltr'>annoqnnrto.</span> 
     </span>
    </p>
   </div>
   <div class='ocr_carea' id='block_1_13' title="bbox 103 3083 906 3647">
    <p class='ocr_par' dir='ltr' id='par_1_15' title="bbox 103 3083 906 3647">
     <span class='ocr_line' id='line_1_35' title="bbox 105 3083 900 3164; baseline -0.005 -17"><span class='ocrx_word' id='word_1_277' title='bbox 105 3084 689 3164; x_wconf 80' lang='lat' dir='ltr'>appellationisobjectumopponere</span> <span class='ocrx_word' id='word_1_278' title='bbox 702 3083 900 3153; x_wconf 89' lang='lat' dir='ltr'>niterentur,</span> 
     </span>
     <span class='ocr_line' id='line_1_36' title="bbox 103 3180 903 3261; baseline -0.005 -17"><span class='ocrx_word' id='word_1_279' title='bbox 103 3183 282 3261; x_wconf 86' lang='lat' dir='ltr'>praelatum</span> <span class='ocrx_word' id='word_1_280' title='bbox 305 3180 532 3259; x_wconf 84' lang='lat' dir='ltr'>presbyterum</span> <span class='ocrx_word' id='word_1_281' title='bbox 558 3197 633 3243; x_wconf 89' lang='lat' dir='ltr'>oum</span> <span class='ocrx_word' id='word_1_282' title='bbox 660 3181 708 3242; x_wconf 85' lang='lat' dir='ltr'>als</span> <span class='ocrx_word' id='word_1_283' title='bbox 735 3181 903 3257; x_wconf 75' lang='lat' dir='ltr'>praedictae</span> 
     </span>
     <span class='ocr_line' id='line_1_37' title="bbox 103 3277 905 3355; baseline -0.007 -12"><span class='ocrx_word' id='word_1_284' title='bbox 103 3281 349 3343; x_wconf 86' lang='lat' dir='ltr'>ordinationem</span> <span class='ocrx_word' id='word_1_285' title='bbox 360 3279 511 3340; x_wconf 78' lang='lat' dir='ltr'>ecclesias</span> <span class='ocrx_word' id='word_1_286' title='bbox 522 3278 562 3339; x_wconf 90' lang='lat' dir='ltr'>ad</span> <span class='ocrx_word' id='word_1_287' title='bbox 578 3293 640 3340; x_wconf 91' lang='lat' dir='ltr'>nos</span> <span class='ocrx_word' id='word_1_288' title='bbox 653 3279 804 3355; x_wconf 86' lang='lat' dir='ltr'>spectare</span> <span class='ocrx_word' id='word_1_289' title='bbox 820 3277 905 3353; x_wconf 81' lang='lat' dir='ltr'>legi-</span> 
     </span>
     <span class='ocr_line' id='line_1_38' title="bbox 107 3375 905 3452; baseline -0.005 -13"><span class='ocrx_word' id='word_1_290' title='bbox 107 3379 188 3440; x_wconf 88' lang='lat' dir='ltr'>time</span> <span class='ocrx_word' id='word_1_291' title='bbox 212 3377 428 3447; x_wconf 90' lang='lat' dir='ltr'>constitisset,</span> <span class='ocrx_word' id='word_1_292' title='bbox 453 3375 673 3452; x_wconf 83' lang='lat' dir='ltr'>praefecerunt</span> <span class='ocrx_word' id='word_1_293' title='bbox 695 3375 905 3436; x_wconf 89' lang='lat' dir='ltr'>ordinatione</span> 
     </span>
     <span class='ocr_line' id='line_1_39' title="bbox 111 3471 906 3550; baseline -0.005 -14"><span class='ocrx_word' id='word_1_294' title='bbox 111 3478 223 3537; x_wconf 87' lang='lat' dir='ltr'>nostra</span> <span class='ocrx_word' id='word_1_295' title='bbox 239 3474 344 3535; x_wconf 88' lang='lat' dir='ltr'>eidem</span> <span class='ocrx_word' id='word_1_296' title='bbox 359 3471 508 3534; x_wconf 82' lang='lat' dir='ltr'>ecclesi&#39;ae</span> <span class='ocrx_word' id='word_1_297' title='bbox 524 3473 558 3533; x_wconf 94' lang='lat' dir='ltr'>in</span> <span class='ocrx_word' id='word_1_298' title='bbox 573 3473 761 3550; x_wconf 89' lang='lat' dir='ltr'>plebanum,</span> <span class='ocrx_word' id='word_1_299' title='bbox 774 3473 830 3550; x_wconf 89' lang='lat' dir='ltr'>qui</span> <span class='ocrx_word' id='word_1_300' title='bbox 845 3488 906 3533; x_wconf 92' lang='lat' dir='ltr'>no·</span> 
     </span>
     <span class='ocr_line' id='line_1_40' title="bbox 111 3570 906 3647; baseline -0.005 -13"><span class='ocrx_word' id='word_1_301' title='bbox 111 3573 161 3634; x_wconf 76' lang='lat' dir='ltr'>bin</span> <span class='ocrx_word' id='word_1_302' title='bbox 188 3572 360 3633; x_wconf 89' lang='lat' dir='ltr'>humiliter</span> <span class='ocrx_word' id='word_1_303' title='bbox 383 3571 599 3647; x_wconf 83' lang='lat' dir='ltr'>supplicavit,</span> <span class='ocrx_word' id='word_1_304' title='bbox 614 3572 650 3632; x_wconf 93' lang='lat' dir='ltr'>ut</span> <span class='ocrx_word' id='word_1_305' title='bbox 675 3570 906 3633; x_wconf 87' lang='lat' dir='ltr'>nonobstante</span> 
     </span>
    </p>
   </div>
   <div class='ocr_carea' id='block_1_14' title="bbox 1286 3154 1427 3241">
    <p class='ocr_par' dir='ltr' id='par_1_16' title="bbox 1286 3154 1427 3241">
     <span class='ocr_line' id='line_1_41' title="bbox 1286 3154 1427 3241; baseline -0.014 0"><span class='ocrx_word' id='word_1_306' title='bbox 1286 3154 1427 3241; x_wconf 81' lang='lat' dir='ltr'>CXVII</span> 
     </span>
    </p>
   </div>
   <div class='ocr_carea' id='block_1_15' title="bbox 1018 3278 1695 3437">
    <p class='ocr_par' dir='ltr' id='par_1_17' title="bbox 1018 3278 1695 3437">
     <span class='ocr_line' id='line_1_42' title="bbox 1018 3278 1695 3351; baseline 0.001 -11"><span class='ocrx_word' id='word_1_307' title='bbox 1018 3281 1069 3340; x_wconf 80' lang='lat' dir='ltr'>Ad</span> <span class='ocrx_word' id='word_1_308' title='bbox 1080 3282 1237 3351; x_wconf 80' lang='lat' dir='ltr'>priorem</span> <span class='ocrx_word' id='word_1_309' title='bbox 1252 3279 1373 3339; x_wconf 79' lang='lat' dir='ltr'>Sancti</span> <span class='ocrx_word' id='word_1_310' title='bbox 1387 3278 1545 3340; x_wconf 80' lang='lat' dir='ltr'>Petrina</span> <span class='ocrx_word' id='word_1_311' title='bbox 1559 3281 1695 3341; x_wconf 77' lang='lat' dir='ltr'>oirwula</span> 
     </span>
     <span class='ocr_line' id='line_1_43' title="bbox 1266 3379 1445 3437; baseline -0.006 -1"><span class='ocrx_word' id='word_1_312' title='bbox 1266 3379 1445 3437; x_wconf 77' lang='lat' dir='ltr'>Pinarum.</span> 
     </span>
    </p>
   </div>
   <div class='ocr_carea' id='block_1_16' title="bbox 1074 3489 1645 3661">
    <p class='ocr_par' dir='ltr' id='par_1_18' title="bbox 1074 3489 1645 3661">
     <span class='ocr_line' id='line_1_44' title="bbox 1245 3489 1471 3563; baseline -0.004 -16"><span class='ocrx_word' id='word_1_313' title='bbox 1245 3491 1279 3547; x_wconf 78' lang='lat'>{8</span> <span class='ocrx_word' id='word_1_314' title='bbox 1293 3490 1374 3563; x_wconf 83' lang='lat' dir='ltr'>april.</span> <span class='ocrx_word' id='word_1_315' title='bbox 1392 3489 1471 3546; x_wconf 72' lang='lat' dir='ltr'>lito.</span> 
     </span>
     <span class='ocr_line' id='line_1_45' title="bbox 1074 3596 1645 3661; baseline -0.004 -12"><span class='ocrx_word' id='word_1_316' title='bbox 1074 3596 1224 3660; x_wconf 69' lang='lat' dir='ltr'>[Ilittsualli⁸</span> <span class='ocrx_word' id='word_1_317' title='bbox 1241 3599 1309 3648; x_wconf 78' lang='lat' dir='ltr'>Anu.</span> <span class='ocrx_word' id='word_1_318' title='bbox 1321 3596 1435 3647; x_wconf 80' lang='lat' dir='ltr'>Camald.</span> <span class='ocrx_word' id='word_1_319' title='bbox 1448 3596 1489 3653; x_wconf 90' lang='lat' dir='ltr'>Ill,</span> <span class='ocrx_word' id='word_1_320' title='bbox 1504 3610 1564 3661; x_wconf 87' lang='lat' dir='ltr'>app.</span> <span class='ocrx_word' id='word_1_321' title='bbox 1576 3596 1645 3661; x_wconf 73' lang='lat' dir='ltr'>aab]</span> 
     </span>
    </p>
   </div>
   <div class='ocr_carea' id='block_1_17' title="bbox 114 3668 1758 3770">
    <p class='ocr_par' dir='ltr' id='par_1_19' title="bbox 114 3668 1758 3770">
     <span class='ocr_line' id='line_1_46' title="bbox 114 3668 1758 3770; baseline -0.001 -15"><span class='ocrx_word' id='word_1_322' title='bbox 114 3670 336 3749; x_wconf 60' lang='lat' dir='ltr'>appellatiffle</span> <span class='ocrx_word' id='word_1_323' title='bbox 374 3668 579 3745; x_wconf 67' lang='lat' dir='ltr'>hflju⁸m⁰dir</span> <span class='ocrx_word' id='word_1_324' title='bbox 611 3683 708 3745; x_wconf 65' lang='lat' dir='ltr'>‘luam</span> <span class='ocrx_word' id='word_1_325' title='bbox 738 3685 804 3730; x_wconf 67' lang='lat'>⁰⁰¹¹</span> <span class='ocrx_word' id='word_1_326' title='bbox 831 3669 907 3728; x_wconf 63' lang='lat' dir='ltr'>sunt</span> <span class='ocrx_word' id='word_1_327' title='bbox 961 3699 1003 3754; x_wconf 79' lang='lat' dir='ltr'>lio</span> <span class='ocrx_word' id='word_1_328' title='bbox 1014 3696 1415 3770; x_wconf 85' lang='lat' dir='ltr'>possessionibuomonasterii</span> <span class='ocrx_word' id='word_1_329' title='bbox 1432 3696 1527 3753; x_wconf 85' lang='lat' dir='ltr'>Sancti</span> <span class='ocrx_word' id='word_1_330' title='bbox 1543 3696 1639 3753; x_wconf 89' lang='lat' dir='ltr'>Savini</span> <span class='ocrx_word' id='word_1_331' title='bbox 1649 3696 1758 3755; x_wconf 87' lang='lat' dir='ltr'>ordinis</span> 
     </span>
    </p>
   </div>
   <div class='ocr_carea' id='block_1_18' title="bbox 114 3765 905 3843">
    <p class='ocr_par' dir='ltr' id='par_1_20' title="bbox 114 3765 905 3843">
     <span class='ocr_line' id='line_1_47' title="bbox 114 3765 905 3843; baseline -0.005 -14"><span class='ocrx_word' id='word_1_332' title='bbox 114 3769 200 3829; x_wconf 88' lang='lat' dir='ltr'>inira</span> <span class='ocrx_word' id='word_1_333' title='bbox 230 3769 360 3843; x_wconf 88' lang='lat' dir='ltr'>tempus</span> <span class='ocrx_word' id='word_1_334' title='bbox 381 3766 565 3842; x_wconf 80' lang='lat' dir='ltr'>legitimum</span> <span class='ocrx_word' id='word_1_335' title='bbox 598 3765 776 3841; x_wconf 88' lang='lat' dir='ltr'>prosecuti,</span> <span class='ocrx_word' id='word_1_336' title='bbox 808 3765 905 3842; x_wconf 90' lang='lat' dir='ltr'>quod,</span> 
     </span>
    </p>
   </div>
   <div class='ocr_carea' id='block_1_19' title="bbox 1240 3784 1480 3843">
    <p class='ocr_par' dir='ltr' id='par_1_21' title="bbox 1240 3784 1480 3843">
     <span class='ocr_line' id='line_1_48' title="bbox 1240 3784 1480 3843; baseline -0.008 0"><span class='ocrx_word' id='word_1_337' title='bbox 1240 3784 1480 3843; x_wconf 76' lang='lat' dir='ltr'>camaldusensis.</span> 
     </span>
    </p>
   </div>
   <div class='ocr_carea' id='block_1_20' title="bbox 114 3862 1759 4066">
    <p class='ocr_par' dir='ltr' id='par_1_22' title="bbox 114 3862 1759 4066">
     <span class='ocr_line' id='line_1_49' title="bbox 114 3862 1756 3972; baseline 0.01 -33"><span class='ocrx_word' id='word_1_338' title='bbox 114 3866 202 3926; x_wconf 66' lang='lat' dir='ltr'><strong>circa</strong></span> <span class='ocrx_word' id='word_1_339' title='bbox 218 3881 296 3925; x_wconf 83' lang='lat' dir='ltr'>anm</span> <span class='ocrx_word' id='word_1_340' title='bbox 313 3879 414 3940; x_wconf 89' lang='lat' dir='ltr'>super</span> <span class='ocrx_word' id='word_1_341' title='bbox 429 3863 491 3924; x_wconf 74' lang='lat'>¹¹⁰⁰</span> <span class='ocrx_word' id='word_1_342' title='bbox 509 3862 630 3972; x_wconf 56' lang='lat' dir='ltr'>factum</span> <span class='ocrx_word' id='word_1_343' title='bbox 648 3865 708 3972; x_wconf 42' lang='lat'>{³⁸}</span> <span class='ocrx_word' id='word_1_344' title='bbox 726 3865 833 3970; x_wconf 58' lang='lat' dir='ltr'>saum?</span> <span class='ocrx_word' id='word_1_345' title='bbox 852 3863 908 3922; x_wconf 71' lang='lat'>¹¹³·</span> <span class='ocrx_word' id='word_1_346' title='bbox 1003 3894 1171 3955; x_wconf 85' lang='lat' dir='ltr'>Honorius</span> <span class='ocrx_word' id='word_1_347' title='bbox 1179 3894 1365 3970; x_wconf 91' lang='lat' dir='ltr'>episcopus,</span> <span class='ocrx_word' id='word_1_348' title='bbox 1376 3907 1492 3952; x_wconf 83' lang='lat' dir='ltr'>servus</span> <span class='ocrx_word' id='word_1_349' title='bbox 1504 3907 1675 3954; x_wconf 86' lang='lat' dir='ltr'>servorum</span> <span class='ocrx_word' id='word_1_350' title='bbox 1686 3895 1756 3964; x_wconf 85' lang='lat' dir='ltr'>Dei,</span> 
     </span>
     <span class='ocr_line' id='line_1_50' title="bbox 116 3958 1759 4066; baseline 0.01 -30"><span class='ocrx_word' id='word_1_351' title='bbox 116 3961 241 4034; x_wconf 62' lang='lat' dir='ltr'>hintes,</span> <span class='ocrx_word' id='word_1_352' title='bbox 269 3962 519 4022; x_wconf 63' lang='lat' dir='ltr'>⁰0mm⁶m0ratl</span> <span class='ocrx_word' id='word_1_353' title='bbox 541 3975 694 4020; x_wconf 66' lang='lat'><strong>⁰⁸¹¹⁰¹¹¹⁰¹</strong></span> <span class='ocrx_word' id='word_1_354' title='bbox 718 3961 751 4020; x_wconf 62' lang='lat' dir='ltr'>et</span> <span class='ocrx_word' id='word_1_355' title='bbox 774 3958 907 4035; x_wconf 52' lang='lat' dir='ltr'>‘Iuniam</span> <span class='ocrx_word' id='word_1_356' title='bbox 963 3991 1083 4052; x_wconf 89' lang='lat' dir='ltr'>dilecto</span> <span class='ocrx_word' id='word_1_357' title='bbox 1099 3991 1204 4051; x_wconf 79' lang='lat' dir='ltr'>tilio..</span> <span class='ocrx_word' id='word_1_358' title='bbox 1221 3990 1324 4066; x_wconf 92' lang='lat' dir='ltr'>priori</span> <span class='ocrx_word' id='word_1_359' title='bbox 1341 3989 1452 4050; x_wconf 88' lang='lat' dir='ltr'>Sancti</span> <span class='ocrx_word' id='word_1_360' title='bbox 1468 3989 1558 4050; x_wconf 89' lang='lat' dir='ltr'>Petri</span> <span class='ocrx_word' id='word_1_361' title='bbox 1573 3990 1759 4052; x_wconf 85' lang='lat' dir='ltr'>advincula</span> 
     </span>
    </p>
   </div>
   <div class='ocr_carea' id='block_1_21' title="bbox 114 4057 1758 4249">
    <p class='ocr_par' dir='ltr' id='par_1_23' title="bbox 114 4057 1758 4249">
     <span class='ocr_line' id='line_1_51' title="bbox 114 4057 1758 4166; baseline 0.009 -32"><span class='ocrx_word' id='word_1_362' title='bbox 114 4060 168 4121; x_wconf 66' lang='lat' dir='ltr'>alii</span> <span class='ocrx_word' id='word_1_363' title='bbox 191 4059 340 4137; x_wconf 87' lang='lat' dir='ltr'>ejusdem</span> <span class='ocrx_word' id='word_1_364' title='bbox 364 4058 517 4119; x_wconf 63' lang='lat' dir='ltr'>dioeoeSis</span> <span class='ocrx_word' id='word_1_365' title='bbox 540 4060 721 4134; x_wconf 63' lang='lat' dir='ltr'><strong>superjam</strong></span> <span class='ocrx_word' id='word_1_366' title='bbox 740 4057 826 4166; x_wconf 54' lang='lat' dir='ltr'>dm}</span> <span class='ocrx_word' id='word_1_367' title='bbox 848 4072 907 4118; x_wconf 75' lang='lat'>⁰⁰·</span> <span class='ocrx_word' id='word_1_368' title='bbox 964 4090 1128 4159; x_wconf 74' lang='lat' dir='ltr'>Pisanum,</span> <span class='ocrx_word' id='word_1_369' title='bbox 1156 4087 1297 4150; x_wconf 87' lang='lat' dir='ltr'>salutem</span> <span class='ocrx_word' id='word_1_370' title='bbox 1316 4089 1349 4148; x_wconf 89' lang='lat' dir='ltr'>et</span> <span class='ocrx_word' id='word_1_371' title='bbox 1363 4086 1579 4162; x_wconf 90' lang='lat' dir='ltr'>apostolicam</span> <span class='ocrx_word' id='word_1_372' title='bbox 1598 4087 1758 4149; x_wconf 88' lang='lat' dir='ltr'>benedic-</span> 
     </span>
     <span class='ocr_line' id='line_1_52' title="bbox 116 4152 1100 4249; baseline 0.001 -30"><span class='ocrx_word' id='word_1_373' title='bbox 116 4158 214 4220; x_wconf 87' lang='lat' dir='ltr'>clesia</span> <span class='ocrx_word' id='word_1_374' title='bbox 241 4157 466 4227; x_wconf 89' lang='lat' dir='ltr'>molestantes,</span> <span class='ocrx_word' id='word_1_375' title='bbox 485 4156 594 4232; x_wconf 87' lang='lat' dir='ltr'>ipsum</span> <span class='ocrx_word' id='word_1_376' title='bbox 618 4152 788 4232; x_wconf 88' lang='lat' dir='ltr'>possidere</span> <span class='ocrx_word' id='word_1_377' title='bbox 817 4155 908 4215; x_wconf 79' lang='lat' dir='ltr'>illam</span> <span class='ocrx_word' id='word_1_378' title='bbox 963 4188 1100 4249; x_wconf 39' lang='lat' dir='ltr'>tionem,</span> 
     </span>
    </p>
   </div>
   <div class='ocr_carea' id='block_1_22' title="bbox 117 4251 1760 4354">
    <p class='ocr_par' dir='ltr' id='par_1_24' title="bbox 117 4251 1760 4354">
     <span class='ocr_line' id='line_1_53' title="bbox 117 4251 1760 4354; baseline -0.004 -36"><span class='ocrx_word' id='word_1_379' title='bbox 117 4256 253 4332; x_wconf 83' lang='lat' dir='ltr'>pacifice</span> <span class='ocrx_word' id='word_1_380' title='bbox 278 4270 343 4316; x_wconf 90' lang='lat' dir='ltr'>non</span> <span class='ocrx_word' id='word_1_381' title='bbox 369 4253 569 4331; x_wconf 87' lang='lat' dir='ltr'>permittant,</span> <span class='ocrx_word' id='word_1_382' title='bbox 584 4252 759 4330; x_wconf 88' lang='lat' dir='ltr'>providere</span> <span class='ocrx_word' id='word_1_383' title='bbox 772 4251 835 4313; x_wconf 92' lang='lat' dir='ltr'>sibi</span> <span class='ocrx_word' id='word_1_384' title='bbox 852 4269 911 4313; x_wconf 91' lang='lat' dir='ltr'>sn·</span> <span class='ocrx_word' id='word_1_385' title='bbox 1002 4286 1085 4345; x_wconf 67' lang='lat' dir='ltr'>Cum</span> <span class='ocrx_word' id='word_1_386' title='bbox 1099 4284 1338 4347; x_wconf 56' lang='lat' dir='ltr'><strong>monasterium</strong></span> <span class='ocrx_word' id='word_1_387' title='bbox 1361 4281 1473 4345; x_wconf 60' lang='lat' dir='ltr'><strong>Sancti</strong></span> <span class='ocrx_word' id='word_1_388' title='bbox 1490 4283 1616 4354; x_wconf 46' lang='lat' dir='ltr'>gavini,</span> <span class='ocrx_word' id='word_1_389' title='bbox 1633 4283 1760 4345; x_wconf 62' lang='lat' dir='ltr'>ordinis</span> 
     </span>
    </p>
   </div>
   <div class='ocr_carea' id='block_1_23' title="bbox 107 4351 915 5596">
    <p class='ocr_par' dir='ltr' id='par_1_25' title="bbox 107 4351 914 5402">
     <span class='ocr_line' id='line_1_54' title="bbox 119 4351 908 4430; baseline -0.006 -14"><span class='ocrx_word' id='word_1_390' title='bbox 119 4369 175 4430; x_wconf 87' lang='lat' dir='ltr'>per</span> <span class='ocrx_word' id='word_1_391' title='bbox 198 4353 262 4415; x_wconf 88' lang='lat' dir='ltr'>boc</span> <span class='ocrx_word' id='word_1_392' title='bbox 284 4351 545 4412; x_wconf 84' lang='lat' dir='ltr'>miserIcorditer</span> <span class='ocrx_word' id='word_1_393' title='bbox 572 4351 908 4428; x_wconf 81' lang='lat' dir='ltr'>dignaremur.·0uo-</span> 
     </span>
     <span class='ocr_line' id='line_1_55' title="bbox 117 4448 910 4526; baseline -0.006 -12"><span class='ocrx_word' id='word_1_394' title='bbox 117 4455 204 4514; x_wconf 84' lang='lat' dir='ltr'>eirca</span> <span class='ocrx_word' id='word_1_395' title='bbox 240 4450 434 4511; x_wconf 87' lang='lat' dir='ltr'>discretioni</span> <span class='ocrx_word' id='word_1_396' title='bbox 475 4448 593 4510; x_wconf 85' lang='lat' dir='ltr'>vestrae</span> <span class='ocrx_word' id='word_1_397' title='bbox 628 4464 686 4526; x_wconf 88' lang='lat' dir='ltr'>per</span> <span class='ocrx_word' id='word_1_398' title='bbox 720 4448 910 4526; x_wconf 72' lang='lat' dir='ltr'>apostolica</span> 
     </span>
     <span class='ocr_line' id='line_1_56' title="bbox 115 4546 908 4627; baseline -0.008 -15"><span class='ocrx_word' id='word_1_399' title='bbox 115 4550 239 4627; x_wconf 80' lang='lat' dir='ltr'>scripta</span> <span class='ocrx_word' id='word_1_400' title='bbox 274 4547 480 4618; x_wconf 88' lang='lat' dir='ltr'>mandamus,</span> <span class='ocrx_word' id='word_1_401' title='bbox 507 4547 680 4624; x_wconf 87' lang='lat' dir='ltr'>quatenus,</span> <span class='ocrx_word' id='word_1_402' title='bbox 705 4547 734 4606; x_wconf 92' lang='lat' dir='ltr'>si</span> <span class='ocrx_word' id='word_1_403' title='bbox 769 4547 820 4608; x_wconf 88' lang='lat' dir='ltr'>est</span> <span class='ocrx_word' id='word_1_404' title='bbox 850 4546 908 4617; x_wconf 87' lang='lat' dir='ltr'>ita,</span> 
     </span>
     <span class='ocr_line' id='line_1_57' title="bbox 115 4642 909 4716; baseline -0.004 -10"><span class='ocrx_word' id='word_1_405' title='bbox 115 4645 293 4709; x_wconf 90' lang='lat' dir='ltr'>canonicos</span> <span class='ocrx_word' id='word_1_406' title='bbox 317 4643 502 4706; x_wconf 86' lang='lat' dir='ltr'>antedictos</span> <span class='ocrx_word' id='word_1_407' title='bbox 519 4646 552 4704; x_wconf 86' lang='lat' dir='ltr'>et</span> <span class='ocrx_word' id='word_1_408' title='bbox 576 4644 672 4716; x_wconf 91' lang='lat' dir='ltr'>alios,</span> <span class='ocrx_word' id='word_1_409' title='bbox 697 4646 733 4705; x_wconf 93' lang='lat' dir='ltr'>ut</span> <span class='ocrx_word' id='word_1_410' title='bbox 754 4643 795 4704; x_wconf 89' lang='lat' dir='ltr'>ab</span> <span class='ocrx_word' id='word_1_411' title='bbox 811 4642 909 4703; x_wconf 88' lang='lat' dir='ltr'>inde·</span> 
     </span>
     <span class='ocr_line' id='line_1_58' title="bbox 113 4740 910 4820; baseline -0.001 -17"><span class='ocrx_word' id='word_1_412' title='bbox 113 4740 181 4807; x_wconf 82' lang='lat' dir='ltr'>btta</span> <span class='ocrx_word' id='word_1_413' title='bbox 200 4743 309 4820; x_wconf 91' lang='lat' dir='ltr'>ipsius</span> <span class='ocrx_word' id='word_1_414' title='bbox 334 4741 520 4819; x_wconf 86' lang='lat' dir='ltr'>presbyteri</span> <span class='ocrx_word' id='word_1_415' title='bbox 538 4756 639 4816; x_wconf 89' lang='lat' dir='ltr'>super</span> <span class='ocrx_word' id='word_1_416' title='bbox 667 4741 730 4802; x_wconf 90' lang='lat' dir='ltr'>hoc</span> <span class='ocrx_word' id='word_1_417' title='bbox 750 4741 910 4802; x_wconf 89' lang='lat' dir='ltr'>molesta-</span> 
     </span>
     <span class='ocr_line' id='line_1_59' title="bbox 114 4837 911 4914; baseline -0.006 -11"><span class='ocrx_word' id='word_1_418' title='bbox 114 4841 207 4904; x_wconf 90' lang='lat' dir='ltr'>tione</span> <span class='ocrx_word' id='word_1_419' title='bbox 233 4841 421 4909; x_wconf 87' lang='lat' dir='ltr'>cessantes,</span> <span class='ocrx_word' id='word_1_420' title='bbox 443 4853 510 4899; x_wconf 92' lang='lat' dir='ltr'>non</span> <span class='ocrx_word' id='word_1_421' title='bbox 532 4837 715 4914; x_wconf 88' lang='lat' dir='ltr'>impediant</span> <span class='ocrx_word' id='word_1_422' title='bbox 735 4838 911 4914; x_wconf 87' lang='lat' dir='ltr'>quominus</span> 
     </span>
     <span class='ocr_line' id='line_1_60' title="bbox 109 4934 913 5018; baseline -0.002 -20"><span class='ocrx_word' id='word_1_423' title='bbox 109 4937 187 5018; x_wconf 88' lang='lat' dir='ltr'>ipse</span> <span class='ocrx_word' id='word_1_424' title='bbox 215 4937 328 4999; x_wconf 83' lang='lat' dir='ltr'>valeat</span> <span class='ocrx_word' id='word_1_425' title='bbox 352 4934 462 4996; x_wconf 91' lang='lat' dir='ltr'>debita</span> <span class='ocrx_word' id='word_1_426' title='bbox 488 4937 522 4996; x_wconf 88' lang='lat' dir='ltr'>et</span> <span class='ocrx_word' id='word_1_427' title='bbox 550 4936 661 5012; x_wconf 87' lang='lat' dir='ltr'>quieta</span> <span class='ocrx_word' id='word_1_428' title='bbox 684 4935 832 5011; x_wconf 82' lang='lat' dir='ltr'>ejusdem</span> <span class='ocrx_word' id='word_1_429' title='bbox 857 4951 913 4996; x_wconf 61' lang='lat' dir='ltr'>ac»</span> 
     </span>
     <span class='ocr_line' id='line_1_61' title="bbox 109 5032 913 5112; baseline -0.005 -13"><span class='ocrx_word' id='word_1_430' title='bbox 109 5037 228 5098; x_wconf 85' lang='lat' dir='ltr'>elesiae</span> <span class='ocrx_word' id='word_1_431' title='bbox 244 5034 454 5112; x_wconf 87' lang='lat' dir='ltr'>possessione</span> <span class='ocrx_word' id='word_1_432' title='bbox 467 5032 623 5109; x_wconf 81' lang='lat' dir='ltr'>gaudere,</span> <span class='ocrx_word' id='word_1_433' title='bbox 636 5032 817 5094; x_wconf 89' lang='lat' dir='ltr'>monitione</span> <span class='ocrx_word' id='word_1_434' title='bbox 832 5048 913 5110; x_wconf 86' lang='lat' dir='ltr'>prae·</span> 
     </span>
     <span class='ocr_line' id='line_1_62' title="bbox 109 5130 914 5209; baseline -0.006 -13"><span class='ocrx_word' id='word_1_435' title='bbox 109 5137 229 5204; x_wconf 85' lang='lat' dir='ltr'>missa,</span> <span class='ocrx_word' id='word_1_436' title='bbox 247 5147 307 5209; x_wconf 89' lang='lat' dir='ltr'>per</span> <span class='ocrx_word' id='word_1_437' title='bbox 321 5146 499 5192; x_wconf 89' lang='lat' dir='ltr'>censuram</span> <span class='ocrx_word' id='word_1_438' title='bbox 520 5130 785 5193; x_wconf 87' lang='lat' dir='ltr'>ecclesiasticam</span> <span class='ocrx_word' id='word_1_439' title='bbox 798 5131 914 5208; x_wconf 89' lang='lat' dir='ltr'>appel-</span> 
     </span>
     <span class='ocr_line' id='line_1_63' title="bbox 107 5226 911 5304; baseline -0.005 -11"><span class='ocrx_word' id='word_1_440' title='bbox 107 5228 237 5293; x_wconf 85' lang='lat' dir='ltr'>lati0no</span> <span class='ocrx_word' id='word_1_441' title='bbox 259 5231 388 5290; x_wconf 87' lang='lat' dir='ltr'>remota</span> <span class='ocrx_word' id='word_1_442' title='bbox 401 5226 539 5304; x_wconf 80' lang='lat' dir='ltr'>cogatis.</span> <span class='ocrx_word' id='word_1_443' title='bbox 570 5229 685 5289; x_wconf 82' lang='lat' dir='ltr'>Testes</span> <span class='ocrx_word' id='word_1_444' title='bbox 706 5229 830 5300; x_wconf 87' lang='lat' dir='ltr'>autem,</span> <span class='ocrx_word' id='word_1_445' title='bbox 849 5229 911 5289; x_wconf 89' lang='lat' dir='ltr'>etc.</span> 
     </span>
     <span class='ocr_line' id='line_1_64' title="bbox 111 5325 544 5402; baseline -0.018 -11"><span class='ocrx_word' id='word_1_446' title='bbox 111 5328 208 5402; x_wconf 86' lang='lat' dir='ltr'>Quod</span> <span class='ocrx_word' id='word_1_447' title='bbox 222 5327 251 5388; x_wconf 86' lang='lat' dir='ltr'>si</span> <span class='ocrx_word' id='word_1_448' title='bbox 265 5342 333 5386; x_wconf 93' lang='lat' dir='ltr'>non</span> <span class='ocrx_word' id='word_1_449' title='bbox 343 5341 470 5395; x_wconf 88' lang='lat' dir='ltr'>omnes,</span> <span class='ocrx_word' id='word_1_450' title='bbox 481 5325 544 5386; x_wconf 90' lang='lat' dir='ltr'>etc.</span> 
     </span>
    </p>

    <p class='ocr_par' dir='ltr' id='par_1_26' title="bbox 113 5421 915 5596">
     <span class='ocr_line' id='line_1_65' title="bbox 153 5421 915 5499; baseline -0.007 -11"><span class='ocrx_word' id='word_1_451' title='bbox 153 5427 275 5488; x_wconf 84' lang='lat' dir='ltr'>Datum</span> <span class='ocrx_word' id='word_1_452' title='bbox 288 5422 438 5493; x_wconf 88' lang='lat' dir='ltr'>Viterbii,</span> <span class='ocrx_word' id='word_1_453' title='bbox 454 5424 528 5482; x_wconf 86' lang='lat' dir='ltr'>XVI</span> <span class='ocrx_word' id='word_1_454' title='bbox 544 5421 676 5483; x_wconf 85' lang='lat' dir='ltr'>kalend.</span> <span class='ocrx_word' id='word_1_455' title='bbox 694 5423 786 5495; x_wconf 89' lang='lat' dir='ltr'>maii,</span> <span class='ocrx_word' id='word_1_456' title='bbox 805 5425 915 5499; x_wconf 90' lang='lat' dir='ltr'>ponti-</span> 
     </span>
     <span class='ocr_line' id='line_1_66' title="bbox 113 5521 603 5596; baseline -0.018 -10"><span class='ocrx_word' id='word_1_457' title='bbox 113 5525 232 5585; x_wconf 82' lang='lat' dir='ltr'>dcatus</span> <span class='ocrx_word' id='word_1_458' title='bbox 250 5521 353 5581; x_wconf 88' lang='lat' dir='ltr'>nostri</span> <span class='ocrx_word' id='word_1_459' title='bbox 370 5535 457 5580; x_wconf 90' lang='lat' dir='ltr'>anno</span> <span class='ocrx_word' id='word_1_460' title='bbox 470 5522 603 5596; x_wconf 86' lang='lat' dir='ltr'>quarto.</span> 
     </span>
    </p>
   </div>
   <div class='ocr_carea' id='block_1_24' title="bbox 263 5794 541 5852">
    <p class='ocr_par' dir='ltr' id='par_1_27' title="bbox 263 5794 541 5852">
     <span class='ocr_line' id='line_1_67' title="bbox 263 5794 541 5852; baseline -0.011 0"><span class='ocrx_word' id='word_1_461' title='bbox 263 5808 378 5852; x_wconf 45' lang='lat' dir='ltr'>tranant.</span> <span class='ocrx_word' id='word_1_462' title='bbox 399 5806 472 5849; x_wconf 83' lang='lat' dir='ltr'>rous</span> <span class='ocrx_word' id='word_1_463' title='bbox 492 5794 541 5849; x_wconf 91' lang='lat' dir='ltr'>lll.</span> 
     </span>
    </p>
   </div>
   <div class='ocr_carea' id='block_1_25' title="bbox 965 4379 1762 5141">
    <p class='ocr_par' dir='ltr' id='par_1_28' title="bbox 965 4379 1762 5141">
     <span class='ocr_line' id='line_1_68' title="bbox 965 4379 1761 4458; baseline 0.003 -16"><span class='ocrx_word' id='word_1_464' title='bbox 965 4382 1244 4451; x_wconf 77' lang='lat' dir='ltr'>camaldusensis</span> <span class='ocrx_word' id='word_1_465' title='bbox 1271 4382 1357 4443; x_wconf 83' lang='lat' dir='ltr'>slent</span> <span class='ocrx_word' id='word_1_466' title='bbox 1384 4398 1428 4443; x_wconf 81' lang='lat' dir='ltr'>ex</span> <span class='ocrx_word' id='word_1_467' title='bbox 1453 4383 1546 4458; x_wconf 88' lang='lat' dir='ltr'>parte</span> <span class='ocrx_word' id='word_1_468' title='bbox 1571 4379 1700 4444; x_wconf 88' lang='lat' dir='ltr'>abbatis</span> <span class='ocrx_word' id='word_1_469' title='bbox 1725 4385 1761 4450; x_wconf 66' lang='lat' dir='ltr'>‚et</span> 
     </span>
     <span class='ocr_line' id='line_1_69' title="bbox 965 4478 1759 4557; baseline -0.001 -15"><span class='ocrx_word' id='word_1_470' title='bbox 965 4484 1145 4542; x_wconf 87' lang='lat' dir='ltr'>conventus</span> <span class='ocrx_word' id='word_1_471' title='bbox 1167 4481 1314 4557; x_wconf 90' lang='lat' dir='ltr'>ejusdem</span> <span class='ocrx_word' id='word_1_472' title='bbox 1337 4478 1398 4542; x_wconf 86' lang='lat' dir='ltr'>luit</span> <span class='ocrx_word' id='word_1_473' title='bbox 1420 4480 1624 4556; x_wconf 92' lang='lat' dir='ltr'>propositum</span> <span class='ocrx_word' id='word_1_474' title='bbox 1647 4496 1759 4541; x_wconf 89' lang='lat' dir='ltr'>coram</span> 
     </span>
     <span class='ocr_line' id='line_1_70' title="bbox 965 4576 1759 4649; baseline 0 -10"><span class='ocrx_word' id='word_1_475' title='bbox 965 4578 1071 4649; x_wconf 82' lang='lat' dir='ltr'>nahts,</span> <span class='ocrx_word' id='word_1_476' title='bbox 1079 4578 1114 4638; x_wconf 86' lang='lat' dir='ltr'>In</span> <span class='ocrx_word' id='word_1_477' title='bbox 1127 4578 1261 4638; x_wconf 87' lang='lat' dir='ltr'>civitate</span> <span class='ocrx_word' id='word_1_478' title='bbox 1274 4578 1396 4638; x_wconf 91' lang='lat' dir='ltr'>Pisana</span> <span class='ocrx_word' id='word_1_479' title='bbox 1407 4578 1440 4638; x_wconf 89' lang='lat' dir='ltr'>et</span> <span class='ocrx_word' id='word_1_480' title='bbox 1454 4576 1530 4637; x_wconf 87' lang='lat' dir='ltr'>aliis</span> <span class='ocrx_word' id='word_1_481' title='bbox 1540 4577 1622 4638; x_wconf 91' lang='lat' dir='ltr'>locis</span> <span class='ocrx_word' id='word_1_482' title='bbox 1631 4578 1759 4639; x_wconf 85' lang='lat' dir='ltr'>Tusciae</span> 
     </span>
     <span class='ocr_line' id='line_1_71' title="bbox 965 4674 1758 4749; baseline -0.001 -14"><span class='ocrx_word' id='word_1_483' title='bbox 965 4674 1176 4735; x_wconf 89' lang='lat' dir='ltr'>consueverit</span> <span class='ocrx_word' id='word_1_484' title='bbox 1199 4674 1319 4735; x_wconf 88' lang='lat' dir='ltr'>multas</span> <span class='ocrx_word' id='word_1_485' title='bbox 1346 4677 1453 4735; x_wconf 89' lang='lat' dir='ltr'>terras</span> <span class='ocrx_word' id='word_1_486' title='bbox 1474 4676 1507 4734; x_wconf 89' lang='lat' dir='ltr'>et</span> <span class='ocrx_word' id='word_1_487' title='bbox 1530 4675 1758 4749; x_wconf 86' lang='lat' dir='ltr'>possessiones</span> 
     </span>
     <span class='ocr_line' id='line_1_72' title="bbox 966 4770 1761 4848; baseline 0.003 -16"><span class='ocrx_word' id='word_1_488' title='bbox 966 4771 1100 4843; x_wconf 88' lang='lat' dir='ltr'>babere,</span> <span class='ocrx_word' id='word_1_489' title='bbox 1117 4787 1256 4848; x_wconf 87' lang='lat' dir='ltr'>quarum</span> <span class='ocrx_word' id='word_1_490' title='bbox 1270 4771 1421 4832; x_wconf 83' lang='lat' dir='ltr'>notitIam</span> <span class='ocrx_word' id='word_1_491' title='bbox 1437 4770 1562 4830; x_wconf 88' lang='lat' dir='ltr'>nullam</span> <span class='ocrx_word' id='word_1_492' title='bbox 1577 4770 1710 4843; x_wconf 88' lang='lat' dir='ltr'>habent,</span> <span class='ocrx_word' id='word_1_493' title='bbox 1727 4774 1761 4834; x_wconf 83' lang='lat' dir='ltr'>el</span> 
     </span>
     <span class='ocr_line' id='line_1_73' title="bbox 966 4868 1760 4945; baseline 0 -14"><span class='ocrx_word' id='word_1_494' title='bbox 966 4873 1061 4945; x_wconf 85' lang='lat' dir='ltr'>Hugo</span> <span class='ocrx_word' id='word_1_495' title='bbox 1074 4869 1114 4929; x_wconf 93' lang='lat' dir='ltr'>de</span> <span class='ocrx_word' id='word_1_496' title='bbox 1128 4869 1315 4944; x_wconf 68' lang='lat' dir='ltr'>Titianam,</span> <span class='ocrx_word' id='word_1_497' title='bbox 1332 4870 1369 4928; x_wconf 81' lang='lat' dir='ltr'>G.</span> <span class='ocrx_word' id='word_1_498' title='bbox 1389 4868 1429 4927; x_wconf 89' lang='lat' dir='ltr'>de</span> <span class='ocrx_word' id='word_1_499' title='bbox 1445 4869 1555 4929; x_wconf 85' lang='lat' dir='ltr'>Strata</span> <span class='ocrx_word' id='word_1_500' title='bbox 1579 4870 1612 4929; x_wconf 88' lang='lat' dir='ltr'>et</span> <span class='ocrx_word' id='word_1_501' title='bbox 1626 4869 1760 4945; x_wconf 90' lang='lat' dir='ltr'>qnidam</span> 
     </span>
     <span class='ocr_line' id='line_1_74' title="bbox 967 4964 1761 5041; baseline 0.004 -14"><span class='ocrx_word' id='word_1_502' title='bbox 967 4967 1026 5028; x_wconf 89' lang='lat' dir='ltr'>alii</span> <span class='ocrx_word' id='word_1_503' title='bbox 1050 4969 1118 5027; x_wconf 86' lang='lat' dir='ltr'>tam</span> <span class='ocrx_word' id='word_1_504' title='bbox 1134 4966 1316 5039; x_wconf 88' lang='lat' dir='ltr'>civitatum,</span> <span class='ocrx_word' id='word_1_505' title='bbox 1331 4980 1430 5041; x_wconf 90' lang='lat' dir='ltr'>quam</span> <span class='ocrx_word' id='word_1_506' title='bbox 1446 4964 1572 5037; x_wconf 85' lang='lat' dir='ltr'>Pisau,</span> <span class='ocrx_word' id='word_1_507' title='bbox 1588 4968 1713 5028; x_wconf 88' lang='lat' dir='ltr'>Lucan.</span> <span class='ocrx_word' id='word_1_508' title='bbox 1727 4971 1761 5030; x_wconf 90' lang='lat' dir='ltr'>et</span> 
     </span>
     <span class='ocr_line' id='line_1_75' title="bbox 967 5062 1762 5141; baseline 0 -16"><span class='ocrx_word' id='word_1_509' title='bbox 967 5065 1139 5125; x_wconf 86' lang='lat' dir='ltr'>Vulteran.</span> <span class='ocrx_word' id='word_1_510' title='bbox 1161 5063 1351 5133; x_wconf 88' lang='lat' dir='ltr'>dioecesum,</span> <span class='ocrx_word' id='word_1_511' title='bbox 1369 5077 1451 5139; x_wconf 90' lang='lat' dir='ltr'>quos</span> <span class='ocrx_word' id='word_1_512' title='bbox 1467 5062 1531 5139; x_wconf 88' lang='lat' dir='ltr'>ipsi</span> <span class='ocrx_word' id='word_1_513' title='bbox 1544 5063 1638 5124; x_wconf 83' lang='lat' dir='ltr'>vobis</span> <span class='ocrx_word' id='word_1_514' title='bbox 1653 5065 1762 5141; x_wconf 83' lang='lat' dir='ltr'>expri-</span> 
     </span>
    </p>
   </div>
   <div class='ocr_carea' id='block_1_26' title="bbox 968 5159 1880 5335">
    <p class='ocr_par' dir='ltr' id='par_1_29' title="bbox 968 5159 1880 5335">
     <span class='ocr_line' id='line_1_76' title="bbox 968 5159 1876 5232; baseline -0.009 -9"><span class='ocrx_word' id='word_1_515' title='bbox 968 5164 1057 5223; x_wconf 90' lang='lat' dir='ltr'>ment</span> <span class='ocrx_word' id='word_1_516' title='bbox 1073 5160 1278 5230; x_wconf 90' lang='lat' dir='ltr'>nominatim,</span> <span class='ocrx_word' id='word_1_517' title='bbox 1293 5159 1369 5219; x_wconf 90' lang='lat' dir='ltr'>illas</span> <span class='ocrx_word' id='word_1_518' title='bbox 1385 5159 1471 5221; x_wconf 87' lang='lat' dir='ltr'>scire</span> <span class='ocrx_word' id='word_1_519' title='bbox 1485 5161 1672 5232; x_wconf 89' lang='lat' dir='ltr'>credantur,</span> <span class='ocrx_word' id='word_1_520' title='bbox 1689 5162 1761 5222; x_wconf 92' lang='lat' dir='ltr'>dis·</span> <span class='ocrx_word' id='word_1_521' title='bbox 1870 5206 1876 5215; x_wconf 93' lang='lat'>.</span> 
     </span>
     <span class='ocr_line' id='line_1_77' title="bbox 969 5257 1880 5335; baseline -0.001 -15"><span class='ocrx_word' id='word_1_522' title='bbox 969 5258 1108 5320; x_wconf 89' lang='lat' dir='ltr'>cretioni</span> <span class='ocrx_word' id='word_1_523' title='bbox 1118 5258 1264 5334; x_wconf 82' lang='lat' dir='ltr'>tuae,per</span> <span class='ocrx_word' id='word_1_524' title='bbox 1276 5257 1465 5332; x_wconf 84' lang='lat' dir='ltr'>Apostolica</span> <span class='ocrx_word' id='word_1_525' title='bbox 1479 5258 1613 5334; x_wconf 87' lang='lat' dir='ltr'>scripta,</span> <span class='ocrx_word' id='word_1_526' title='bbox 1629 5257 1762 5319; x_wconf 88' lang='lat' dir='ltr'>manda·</span> <span class='ocrx_word' id='word_1_527' title='bbox 1873 5328 1880 5335; x_wconf 43' lang='grc'><strong>,</strong></span> 
     </span>
    </p>
   </div>
   <div class='ocr_carea' id='block_1_27' title="bbox 969 5354 1764 5723">
    <p class='ocr_par' dir='ltr' id='par_1_30' title="bbox 969 5354 1764 5723">
     <span class='ocr_line' id='line_1_78' title="bbox 969 5354 1760 5432; baseline 0.001 -16"><span class='ocrx_word' id='word_1_528' title='bbox 969 5372 1042 5416; x_wconf 91' lang='lat' dir='ltr'>mus</span> <span class='ocrx_word' id='word_1_529' title='bbox 1055 5358 1218 5432; x_wconf 87' lang='lat' dir='ltr'>quatenus</span> <span class='ocrx_word' id='word_1_530' title='bbox 1233 5354 1309 5415; x_wconf 93' lang='lat' dir='ltr'>illos</span> <span class='ocrx_word' id='word_1_531' title='bbox 1325 5370 1461 5414; x_wconf 88' lang='lat' dir='ltr'>moneas</span> <span class='ocrx_word' id='word_1_532' title='bbox 1477 5370 1520 5415; x_wconf 82' lang='lat' dir='ltr'>ex</span> <span class='ocrx_word' id='word_1_533' title='bbox 1539 5359 1632 5430; x_wconf 86' lang='lat' dir='ltr'>parte</span> <span class='ocrx_word' id='word_1_534' title='bbox 1647 5358 1760 5418; x_wconf 84' lang='lat' dir='ltr'>nostra</span> 
     </span>
     <span class='ocr_line' id='line_1_79' title="bbox 969 5451 1758 5532; baseline 0 -18"><span class='ocrx_word' id='word_1_535' title='bbox 969 5451 1276 5532; x_wconf 73' lang='lat' dir='ltr'>prudentenutipsi</span> <span class='ocrx_word' id='word_1_536' title='bbox 1284 5454 1385 5512; x_wconf 88' lang='lat' dir='ltr'>Deum</span> <span class='ocrx_word' id='word_1_537' title='bbox 1398 5451 1556 5511; x_wconf 87' lang='lat' dir='ltr'>habentes</span> <span class='ocrx_word' id='word_1_538' title='bbox 1567 5467 1634 5526; x_wconf 90' lang='lat' dir='ltr'>prae</span> <span class='ocrx_word' id='word_1_539' title='bbox 1643 5454 1758 5525; x_wconf 86' lang='lat' dir='ltr'>ocuIIs,</span> 
     </span>
     <span class='ocr_line' id='line_1_80' title="bbox 970 5549 1760 5629; baseline 0 -17"><span class='ocrx_word' id='word_1_540' title='bbox 970 5550 1213 5629; x_wconf 78' lang='lat' dir='ltr'>gratiaqunque</span> <span class='ocrx_word' id='word_1_541' title='bbox 1223 5564 1261 5609; x_wconf 91' lang='lat' dir='ltr'>ac</span> <span class='ocrx_word' id='word_1_542' title='bbox 1271 5550 1390 5609; x_wconf 88' lang='lat' dir='ltr'>timore</span> <span class='ocrx_word' id='word_1_543' title='bbox 1399 5549 1760 5624; x_wconf 75' lang='lat' dir='ltr'>postpositisstudeaut</span> 
     </span>
     <span class='ocr_line' id='line_1_81' title="bbox 971 5646 1764 5723; baseline -0.003 -13"><span class='ocrx_word' id='word_1_544' title='bbox 971 5650 1130 5713; x_wconf 80' lang='lat' dir='ltr'>iudicare,</span> <span class='ocrx_word' id='word_1_545' title='bbox 1153 5664 1194 5706; x_wconf 90' lang='lat' dir='ltr'>ue</span> <span class='ocrx_word' id='word_1_546' title='bbox 1213 5663 1272 5723; x_wconf 84' lang='lat' dir='ltr'>pro</span> <span class='ocrx_word' id='word_1_547' title='bbox 1299 5646 1426 5707; x_wconf 76' lang='lat' dir='ltr'>delectu</span> <span class='ocrx_word' id='word_1_548' title='bbox 1452 5660 1565 5705; x_wconf 80' lang='lat' dir='ltr'>eorum</span> <span class='ocrx_word' id='word_1_549' title='bbox 1591 5663 1609 5705; x_wconf 92' lang='lat' dir='ltr'>a</span> <span class='ocrx_word' id='word_1_550' title='bbox 1633 5664 1764 5710; x_wconf 80' lang='lat' dir='ltr'>montas-</span> 
     </span>
    </p>
   </div>
   <div class='ocr_carea' id='block_1_28' title="bbox 1592 5789 1623 5843">
    <p class='ocr_par' dir='ltr' id='par_1_31' title="bbox 1592 5789 1623 5843">
     <span class='ocr_line' id='line_1_82' title="bbox 1592 5789 1623 5843; baseline 0.032 -1"><span class='ocrx_word' id='word_1_551' title='bbox 1592 5789 1623 5843; x_wconf 87' lang='lat' dir='ltr'>ll</span> 
     </span>
    </p>
   </div>
   <div class='ocr_carea' id='block_1_29' title="bbox 0 0 1900 6180">
    <p class='ocr_par' dir='ltr' id='par_1_32' title="bbox 0 0 1900 6180">
     <span class='ocr_line' id='line_1_83' title="bbox 0 0 1900 6180; baseline 0 0"><span class='ocrx_word' id='word_1_552' title='bbox 0 0 1900 6180; x_wconf 95' lang='lat' dir='ltr'> </span> 
     </span>
    </p>
   </div>
  </div>
 </body>
</html>
