3774 6186
55 371 116 432 977
656 365 788 429 INDEX
817 360 1112 429 manutenent.
1647 358 1708 420 772

58 587 104 647 77
119 585 297 643 comitemet
310 584 445 667 populum
458 583 630 666 spalatinae.
801 519 857 643 (7:⁰th
909 580 953 639 77
973 578 1107 662 abbatem
1133 585 1163 637 ct
1187 584 1361 661 conventum
1380 576 1600 637 monasteriis.
1652 514 1708 566 ω’

58 658 105 716 77
125 656 366 715 bartholomeum
386 670 552 729 episcopum
569 656 750 726 Qumqueec·
944 653 1099 723 Augustini
1114 650 1336 731 cantuanensts.
1534 719 1539 727 .
1577 718 1584 731 .
1655 647 1709 707 797

95 729 279 784 elesiensem.
804 721 857 779 785
910 720 952 779 77
984 728 1130 777 cautorem
1164 726 1193 776 et
1218 718 1450 775 archidiaconum
1483 732 1602 790 majoris

58 798 103 855 Ad
129 798 302 876 episcopum¹
319 795 592 864 ll'ratizlsuiensem,
616 792 751 875 praeposi·
945 791 1076 872 ecclesie
1104 804 1138 846 ne
1173 789 1319 871 decanum⁸
1344 789 1441 847 Sancti
1466 788 1603 847 Germani

58 865 750 1007 allinleitilightlcilcallliffl·
805 860 857 987 ltl
910 859 1390 1012 illicilllilhilltila
1405 928 1599 987 alama.
1656 856 1710 1011 ’,ω

58 1006 105 1065 77
121 1005 369 1077 archiepiscopum
386 1008 565 1063 lismensem.
803 1000 857 1060 778
947 1000 1124 1057 llalberstad.
1140 999 1281 1081 diocesis.
1355 1069 1361 1081 ι
1634 997 1708 1057 lbt.

58 1077 105 1135 77
121 1077 255 1132 abbatem
270 1074 306 1131 de
320 1077 450 1143 buzaire,
467 1077 590 1148 priorem
603 1074 752 1146 cingente
910 1070 956 1129 77
967 1071 1125 1153 capitulum
1139 1072 1269 1153 eeclesiae
1283 1068 1479 1127 deluchlleld.
1654 1069 1710 1128 807

95 1147 326 1213 claromonten,
347 1152 376 1202 et
391 1147 549 1215 Mimaten.,
571 1144 699 1213 diceens,
722 1149 752 1201 et
910 1140 955 1200 77
968 1156 1145 1214 episcopum,
1161 1140 1394 1197 archrdraeouum
1409 1148 1438 1197 et
1450 1140 1601 1198 thesaura·

148 1215 341 1272 nitentiarium
356 1216 564 1285 claromonten.
783 1207 856 1269 7777.
947 1212 1265 1270 riumcatalaunenses.
1333 1280 1337 1289 Ι
1655 1206 1710 1267 807

57 1288 86 1347 A
121 1285 354 1343 archidiaconum
377 1288 586 1354 (7777777777,
602 1281 751 1343 custodem
911 1282 954 1341 Ad
969 1281 1071 1339 iratres
1085 1282 1122 1339 de
1133 1281 1233 1339 ordine
1248 1278 1481 1339 Praedreatorum.
1655 1278 1711 1339 807

96 1356 324 1415 Poznauiensem
348 1363 409 1414 et...
440 1358 634 1425 bleisensem,
657 1357 750 1413 cnec-
910 1353 955 1413 77
965 1352 1098 1409 abbatem
1108 1351 1144 1409 de
1154 1354 1249 1409 Monte
1259 1352 1437 1423 Angelorum
1448 1358 1478 1407 et
1489 1364 1602 1423 praepo·

96 1428 199 1483 nensis
210 1425 352 1483 dimcesis.
805 1420 857 1479 779
945 1425 1031 1481 situm
1047 1424 1246 1493 cuuicensem,
1261 1422 1457 1481 constantien.
1477 1427 1508 1479 et
1524 1422 1602 1480 bsu-
1669 1490 1676 1503 ι

58 1496 106 1556 77
120 1496 282 1554 77777777
297 1496 521 1569 strigoniensem
533 1496 705 1569 archiepisc.
806 1492 859 1549 770
947 1508 1030 1551 saun.
1046 1493 1163 1551 ditesce.
1634 1488 1709 1548 lind.

57 1567 107 1626 77
121 1565 267 1624 Andream
282 1580 380 1639 regem
396 1567 561 1641 llungsrioe.
806 1561 857 1619 777
911 1564 955 1625 77
968 1565 1124 1636 capitulum
1144 1563 1333 1622 Massiliense.
1655 1558 1712 1619 807

58 1637 106 1696 77
119 1634 280 1694 77777777
296 1634 463 1708 archiepisc.
477 1638 712 1710 strigoniensem.
784 1628 857 1691 7777.
911 1634 956 1693 77
975 1634 1159 1706 prepositum
1181 1642 1210 1690 et
1232 1640 1407 1692 conventum
1429 1632 1526 1692 Sancti
1546 1632 1602 1692 777·

58 1704 107 1766 77
121 1706 283 1764 77777777
297 1706 543 1780 archiepiscopum
554 1714 584 1764 et
601 1704 738 1780 praeposi·
946 1704 1056 1763 chaelis
1070 1704 1106 1762 ad
1122 1704 1243 1763 Ulmsm.
1636 1699 1710 1761 7777.

98 1785 161 1834 tum
179 1776 400 1848 strigonienses.
806 1771 859 1830 777
911 1774 984 1832 Ade
1005 1776 1134 1847 iseopum
1148 1782 1176 1831 et
1189 1775 1345 1847 capitulum
1359 1775 1553 1833 Placentinos.
1655 1772 1712 1832 SbS

60 1846 108 1906 77
125 1846 266 1927 decanum
281 1854 309 1903 et
322 1846 476 1928 capitulum
490 1845 730 1929 lichefeldenses.
784 1841 857 1901 7777.
912 1845 956 1904 77
970 1791 1089 1929 abbates
1102 1847 1317 1928 cistercienses,
1333 1845 1436 1928 iratres
1453 1843 1605 1929 hospitalis

60 1917 108 1977 77
122 1923 307 1989 prepositum
320 1924 393 1973 etca
417 1918 516 1974 rtulum
536 1918 565 1974 S.
581 1916 733 1988 Pamphrlr.
806 1913 858 1972 773
948 1917 1044 1974 Sancti
1069 1915 1209 1975 iohannis
1232 1917 1495 1989 hierosolymitani,
1514 1922 1545 1973 et
1567 1912 1605 1972 77

59 1987 107 2047 77
128 1988 260 2067 abbatem
275 1987 371 2043 Sancti
412 1988 508 2045 icteris
525 1987 711 2046 Massiliensis
725 1991 754 2043 et
947 1986 1078 2069 militiam
1089 1988 1157 2044 Tem
1180 1986 1209 2055 li,
1224 1994 1253 2044 et
1268 1987 1419 2069 religiosos
1432 1987 1514 2043 alios.
1657 1982 1712 2066 807

60 2058 474 2199 777777777777777·
492 2126 528 2185 a
542 2126 647 2185 aaa
664 2134 694 2184 a
717 2123 754 2183 a.
806 2053 859 2206 Ψ
911 2056 956 2186 li
971 2072 1094 2210 illitis
1107 2057 1550 2209 at.lln⁸.li.⁰.l¹li⁰‘ff⁰⁸⁰⁸·
1634 2052 1710 2184 Ι’77

99 2197 251 2255 Naubotle.
786 2192 857 2252 lbrd.
912 2197 955 2256 77
969 2144 1001 2254 ἵ).
1012 2197 1088 2254 arcln
1112 2199 1288 2271 resbyierum
1300 2197 1337 2256 de
1347 2200 1490 2271 Surgerns
1504 2196 1602 2254 Xenc·

60 2268 109 2327 77
125 2268 248 2347 priorem
263 2273 291 2323 et
302 2273 474 2349 conventum
487 2268 720 2325 lateranensem.
807 2264 860 2323 777
948 2213 1231 2348 7777777737777777.
1655 2266 1710 2324 809

60 2338 109 2398 77
124 2338 421 2435 universos-eoeleste
435 2340 577 2421 prelatos,
597 2338 755 2397 dioeccsum
819 2405 826 2417 .
912 2336 957 2395 77
969 2338 1091 2410 judiees,
1106 2340 1241 2397 consules
1258 2347 1287 2397 et
1301 2338 1437 2412 populum
1452 2339 1602 2396 Beneven-
1669 2406 1675 2419 ι

61 2410 618 2559 Afrgragpopfflseettctigrsffimss
642 2477 752 2551 Strige·
785 2403 857 2464 md.
912 2416 1089 2562 Adasllrlitlaltes
1103 2480 1199 2537 Sancti
1218 2480 1357 2563 Martialis
1372 2477 1603 2562 7777777777,
1635 2404 1708 2465 Μ’

13 2578 17 2585 -
101 2563 221 2607 urensrs.
808 2545 861 2604 776
949 2551 1161 2608 etBnlltensem
1181 2553 1396 2608 lemovicensis
1414 2548 1557 2617 droeeesrs,
1575 2555 1606 2606 et

61 2618 110 2679 77
121 2621 288 2692 episcopum
301 2624 330 2674 77
343 2619 497 2691 capitulum
517 2619 729 2679 cabilonenses.
786 2615 859 2675 ibid.
949 2621 1119 2693 magistrum
1154 2621 1334 2694 Philippum,
1361 2619 1606 2693 poeultentiarium

62 2690 110 2750 77
140 2689 306 2770 7777777Ἰ
326 2690 449 2771 priorem
481 2698 510 2748 et
546 2690 755 2747 thesaurarium
951 2692 1195 2748 Lemovicensem.
1657 2687 1712 2747 870

102 2761 200 2817 Sancti
225 2759 338 2815 Marnrn
368 2761 575 2818 Burrcurteusis
602 2761 753 2818 belvacen.
915 2760 958 2818 77
973 2760 1604 2820 decanosBituriceusemetcarnotcnscmet

102 2829 246 2887 dioecesis.
810 2829 861 2884 777
950 2831 1145 2889 subdecanum
1160 2833 1407 2889 Aurelianensem.
1657 2828 1709 2887 877

64 2902 110 2961 77
126 2899 373 2972 arehiepiscopum
393 2900 596 2959 Viennensem.
673 2969 680 2983 ι
810 2898 862 2955 778
915 2900 959 2957 77
973 2902 1098 3027 priorem
1112 2910 1141 2960 et
1155 2901 1256 2959 iratres
1270 2902 1554 2984 Grandimoutenses.
1657 2899 1713 2959 877

65 2972 110 3030 nd
124 2970 258 3028 abbatem
270 2976 299 3026 et
309 2972 599 3029 coaveummsauere
612 2970 708 3029 77777
720 2966 757 3026 77
915 2970 959 3028 77
990 2968 1134 3028 ohannem
1149 2971 1186 3028 de
1196 2974 1293 3029 Monte
1305 2974 1397 3029 Lauro
1410 2978 1605 3044 prepositum,

102 3044 253 3114 Martyres.
810 3036 863 3095 779
952 3042 1121 3113 magistrum
1145 3044 1179 3100 ll.
1201 3041 1433 3099 archidiaconum
1452 3049 1481 3098 et
1500 3042 1606 3099 sacris·

66 3112 110 3171 77
125 3110 291 3185 priorissam
304 3117 332 3167 et
345 3117 517 3168 conventum
528 3112 557 3169 S.
574 3111 654 3171 Sinti.
788 3105 860 3167 7777.
952 3117 1010 3168 tarn
1023 3112 1254 3184 Magalonenses.
1659 3109 1714 3169 870

66 3182 111 3242 77
134 3182 318 3255 praepositum
342 3188 370 3238 et
390 3189 563 3239 conventum
591 3178 757 3239 monasterii
916 3178 960 3238 lld
972 3181 1104 3238 abbatem
1115 3190 1144 3239 et
1153 3190 1327 3240 eonvemum
1339 3182 1506 3240 monasterii
1517 3179 1605 3241 ildoi-

104 3254 133 3310 in
149 3250 332 3308 llundestorl.
810 3248 864 3307 780
952 3253 1002 3308 rici
1015 3255 1216 3325 augustensis.
1659 3250 1715 3310 stt

67 3323 112 3383 77
122 3320 471 3404 77777717777777777777
480 3323 647 3382 monasterii
661 3320 757 3381 Sancti
917 3322 961 3380 77
974 3320 1134 3380 iohannem
1149 3322 1353 3381 bituricensem
1369 3322 1538 3395 archiepisc.
1640 3320 1713 3381 ibid.

103 3395 259 3452 77777777.
811 3390 862 3449 787
917 3392 961 3452 77
981 3394 1131 3451 universos
1145 3393 1263 3452 abbates
1279 3393 1388 3451 ordinis
1403 3396 1500 3452 Sancti
1515 3397 1607 3452 Bene·

67 3464 112 3524 ild
134 3463 306 3535 magistrum
329 3470 357 3520 et
372 3460 473 3523 iratres
493 3465 601 3523 ordinis
614 3460 756 3523 7777777-
812 3531 865 3591 m
953 3462 1020 3521 dicti
1038 3478 1088 3536 per
1110 3465 1282 3523 lismensem
1301 3466 1478 3538 prouinciam
1500 3465 1607 3523 consti·

95 3543 543 3750 7777777777.
790 3602 865 3730 lb
917 3542 1129 3749 efficis
1144 3604 1609 3735 7777777777
1661 3533 1716 3593 ⁸¹⁵

67 3744 115 3804 Ad
129 3757 229 3824 regem
245 3744 408 3825 ilungarioe.
791 3742 863 3800 ibid.
953 3754 982 3804 et
1006 3744 1210 3805 liklehardum
1238 3747 1507 3821 Merseburgensem
1530 3748 1608 3820 epis-

68 3815 115 3875 77
128 3814 374 3888 arelneprseopum
387 3816 638 3890 burdegalensem.
813 3813 865 3871 ret
954 3831 1052 3889 cupos.
1663 3816 1718 3877 878

69 3885 115 3944 77
129 3885 358 3968 wintoniensem
373 3889 551 3961 episcopum,
561 3884 759 3970 7777777777
919 3886 963 3944 77
977 3885 1226 4014 archiepiscopum
1238 3887 1471 3946 cantuariensem
1484 3887 1513 3946 S.
1527 3889 1560 3946 it.
1572 3888 1607 3945 77.

108 3957 223 4012 Menrrcr
238 3970 316 4028 regis
330 3960 488 4032 anglorum
502 3959 691 4015 consiliarios.
813 3954 867 4013 787
954 3956 1129 4016 cardinaem
1164 3965 1194 4016 et
1216 3959 1383 4032 episcopum
1416 3960 1608 4017 Seresterien·

129 4025 373 4100 arehiepiscopum
388 4032 570 4087 liemensem.
813 4025 866 4085 780
954 4042 1027 4087 777.
1663 4028 1718 4087 877

143 4097 388 4171 arehiepiscopum
415 4100 626 4157 Eboracensem
647 4104 677 4156 ct
696 4096 759 4171 eius
919 4098 963 4157 77
984 4098 1188 4157 monasterium
1203 4099 1420 4172 Pruvigensem.
1665 4100 1720 4159 87]

107 4167 316 4240 suffraganeos.
813 4168 866 4226 787
920 4169 963 4226 77
978 4171 1149 4226 Trecensem
1164 4171 1330 4242 capitulum.
1643 4169 1716 4230 lhid.

99 4238 384 4312 darchiepiscopum
398 4238 616 4298 bituricensem.
792 4237 864 4296 ibid.
920 4239 964 4297 77
983 4239 1229 4312 archiepiscopum
1251 4241 1457 4299 senonensem.
1666 4242 1720 4301 877

99 4307 276 4366 deumderu.
813 4309 867 4367 788
920 4310 964 4370 Ad
978 4311 1100 4367 electum
1113 4311 1343 4368 Atrebateusem.
1643 4309 1716 4370 lbid.

72 4378 117 4437 77
132 4379 379 4460 7.,77777777777
396 4379 637 4439 archidiaconum.
793 4377 865 4437 lbid.
920 4381 964 4440 77
979 4382 1213 4453 Magalonensem
1227 4382 1405 4452 episcopum.
1664 4384 1720 4443 877

99 4449 297 4520 depiscopum
313 4452 519 4508 pictavensem.
815 4450 867 4508 787
920 4450 965 4510 77
987 4451 1118 4509 abbatem
1141 4457 1170 4509 77
1191 4458 1363 4509 conventum
1393 4453 1508 4525 Septem
1536 4454 1612 4512 Fon·

100 4518 386 4594 darchiepiscopum
408 4528 436 4578 et
460 4522 615 4595 capitulum
635 4523 757 4580 Remen-
827 4590 833 4604 .
957 4524 1027 4579 tium
1041 4522 1150 4579 ordinis
1165 4524 1458 4581 Praemonstratensis.
1645 4522 1718 4583 lbid.

109 4605 182 4646 sem.
792 4588 866 4649 lbrd.
921 4591 965 4651 77
989 4594 1142 4650 llenricnm
1157 4594 1291 4649 comitem
1301 4595 1437 4652 7777777.
1665 4596 1720 4653 873

72 4661 118 4718 77
139 4659 297 4716 lecelinum
319 4667 348 4716 et
362 4658 517 4718 cuiardum
532 4660 759 4733 archidiacones,
920 4662 965 4721 77
980 4664 1216 4736 Magalonensem
1228 4664 1407 4736 episcopum.
1666 4664 1721 4724 877

109 4735 137 4784 77
151 4734 296 4808 cantorem
309 4731 474 4787 Treeenses.
511 4754 524 4773 ·
814 4731 868 4789 790
921 4733 965 4791 77
978 4734 1185 4791 monasterium
1201 4732 1427 4793 llildesleuense.
1666 4734 1721 4794 877

73 4798 118 4859 77
131 4798 374 4872 archiepiscopum
390 4801 607 4860 Biturlcensem.
815 4802 866 4883 707
921 4803 965 4863 77
978 4804 1102 4931 3777777
1118 4803 1418 4863 crandimontensem.
1665 4804 1721 4865 870

72 4870 118 4930 77
133 4867 277 4926 eumdem.
793 4869 866 4930 lbrd.
921 4873 965 4933 77
997 4889 1129 4943 ecauum,
1146 4873 1305 4933 (luidonem
1326 4875 1363 4933 de
1377 4874 1491 4948 Lagari,
1508 4882 1538 4933 et
1552 4876 1610 4933 liu-

73 4940 118 5000 77
134 4938 277 4997 eumdem.
816 4942 868 4999 707
957 4945 1077 5001 randum
1092 4945 1247 5003 canonicos
1256 4948 1424 5004 llemenses.
1665 4946 1720 5005 877

73 5009 118 5070 77
137 5010 281 5067 777777.
794 5010 866 5069 7777.
922 5014 966 5073 77
987 5017 1172 5073 Portuensem
1186 5016 1354 5089 episcopum
1369 5016 1541 5090 apostolica
1560 5016 1610 5075 Se·

74 5080 118 5140 77
143 5082 311 5151 magistrum
325 5081 352 5138 S.
364 5080 498 5139 clericum
514 5082 729 5140 bituricensem.
817 5082 868 5139 703
956 5083 1001 5143 777
1015 5084 1154 5213 legatum.
1645 5086 1718 5148 lbid.

74 5151 118 5211 77
133 5153 298 5223 episcopum
313 5153 563 5225 argentinensem.
794 5150 866 5211 lbid.
921 5154 1043 5212 77777
1064 5171 1120 5213 77.
1665 5158 1721 5217 878

74 5221 118 5281 77
131 5221 376 5295 arehiepiscopum
389 5223 604 5281 bituricensem.
816 5221 868 5279 707
921 5224 966 5283 77
978 5226 1071 5299 Philip
1093 5243 1141 5284 um
1153 5242 1251 5300 regem
1267 5229 1451 5287 Francorum.
1665 5228 1721 5287 770

74 5292 118 5351 77
145 5292 285 5374 decanum
316 5302 345 5350 et
367 5294 520 5351 canonicos
548 5294 577 5351 S.
602 5293 699 5351 Mariis
723 5291 761 5351 de
828 5362 835 5375 ‚
921 5294 966 5353 77
977 5243 1111 5355 consuete
1123 5306 1152 5356 et
1182 5300 1298 5371 apulum
1313 5301 1536 5359 Nemausenses.
1645 5297 1718 5358 ibid.

110 5363 254 5422 ccetvrch.
496 5434 503 5446 ο
561 5436 566 5447 ¹
677 5436 683 5447 1
794 5359 866 5421 ibid.
921 5365 966 5423 77
978 5368 1144 5440 episcopum
1160 5314 1409 5442 Ratisponeusem.
1666 5370 1718 5429 837

73 5433 118 5492 77
129 5434 260 5490 abbatem
273 5441 302 5491 et
310 5440 481 5492 conventum
495 5450 525 5492 in
540 5436 715 5493 sitanstetin.
816 5431 868 5492 797
921 5435 966 5493 77
984 5438 1182 5510 ltaymundum
1203 5440 1293 5498 illium
1308 5442 1341 5498 n.
1360 5439 1505 5513 quondam
1528 5440 1614 5498 corni-

73 5504 118 5563 77
133 5505 287 5576 capitulum
301 5512 329 5562 et
342 5506 449 5562 clerum
463 5506 718 5565 cenomanensem.
816 5504 868 5561 770
958 5507 1152 5566 tisTolosani.
1665 5511 1719 5571 837

73 5575 118 5634 77
136 5575 380 5648 archiepiscopum
392 5576 607 5636 bituricensem.
795 5572 865 5633 lbid.
922 5575 965 5634 77
978 5577 1226 5652 archiepiscopum
1241 5580 1503 5655 liothomagensem
1515 5588 1544 5639 et
1554 5580 1613 5639 sul·

101 5645 118 5703 d
133 5645 275 5703 eumdem.
795 5642 866 5704 lhid.
959 5644 1115 5722 irugaueos
1127 5650 1190 5723 ejus
1202 5652 1443 5725 ltcthornagensis
1456 5659 1485 5712 ct
1495 5654 1614 5712 bernen-
