3774 6186
780 194 793 237 l

97 312 123 373 e
693 276 921 374 anrsroam.
946 312 1023 371 arn.
1048 313 1087 372 v.
1649 311 1710 372 aaa

97 477 251 528 mutuarat
268 469 410 528 senteatia
433 470 633 528 Lataraaeusis
656 469 785 529 concilii.
816 467 860 527 Ab
915 468 1062 542 prevaluit
1074 467 1210 527 vanitate.
1231 468 1281 527 Cui
1296 467 1451 541 significat,
1472 467 1526 527 uisl
1546 466 1581 527 ad
1607 467 1707 527 melio·

97 565 362 626 aeeosmbamrn
374 567 608 625 esseimmuuem
623 566 790 637 declaravit,
810 566 858 640 qui
914 581 975 623 rem
998 570 1155 623 revertatur
1187 565 1290 635 rium,
1313 565 1455 640 episcopia
1488 563 1651 640 mandasse,
1670 564 1710 624 'ut

97 662 201 721 etesiae
215 665 352 722 Romanae
363 662 470 737 judicio
485 672 576 721 semet
589 663 761 736 subjecerat.

97 759 209 819 Eadem
232 760 422 834 temperantia
438 761 467 817 io
486 774 575 824 causa
587 760 678 818 ludaei
697 759 858 833 cujusdam,

97 855 188 915 naabi
199 859 316 915 nomine
335 857 457 930 insignis
476 872 545 916 usus
559 865 611 916 cst.
633 858 723 927 Quem
737 857 790 915 sub
808 872 857 930 pa·

97 953 188 1013 »cisio
201 953 364 1027 Apostolico
378 955 513 1028 suscepit,
534 954 703 1028 rogantibus
716 954 861 1028 episcopis

97 1050 212 1123 spania

97 1147 162 1215 Ast,
186 1146 387 1206 illellonorius
407 1149 454 1220 qui
477 1148 520 1206 sic
542 1147 650 1207 infideli
670 1147 861 1222 patrocinium

97 1244 261 1303 »ostaticum
275 1245 428 1314 concessit,
447 1246 476 1301 in
495 1244 622 1317 legatum
635 1245 722 1303 etiam
734 1245 859 1318 Aposto-

97 1355 127 1399 ο
147 1340 230 1400 Sedis
240 1340 377 1399 desevire
392 1356 449 1399 non
462 1342 564 1411 timuit,
577 1340 691 1415 quando
716 1342 861 1416 liuguicio

97 1452 128 1497 ts
140 1437 333 1497 subdiaconus
345 1443 373 1495 et
384 1438 549 1512 capellanus
568 1440 597 1496 iu
613 1439 749 1511 Hispania
771 1439 860 1497 multa

97 1534 257 1609 rpetrabat,
278 1534 331 1592 sub
352 1542 490 1610 pretextu
510 1535 656 1593 vicesimae
680 1535 860 1609 colligenda,

97 1631 173 1689 rasin
187 1632 278 1703 ipsam
298 1631 457 1690 Ecclesiam
477 1633 636 1689 Romanam
657 1630 859 1691 redundarent.

97 1728 158 1802 rjus
170 1726 295 1786 bominis
308 1727 456 1785 audaciam
472 1727 569 1802 tregit.

99 1824 257 1883 Lusitaniae
269 1838 368 1897 regem
379 1824 562 1884 vehementer
574 1826 668 1900 arguit
676 1825 779 1884 eodem
792 1833 864 1884 tem·

97 1934 148 1991 tre,
178 1929 356 1993 quemantea
370 1923 485 1995 magnis
496 1921 627 1980 ludibus
638 1923 787 1981 extulerat.
807 1921 862 1981 Sed

97 2018 157 2076 ein
173 2032 288 2074 amores
299 2018 411 2076 illicitos
432 2017 580 2091 inciderat,
594 2027 623 2076 et
642 2018 757 2077 aliunde
775 2020 859 2078 liber·

97 2121 155 2173 tem
173 2114 398 2174 acdesastiaam
418 2115 640 2189 aspernabatur:
663 2118 738 2174 Ecce
763 2115 861 2185 bomo,

914 661 1099 721 anathemate
1113 660 1238 719 feriatur.

951 762 1011 818 lloc
1027 774 1113 826 anno,
1129 760 1158 816 in
1171 759 1287 832 Augila,
1303 773 1407 831 corpus
1419 760 1447 817 S.
1462 758 1578 819 Tbomae
1593 759 1710 819 transla-

915 864 977 915 tum
1002 855 1064 926 tuit,
1088 855 1264 929 approbante
1286 857 1422 915 Honorio.
1445 853 1582 915 latuerat
1605 856 1710 915 vindex

914 954 1116 1012 ecclesiastice
1135 952 1281 1010 libertatis.
1299 955 1422 1021 interea,
1438 952 1467 1009 in
1490 953 1637 1024 Hibernia,
1660 968 1706 1012 se·

916 1051 982 1109 data
1004 1051 1168 1120 rebellione,
1182 1065 1295 1117 omues,
1315 1051 1421 1111 relictis
1449 1049 1584 1110 Ludovici
1606 1051 1710 1110 Gallia·

916 1162 978 1207 rum
1001 1148 1079 1220 regis
1103 1148 1285 1220 primogeniti
1300 1147 1437 1220 partibus,
1448 1145 1484 1204 ad
1497 1148 1650 1209 ilenricum
1663 1163 1708 1206 re·

915 1258 983 1317 gem
1010 1260 1042 1302 sa
1069 1245 1269 1313 coutulerunt,
1293 1259 1378 1316 quem
1408 1244 1510 1304 Sancta
1527 1243 1615 1305 Sedes
1646 1245 1712 1307 totis

917 1340 1023 1400 viribus
1042 1340 1182 1401 tuebatur.

952 1437 1033 1497 Unde
1047 1438 1076 1495 in
1090 1438 1243 1510 illoquinto
1255 1439 1371 1497 Honori
1382 1440 1422 1497 lll
1436 1437 1710 1510 pontidcatusanno,

916 1550 962 1594 res
976 1534 1134 1595 Christiana
1150 1534 1339 1608 undequaque
1357 1549 1493 1608 prospare
1515 1551 1548 1594 se
1567 1545 1709 1610 gesserat,

917 1632 971 1689 uisi
992 1633 1021 1690 in
1045 1632 1160 1691 Oriente
1182 1632 1257 1704 apud
1278 1633 1448 1691 bamiatam.
1464 1633 1538 1691 Nam
1557 1634 1711 1706 imperator

917 1728 1084 1787 Fredericus
1104 1729 1141 1786 de
1168 1727 1215 1787 die
1236 1729 1265 1787 in
1289 1727 1366 1786 diem
1384 1736 1481 1788 votum
1503 1729 1661 1800 differebat,
1682 1739 1711 1790 et

916 1827 1180 1898 crucesignatorum
1196 1825 1337 1883 exercitus
1352 1826 1380 1883 in
1393 1827 1548 1898 periculum
1564 1827 1707 1900 veniebat,

917 1922 1011 1981 multis
1023 1922 1059 1980 de
1073 1922 1198 1996 partibus
1209 1923 1263 1980 illis
1278 1924 1400 1982 reversis
1413 1922 1586 1997 adproprias
1597 1924 1708 1985 domos.

917 2018 1034 2076 Plurimi
1046 2019 1132 2076 etiam
1143 2017 1276 2077 dicebant
1286 2017 1357 2077 nibil
1370 2017 1513 2077 tructuose
1528 2021 1631 2092 moliri,
1642 2021 1710 2085 dum

917 2122 1116 2188 expectaretur
1128 2115 1293 2189 imperator.
1307 2115 1411 2188 sicque
1421 2116 1477 2175 illis
1491 2117 1519 2174 in
1534 2119 1655 2188 patriam
1669 2137 1712 2179 ra

97 2218 107 2270 t
119 2212 271 2280 Honorius,
283 2212 331 2284 qui
339 2210 394 2269 sibi
408 2214 499 2270 Deum
511 2225 568 2269 nou
583 2213 677 2286 posuit
692 2213 861 2286 adiutorem,
916 2208 1068 2270 deuntibus
1082 2218 1110 2270 et
1124 2211 1188 2270 aliis
1201 2211 1352 2272 timiditate
1367 2212 1454 2271 nimia
1471 2210 1576 2283 tractis,
1588 2215 1628 2274 nil
1641 2215 1710 2276 boni

97 2306 118 2367 d
135 2309 261 2382 speravit
279 2309 308 2366 iu
332 2309 512 2367 multitudine
532 2307 695 2368 divitiarum
717 2318 746 2369 et
765 2309 795 2369 in
809 2324 861 2368 sua
917 2308 1084 2368 remanebat
1097 2308 1280 2382 sperandum.

457 3215 477 3301 Ι
915 3204 1103 3282 Apostolico
1118 3205 1333 3281 dignaremur
1343 3206 1525 3267 munimiae
1536 3205 1705 3270 roborare.

916 3303 984 3365 Nos
998 3302 1101 3378 igitur
1115 3303 1236 3364 vestris
1252 3302 1529 3379 postulationibus
1544 3303 1707 3375 inclinati,

916 3400 1073 3462 statutum
1103 3399 1212 3476 ipsum
1239 3400 1325 3462 sicut
1349 3399 1485 3476 provide
1510 3401 1545 3460 in
1576 3401 1707 3463 utilite·

916 3497 982 3558 tem
1003 3496 1130 3558 Tullen.
1147 3497 1298 3561 ecclesiae
1316 3496 1522 3573 dignoscitur
1540 3513 1614 3560 esse
1635 3498 1708 3560 iac-

916 3593 1203 3665 tum,auctoritate
1214 3595 1402 3671 apostolica
1415 3594 1662 3665 confirmamus,
1678 3597 1712 3657 et

917 3690 1090 3766 presentis
1111 3692 1225 3768 scripti
1250 3691 1436 3768 patrocinio
1458 3694 1708 3755 communimus.

97 3767 223 3868 infirmat
236 3767 429 3827 reductionem
448 3765 666 3870 prebendarum
686 3767 862 3866 inipsorum
916 3786 1008 3847 Num
1025 3802 1117 3862 ergo,
1134 3788 1210 3859 eto„
1228 3790 1350 3850 1103„ae
1376 3789 1637 3852 confirmationis
1651 3791 1709 3851 jn,

97 3857 225 3958 ⁰⁰⁰{⁹⁸¹⁸
249 3870 475 3930 ⁸⁸⁰¹⁸ss⁰¹¹⁸f¹⁰
494 3868 613 3913 flumem
630 3853 666 3912 ⁰⁶
680 3868 859 3927 qumquasse'
916 3881 1073 3958 fringere.
1098 3884 1228 3960 Siquis
1252 3886 1375 3957 autem,
1401 3886 1462 3946 etc.
1488 3889 1606 3947 Datum
1623 3889 1710 3964 apud

97 3959 228 4059 ”mun-¹·
917 3977 1038 4041 Urbem
1067 3982 1230 4052 Veterem,
1256 3996 1343 4041 nono
1375 3981 1536 4043 kalendas
1565 3985 1708 4059 augusti,

100 4053 286 4124 Honorino,
308 4054 384 4121 etc„
399 4050 582 4113 venorabili
597 4049 692 4112 fratri
708 4051 862 4128 episcopo
917 4076 1127 4154 pontificatus
1146 4077 1252 4138 nostri
1263 4093 1351 4139 anno
1366 4078 1491 4155 quinto·

105 4150 241 4212 dilectis
257 4150 334 4211 tiliis
346 4151 472 4211 decano
486 4151 520 4211 et
535 4148 679 4225 capitulo
689 4147 820 4209 Tullen.

105 3340 158 3400 Ad
172 3341 380 3415 episcopum,
397 3341 565 3400 decanum
580 3339 613 3399 et
629 3338 822 3411 capitutum

369 3439 565 3497 lidoecoctm

358 3547 393 3604 ai
410 3546 470 3620 iulii
492 3545 571 3605 lito.

119 3662 255 3727 stegen„
264 3660 309 3713 lib.
319 3661 349 3719 V,
357 3675 398 3726 ep.
416 3659 440 3710 3.
451 3661 508 3711 blas.
526 3660 562 3710 La
572 3661 645 3710 Porta
656 3659 689 3709 du
703 3659 798 3727 iacit]

99 4246 320 4311 Cumanobis
327 4247 462 4326 petitur,
471 4247 533 4308 etc.
542 4249 629 4309 Sane
640 4246 792 4323 porrecta
807 4261 864 4306 no-

97 4359 173 4407 sex
187 4344 281 4421 parte
301 4346 412 4406 vestra
427 4343 542 4421 petitio
561 4342 760 4415 confluebat,
775 4341 861 4419 quod

97 4457 144 4505 ιιιι
159 4441 196 4503 ιιι
215 4441 343 4502 Tollen.
359 4440 500 4502 ecclesia
514 4442 693 4518 proventus
705 4439 861 4518 praeben-

97 4552 185 4601 rrum
207 4539 318 4600 essem
335 4537 418 4599 adeo
442 4538 569 4605 tenues,
595 4536 759 4609 etexiles,
776 4535 862 4613 quod

97 4635 174 4699 teis
189 4650 256 4696 non
272 4636 407 4713 possent
432 4634 585 4695 canonici
603 4634 772 4695 commode
788 4649 864 4694 sus·

1285 4256 1326 4343 ΙΙ

917 4389 970 4447 Ad
993 4388 1129 4450 abbates
1149 4389 1268 4450 Sancti
1289 4392 1463 4452 Monatett
1488 4392 1650 4454 Putteaaia
1677 4402 1710 4454 ct

989 4485 1108 4548 Sancti
1120 4488 1265 4548 Nabortt
1284 4487 1449 4549 Metanoia
1468 4491 1633 4551 dtmcecta.

1214 4607 1249 4664 ri
1264 4606 1326 4681 julii
1348 4608 1426 4666 1220.

97 4732 189 4795 utari
210 4747 313 4810 quare
336 4731 458 4793 ibidem
474 4731 692 4792 residentiam
708 4730 790 4808 ipsis
811 4729 864 4792 ta·
968 4713 1086 4778 ffl⁰⁸⁰⁸¹·=
1097 4713 1142 4764 ¹³¹)-
1153 4712 1267 4777 Vr⁰1¹³⁸‘·
1281 4713 1305 4764 ³·
1319 4715 1375 4765 Μ’*
1387 4715 1506 4764 ¹⁴⁸P⁰n⁰
1517 4715 1551 4765 ‘³⁰
1563 4715 1657 4778 Μ]

97 4845 143 4893 tre
166 4845 234 4891 non
254 4827 451 4900 valentibus
483 4828 626 4890 ecclesia
649 4828 722 4904 ipsa
743 4826 863 4889 debitis
918 4820 1166 4880 DateisGorzieu.
1182 4819 1332 4877 ecclesiam
1356 4818 1491 4877 visitandi
1504 4834 1602 4878 curam
1618 4821 1710 4881 donec

97 4926 236 5005 nequiis
256 4925 482 4997 fraudabatur,
508 4941 567 4986 vos
591 4925 697 5001 ipsius
712 4924 862 4987 ecclesiae
953 4909 1134 5010 issifflfflllssl
1156 4907 1288 5009 §abstulit
1305 4907 1460 4980 imiimi&
1481 4908 1517 4966 (¹0
1532 4909 1595 4969 aliia
1608 4912 1708 4972 visita·

97 5021 205 5085 ilitati
222 5020 396 5099 providere
416 5020 578 5090 volentes,
599 5018 767 5080 communi
782 5035 864 5080 con-
951 4994 1360 5069 ¹¹⁰⁰¹b¹¹⁸1³¹⁰v¹⁸⁰ffls¹¹¹⁸⁸⁰¹·

97 5133 169 5179 insu
189 5116 446 5193 sexagenarium
467 5113 720 5191 prebendarum
745 5130 864 5177 nume-
956 5113 1135 5186 Honorius,
1151 5115 1227 5186 etc„
1243 5112 1373 5175 dilectis
1388 5112 1467 5174 tiliis
1486 5116 1599 5179 Sancti
1614 5119 1711 5179 idan-

97 5230 140 5277 rm
152 5214 197 5276 ad
212 5213 533 5293 quinquagenarium
552 5212 739 5288 redegistis,
756 5212 863 5275 tirmi-
917 5212 1003 5273 sueti
1017 5211 1146 5272 Tollen.
1163 5213 1196 5272 et
1207 5211 1321 5273 Sancti
1340 5210 1478 5274 Nabcrli
1491 5214 1708 5276 Metamdioe-

97 5326 118 5375 ι·
135 5310 323 5382 statuendo,
348 5311 383 5372 ut
401 5310 590 5387 proventus,
613 5324 657 5371 ex
675 5307 862 5385 praebendis
917 5308 1004 5371 cesis
1016 5307 1207 5370 abbatibus.

97 5408 300 5472 casanatae
314 5407 439 5471 eisdem
451 5406 643 5469 dividantur
657 5407 804 5484 quotidie
813 5408 862 5468 in·
958 5407 1025 5467 Sua
1060 5405 1155 5467 nobis
1186 5403 1289 5468 abbas
1317 5407 1469 5468 Gorzien.
1482 5406 1707 5472 insinuatione

97 5505 311 5569 rcauoaicos
325 5504 519 5566 residentes.
541 5505 748 5581 Quapropter
767 5503 862 5567 nobis
916 5503 1122 5574 monstravit,
1137 5501 1223 5581 quod
1238 5519 1312 5565 cum
1333 5503 1503 5577 assignata
1522 5505 1609 5567 esset
1623 5506 1705 5579 dies,

97 5604 239 5667 imiliter
262 5600 491 5679 supplicastis,
522 5603 557 5663 ut
572 5603 729 5663 statutum
754 5601 860 5677 ipsum
916 5617 980 5680 qua
1002 5600 1182 5678 provinciae
1207 5600 1386 5662 Treveren.
1406 5598 1541 5663 abbates
1560 5600 1601 5663 nd
1619 5605 1710 5667 cele-
