3774 6186
118 307 178 371 823

120 467 324 538 conceditur,
348 482 408 544 per
425 464 511 543 quod
531 465 580 526 sic
600 464 761 542 quaeritur
775 465 916 542 petentis

116 564 259 633 utilitas,
288 565 324 624 ut
349 562 488 624 alterius
514 562 647 638 justitia
674 578 740 622 non
764 562 914 623 laedatur.

121 665 208 747 Hinc
232 664 282 723 est
306 661 392 738 quod
424 660 543 721 vestris
565 660 719 736 precibus
744 659 915 731 inclinati,

120 761 319 823 anctoritate
338 759 432 820 vobis
456 759 669 834 praesentium
694 758 915 832 indulgemus,

122 861 157 920 nt
167 859 266 919 liceat
276 857 370 917 vobis
387 857 515 917 vestras
530 856 691 917 ecclesias
704 856 810 916 advos
820 855 916 931 qtleno

117 958 194 1033 jure
210 955 410 1032 spectantes,
420 971 494 1016 cum
508 954 681 1026 vacabunt,
695 952 862 1029 aliquibus
877 952 917 1012 de

120 1053 279 1113 iratribus
296 1053 415 1115 vestris
438 1053 643 1114 contundere
667 1051 915 1127 gubernandam

121 1167 260 1228 quorum
277 1167 362 1211 tinus
388 1150 577 1211 dioecesano
599 1149 755 1226 episeopo
771 1164 919 1224 praesen·

120 1248 220 1319 tetur,
238 1251 271 1309 et
284 1247 325 1308 ab
341 1263 380 1309 eo
396 1264 509 1308 curam
526 1248 692 1321 recipiens
710 1247 915 1316 animarum,

120 1344 389 1408 teneaturvobis
418 1345 459 1406 de
479 1344 725 1421 temporalibus,
748 1345 812 1420 ipsi
838 1358 917 1404 uero

120 1444 277 1520 episcopo
305 1444 347 1504 de
376 1442 607 1519 spiritualibus
626 1445 659 1504 et
674 1441 918 1519 episcopalibus

119 1638 290 1699 hominum
306 1639 405 1700 liceat
420 1639 507 1700 banc
525 1639 682 1716 pagiuam
699 1639 821 1699 nostras
837 1653 918 1697 con-

121 1736 282 1798 cessionis
297 1736 490 1811 infringere,
510 1738 561 1797 vel
588 1737 618 1796 ei
636 1753 719 1796 arrsu
739 1735 917 1796 temerario

121 1835 299 1896 contraire.
319 1835 352 1894 Si
368 1834 442 1910 quis
454 1837 563 1894 autom
577 1833 640 1894 boc
654 1835 818 1894 attentare
832 1848 919 1908 qartu-

120 1932 310 2007 sumpserit,
322 1932 584 2006 indignationem
598 1931 832 2007 omnipotentis
845 1928 915 2001 Dei,

121 2031 155 2091 et
169 2029 341 2090 beatorum
355 2029 486 2090 Petriet
499 2030 596 2090 Pauli
608 2029 832 2104 apostolorum
846 2031 917 2105 ejus

121 2143 158 2188 sa
170 2129 535 2190 noveritineursurum.
552 2130 672 2188 batum
694 2127 862 2197 Laterani,
874 2127 918 2187 IV

121 2223 282 2287 kalendas
306 2226 418 2304 junii,
444 2225 657 2302 pontificatus
691 2224 797 2286 nostri
829 2239 917 2286 anno

121 2322 247 2400 quint0.

436 2566 600 2652 000011

208 2719 261 2778 Ad
274 2719 466 2779 Heortenm
483 2719 644 2779 eootttcm
660 2719 824 2779 Ascartae.

413 2850 448 2907 29
461 2850 529 2907 maii
545 2850 624 2907 tant.

196 2974 374 3040 [lleinemanm
388 2973 473 3026 Codex
485 2975 649 3035 Anhaltinus,
660 2989 687 3039 p.
699 2974 740 3034 dl,
751 2989 776 3028 n.
791 2973 843 3039 tn]

119 3092 246 3152 ilenrico
260 3093 356 3150 comiti
372 3092 498 3149 Assaria
513 3092 682 3166 compositio
695 3091 769 3148 inter
783 3091 876 3163 ipsum
889 3096 917 3146 et

214 3178 347 3238 abbatem
362 3181 386 3238 N
390 3179 610 3254 lenburgensem
622 3179 816 3236 confirmatur.

158 3309 327 3371 Honorius
343 3308 530 3386 episcopua,
548 3310 623 3378 etc,
642 3304 762 3365 dilecto
777 3303 845 3362 lilio
861 3317 917 3361 no-

117 3406 179 3471 bili
201 3408 273 3468 viro
290 3406 445 3475 Henrico,
463 3404 575 3465 comiti
591 3400 749 3471 Ascariae,
774 3397 914 3457 salntem

119 3507 152 3568 et
167 3504 382 3582 apostolicam
398 3500 673 3565 benedictionem.

159 3605 216 3673 Ea,
230 3617 302 3678 quaa
317 3614 375 3675 pro
390 3597 477 3656 bono
492 3595 582 3670 pacis
598 3588 734 3667 provide
748 3587 911 3648 ordinan-

55 3755 58 3760 ,
114 3698 182 3770 tur,
210 3698 383 3772 scripturae
406 3692 500 3752 decet
522 3687 722 3750 authenticae
745 3702 915 3748 commen-

117 3796 202 3866 dari,
220 3809 261 3854 ne
276 3806 336 3869 per
356 3788 533 3851 oblivionis
547 3785 791 3846 incommodum
807 3785 841 3844 in
856 3800 914 3846 re·

116 3893 235 3955 cidivae
263 3886 455 3968 quaestionis
484 3881 676 3958 scrupulum
706 3882 912 3944 relabantur.

118 3994 206 4053 Sana
217 3993 317 4067 quum
330 3985 469 4046 dilectus
484 3981 574 4040 illius
590 3979 781 4056 liudegerus
798 3997 916 4041 mona-

117 4089 199 4151 cbus
217 4088 249 4148 et
269 4079 465 4163 procurator
480 4077 615 4138 Gernoti
632 4077 760 4153 abbatis
784 4078 817 4138 et
834 4093 915 4139 con·

116 4186 235 4250 ventus
254 4176 447 4242 monasterli
463 4174 739 4249 Nieubnrgensls,
755 4177 869 4237 contra
881 4177 913 4237 te

117 4286 153 4345 in
197 4282 311 4343 nostra
351 4273 530 4352 praesentia
575 4258 785 4343 constitutus,
809 4273 913 4333 multa

115 4385 183 4445 tam
204 4393 305 4455 snper
326 4372 560 4436 exoculatione
581 4372 613 4431 et
633 4370 841 4432 mutilatione
859 4369 914 4430 ab·

114 4478 201 4542 batis
216 4473 366 4553 ejusdem
388 4483 488 4545 quam
508 4483 609 4544 super
630 4468 771 4530 diversis
791 4483 913 4543 grava-

114 4574 259 4639 minibus
280 4573 313 4632 et
333 4567 487 4645 injuriis,
508 4581 582 4642 quae
610 4566 785 4626 occasione
810 4565 914 4626 adto-

115 4663 909 4739 catiaedicabarisaorummonastarioirrogasse,

114 4782 301 4852 proponere
314 4763 510 4851 curavisset,
524 4778 583 4823 nos
599 4762 648 4823 eis
664 4761 843 4837 diligenter
856 4777 913 4820 au·

115 4869 205 4938 ditis,
222 4865 263 4926 ad
278 4860 490 4924 concordiam
507 4861 639 4921 intarta
657 4876 697 4921 aa
712 4859 864 4921 abbatem
881 4860 913 4920 et

73 4950 78 4956 ¹
116 4964 314 5030 conventum
352 4958 527 5036 praedictos
562 4957 824 5029 reformandam,
853 4973 913 5017 cu-

116 5063 229 5128 rantes
245 5059 456 5133 interponere
479 5057 590 5132 partes
605 5057 749 5123 nostras,
764 5056 805 5116 de
827 5071 911 5116 con-

116 5177 216 5227 sensu
244 5157 301 5218 tuo
331 5156 363 5216 et
395 5153 621 5230 procuratoris
655 5154 824 5230 ejusdam,
856 5153 912 5231 qui

116 5255 308 5324 mandatnm
323 5253 391 5312 tam
413 5251 453 5311 ad
473 5252 736 5328 componendum
756 5250 912 5328 quemad

101 5352 281 5434 'agendum
303 5349 456 5420 babebat,
484 5349 531 5410 sic
549 5350 704 5410 duximus
728 5348 911 5426 providen-

118 5456 206 5521 dum,
224 5449 259 5509 ut
273 5448 429 5509 videlicet
451 5448 588 5522 triginta
612 5450 739 5509 tantum
755 5448 913 5508 marcha-

119 5545 913 5622 tumredditusannuatimpercipiendusincerto

120 5642 253 5717 muel
265 5643 425 5715 locis,libi
440 5644 549 5706 attuis
560 5643 749 5706 haeredibus
759 5659 820 5722 per
831 5659 913 5720 prae·

735 305 912 368 HONORII
932 305 979 367 111
1001 305 1148 367 OPERA.

1708 306 1766 368 824
1783 352 1785 354 ,

972 464 1096 527 dictum
1123 462 1275 527 abbatem
1296 465 1585 543 Nieubnrgensem
1611 465 1648 527 in
1671 464 1766 529 bonis

971 564 1166 625 monasterii
1178 565 1353 626 memorati
1371 565 1552 626 advocatiae
1568 565 1705 626 nomine
1720 581 1767 626 as·

972 662 1123 736 signetur
1133 662 1190 732 ita,
1208 662 1294 738 quod
1310 663 1345 723 tu
1361 663 1414 723 vel
1428 663 1477 724 tui
1493 662 1645 723 haeredes
1660 677 1722 723 nec
1733 663 1767 722 in

970 760 1175 821 monasterio
1190 760 1261 836 ipso
1276 776 1339 820 nec
1359 760 1393 820 in
1411 760 1614 832 hominibus,
1625 761 1681 820 vel
1692 760 1766 822 aliis

969 857 1071 919 rebus
1084 873 1144 918 seu
1155 858 1287 934 juribus
1300 857 1448 934 ejusdem
1460 857 1768 925 monasteriimcca·

972 955 1066 1016 sione
1089 955 1282 1027 advocatiae,
1306 954 1433 1031 aliquid
1456 954 1599 1016 ulterius
1627 955 1765 1029 exigetis

971 1052 1765 1130 valracipietisquoquomod0,necvosaliquibus

973 1151 1166 1212 monasterii
1182 1151 1323 1226 negotiis
1339 1150 1580 1221 immiscebitis,
1594 1150 1662 1211 nisi
1674 1166 1694 1210 a
1704 1167 1767 1212 mo·

973 1248 1119 1309 uastario
1133 1248 1297 1325 requisiti.
1312 1248 1475 1325 Requisili
1489 1263 1568 1308 vero
1579 1247 1692 1324 ipsum
1705 1264 1767 1309 mo

973 1346 1154 1407 naslerium
1178 1346 1355 1407 defendere
1379 1345 1573 1412 teneamini,
1602 1346 1660 1416 ita,
1684 1346 1767 1422 qnod

972 1443 1198 1505 defensionem
1211 1443 1401 1520 anusmodi
1414 1459 1479 1503 uon
1490 1442 1692 1514 extendetis,
1707 1444 1767 1504 nisi

973 1543 1134 1618 quatenus
1163 1542 1270 1617 ipsum
1298 1541 1537 1602 monasterium
1559 1540 1627 1600 sibi
1650 1541 1767 1605 viderit

973 1640 1140 1716 expedire.
1167 1641 1257 1712 tbuod
1274 1640 1302 1698 si
1318 1638 1403 1701 loric
1418 1643 1534 1700 contra
1551 1638 1726 1712 veneritis,
1737 1640 1765 1700 at

974 1738 1129 1814 praedicto
1144 1738 1326 1799 advocatiae
1343 1739 1475 1799 nomine
1489 1739 1521 1798 et
1537 1736 1680 1812 praelato
1694 1736 1766 1796 rad-

973 1836 1040 1897 ditu
1062 1835 1135 1895 sitis
1151 1835 1223 1911 ipso
1234 1838 1311 1912 jure
1326 1834 1457 1911 privati.
1476 1833 1523 1894 nd
1541 1833 1591 1894 rei
1606 1849 1688 1910 ergo
1700 1850 1765 1894 ma-

972 1935 1112 1994 moriam
1127 1934 1160 1994 ct
1175 1933 1366 2009 perpetuam
1391 1931 1579 1992 firmitatem
1604 1932 1765 2008 provisio-

972 2048 1115 2093 nemseu
1128 2031 1400 2108 compositionem
1412 2030 1724 2107 hujusmodi,quam
1733 2032 1763 2090 tn

971 2130 1004 2191 et
1017 2130 1212 2206 procurator
1227 2129 1405 2205 praedictus
1417 2129 1450 2188 in
1464 2127 1644 2205 praesentia
1656 2130 1762 2188 nostra

972 2229 1088 2304 sponte
1112 2243 1151 2288 aa
1176 2228 1385 2288 eotrcorditer
1406 2225 1593 2302 recepistis,
1611 2227 1763 2303 praesenti

971 2325 1102 2402 paginae
1125 2324 1282 2385 annotari
1302 2323 1440 2385 secianus
1465 2326 1498 2384 et
1517 2322 1620 2384 bullae
1645 2326 1762 2384 nostra

972 2423 1154 2484 munimine
1169 2422 1332 2483 roborari.
1349 2422 1442 2482 Nulli
1458 2418 1550 2498 ergo,
1568 2423 1632 2483 etc.
1650 2423 1762 2482 Datum

972 2520 1145 2589 Laterani,
1168 2523 1211 2582 IV
1236 2519 1397 2581 kalendas
1419 2519 1527 2596 junii,
1556 2519 1762 2596 pontificatus

972 2619 1076 2681 nostri
1089 2634 1177 2680 anno
1192 2617 1319 2696 quinto,

1277 2816 1464 2903 000οΠΙ

1082 2961 1134 3021 Aa
1147 2961 1429 3035 Moqotooeoaem
1442 2961 1662 3034 episcopum..

1262 3081 1296 3137 29
1310 3080 1379 3137 maii
1393 3081 1473 3138 lati.

1011 3199 1127 3262 [Regest.‚
1139 3197 1184 3246 lib.
1195 3197 1226 3253 V,
1243 3197 1319 3260 epist.
1330 3197 1384 3246 360.
1394 3197 1452 3246 blss.
1465 3197 1501 3247 La
1511 3197 1589 3246 Porta
1599 3197 1635 3246 du
1649 3198 1729 3248 Tbcil.

983 3279 1057 3326 Mem.
1070 3278 1100 3326 de
1110 3277 1135 3325 la
1147 3275 1242 3326 Sociale
1253 3276 1370 3326 Arcbeol.
1383 3275 1415 3326 de
1423 3276 1593 3341 blontpellier,
1603 3278 1637 3334 V,
1648 3292 1675 3342 p.
1688 3278 1757 3338 552]-

971 3392 1105 3465 lndnlget
1115 3392 1141 3448 ei
1156 3399 1186 3448 ut
1206 3406 1262 3448 non
1277 3392 1455 3450 obstantibus
1468 3391 1579 3450 frivolis
1592 3394 1709 3466 capituli
1723 3393 1763 3451 sni

1005 3478 1221 3550 objectionibus,
1235 3482 1366 3552 personis
1377 3497 1448 3554 quas
1457 3483 1518 3555 ipse
1525 3481 1699 3554 judicaverit
1711 3483 1764 3539 ido

1005 3569 1083 3636 neis,
1109 3567 1372 3628 archidiaconatum
1400 3579 1428 3628 et
1450 3571 1612 3629 sacristiam
1637 3572 1762 3630 moleste

1004 3672 1064 3713 snae
1079 3658 1168 3730 possit
1181 3658 1341 3731 providere.

1009 3785 1369 3862 Honoriusepiscopus,
1382 3802 1681 3850 servusservorum
1694 3787 1760 3859 Dei,

968 3882 1153 3945 venerabili
1170 3882 1266 3944 fratri
1282 3884 1514 3960 Magalonensi
1528 3886 1698 3964 episcopo,
1712 3901 1764 3947 sa·

969 3977 1070 4041 lutam
1086 3982 1118 4041 et
1133 3981 1348 4056 apostolicam
1364 3980 1641 4045 benedictionem.

1008 4078 1139 4138 Nostra
1153 4079 1389 4140 sollicitudinis
1401 4080 1451 4142 est
1463 4080 1684 4142 eeclesiarum
1700 4096 1763 4158 pre

968 4175 1081 4236 videre
1106 4176 1221 4252 quieti,
1239 4175 1439 4252 amputando
1460 4178 1496 4238 in
1515 4177 1565 4239 eis
1588 4180 1764 4240 materiam

965 4274 1163 4350 jurgiorum.
1188 4274 1271 4344 Quia
1294 4274 1406 4350 igitur,
1429 4292 1529 4352 quum
1552 4277 1762 4338 archidiaco-

967 4375 1080 4432 natum
1107 4388 1146 4431 ac
1168 4372 1357 4433 sacristiam
1380 4373 1531 4433 ecclesiae
1556 4375 1625 4434 tuae
1645 4389 1763 4436 vacare

968 4469 1140 4543 contingit,
1157 4468 1208 4530 illi
1223 4485 1363 4545 quorum
1379 4485 1554 4531 assensum
1567 4472 1696 4533 teneris
1711 4488 1767 4533 ra·

968 4566 1100 4641 quirere
1119 4566 1153 4625 in
1168 4566 1294 4626 eisdem
1317 4567 1534 4643 dignitatibus
1553 4569 1762 4630 conserendis

968 4663 1132 4722 interdum
1153 4663 1395 4724 ordinationem
1413 4665 1518 4741 ipsius
1534 4665 1689 4728 ecclesias
1703 4667 1764 4727 im·

967 4760 1080 4838 pedire
1109 4761 1270 4832 nituntur,
1297 4763 1494 4838 personisa
1523 4764 1556 4825 te
1583 4765 1762 4825 nominatis

967 4875 1033 4919 non
1048 4861 1251 4935 opponentes
1267 4859 1392 4935 aliquid
1408 4859 1611 4921 rationabile
1629 4877 1690 4923 seu
1710 4877 1764 4923 ca-

967 4957 1123 5016 nonicum
1138 4959 1171 5017 et
1190 4955 1413 5032 probationes.
1435 4958 1504 5019 Nos
1519 4957 1674 5020 volentes
1695 4976 1764 5020 ma·

968 5054 1048 5114 litiae
1058 5053 1245 5131 lmJusmodi
1257 5053 1405 5127 obviare,
1417 5054 1459 5116 ad
1472 5057 1648 5132 exemplar
1659 5057 1763 5118 felicis

967 5151 1136 5212 memoriae
1167 5151 1337 5214 Caelestini
1368 5168 1480 5230 papa,
1506 5155 1762 5229 predecessoris

968 5250 1084 5320 nostri,
1110 5250 1307 5311 auctoritate
1328 5250 1388 5311 tibi
1409 5251 1631 5326 praesentium
1652 5253 1767 5313 indul·

968 5363 1093 5423 gemus,
1116 5347 1161 5418 ut,
1183 5348 1211 5407 si
1232 5346 1282 5407 illi
1298 5364 1438 5424 quorum
1452 5363 1628 5409 assensum
1645 5352 1763 5427 requi-

967 5461 1042 5506 rere
1057 5445 1091 5504 in
1108 5444 1342 5521 praedictarum
1362 5445 1560 5522 dignitatum
1584 5447 1763 5509 collatione

967 5543 1103 5613 teneris,
1120 5558 1280 5617 personas
1293 5559 1376 5619 quas
1393 5543 1443 5604 eis
1460 5543 1692 5606 nominaveris
1707 5562 1761 5606 re-

968 5641 1168 5713 cusaverint,
1182 5641 1247 5701 nisi
1260 5640 1385 5718 aliquid
1402 5641 1605 5707 rationabile
1614 5642 1649 5705 et
1662 5659 1762 5706 cano-
