3774 6186
114 382 176 444 757
741 376 975 439 beteroth.
992 377 1073 439 hle.
1096 376 1136 439 V·
1699 377 1761 443 758

115 540 257 618 paterna
281 536 486 614 benignitate
502 536 642 610 moneri,
659 538 695 599 ut
715 551 911 614 apersecu-
966 535 1187 601 commonitus
1204 537 1339 601 omnino
1351 537 1471 617 cesset,
1486 540 1521 604 et
1532 552 1611 605 suos
1624 554 1760 605 cessare

116 636 425 701 tionevenerabilis
439 634 553 697 fratris
568 636 712 697 nostri...
726 637 910 712 lingonen.
966 634 1078 709 iaciat,
1096 635 1138 699 ab
1159 635 1371 699 infestatione
1394 638 1525 716 praefati
1551 640 1699 719 episcopi
1726 641 1760 703 et

116 734 265 813 episcopi
277 734 395 797 saltem
407 750 467 811 pro
480 750 542 795 sua
555 733 664 795 salute
678 733 863 807 desisteret,
880 736 913 796 et
967 733 1118 796 ecclesiae
1125 735 1370 811 Lingonen.,ac
1381 737 1454 798 sine
1464 736 1554 799 omni
1564 738 1760 817 exceptione

116 833 150 893 ei
168 830 313 893 debitam
328 830 532 903 fidelitatem,
553 830 787 903 obedientiam,
805 829 839 893 et
853 846 911 892 re·
967 832 1078 893 omnia
1097 848 1137 895 ea
1156 832 1310 910 episcopo
1329 833 1487 910 predicto
1502 835 1669 909 exhibeat,
1685 852 1759 915 quae

116 929 301 991 verentiam
319 928 503 1001 exhiberet,
530 944 594 1005 quo
612 929 734 1006 spretis
755 928 913 990 monitio·
966 929 1168 992 thesaurarii
1181 930 1408 1006 lingonenses
1422 933 1605 1009 Lingonen.
1617 949 1761 996 consue-

116 1027 216 1089 nibus
242 1025 365 1087 nostris
388 1026 423 1086 in
444 1042 514 1087 suae
535 1026 764 1103 perversitatis
788 1026 912 1088 duritia
966 1027 1086 1089 verunt
1109 1027 1273 1105 episcopis
1295 1027 1470 1102 exhibere,
1498 1030 1591 1092 salvo
1617 1031 1680 1093 sibi
1700 1045 1760 1109 per

116 1124 327 1202 persistente,
347 1123 479 1185 demum
494 1123 691 1186 auctoritate
709 1126 825 1186 nostra
843 1125 912 1186 lata
967 1125 1079 1189 omnia
1096 1128 1174 1205 jure
1188 1141 1260 1194 suo,
1279 1125 1309 1186 si
1325 1125 1486 1188 adversus
1505 1128 1657 1189 eumdem
1668 1129 1761 1205 epis-

116 1221 182 1283 iuit
195 1220 549 1285 excommunicationis
570 1222 734 1283 sententia
757 1222 791 1282 in
814 1237 912 1282 eum·
967 1239 1086 1302 copum
1100 1222 1200 1285 habet
1213 1223 1361 1299 aliquam
1379 1223 1606 1302 quaestionem.
1623 1225 1715 1297 Quod
1730 1225 1760 1286 si

117 1318 204 1390 dem,
217 1335 317 1396 quam
328 1333 390 1380 nos
403 1319 600 1381 auctoritate
614 1319 804 1396 Apostolica
818 1318 914 1381 robo-
967 1320 1147 1399 persistens
1166 1321 1201 1382 in
1218 1322 1376 1383 consueta
1391 1321 1514 1383 duritia
1533 1339 1605 1400 quae
1614 1323 1758 1407 praemi·
1817 1343 1824 1353 ·

117 1416 277 1488 ravimus,
289 1417 322 1477 et
331 1415 561 1478 mandavimus
573 1415 736 1492 publicari
749 1417 911 1478 solemni·
967 1419 1071 1479 simus
1092 1434 1158 1479 non
1182 1417 1332 1480 effecerit
1349 1418 1437 1480 inira
1460 1419 1637 1481 terminum
1658 1436 1759 1496 supra

117 1514 180 1586 ter,
195 1529 235 1575 ac
252 1527 356 1590 usque
377 1513 418 1574 ad
440 1513 701 1575 satisfactionem
714 1514 912 1590 condignam
967 1516 1141 1592 scriptum,
1161 1530 1221 1577 vos
1244 1531 1287 1577 ex
1313 1519 1394 1577 tunc
1417 1517 1525 1593 ipsum
1548 1517 1760 1579 thesauraria

117 1611 358 1672 inviolabiliter
369 1611 553 1683 observari,
569 1612 766 1674 mandantes
788 1612 914 1674 nihilo·
967 1613 1152 1688 Lingonen.
1169 1612 1332 1687 ecclesiae,
1344 1629 1384 1675 ac
1396 1614 1548 1675 omnibus
1561 1614 1637 1676 aliis
1652 1614 1761 1676 eccle-

117 1710 240 1780 minus,
251 1709 287 1770 ut
300 1709 333 1769 in
348 1711 421 1786 eJus
436 1709 625 1786 complices,
638 1711 671 1771 et
684 1707 831 1772 fautores
845 1711 912 1772 nisi
968 1710 1115 1773 siasticis
1138 1710 1308 1773 beneflciis
1335 1727 1407 1787 quae
1433 1710 1533 1774 habet
1552 1712 1587 1772 in
1612 1712 1757 1785 civitate,

117 1806 309 1869 commoniti
328 1805 370 1867 ab
393 1809 465 1884 eius
485 1808 620 1884 sequela
642 1807 842 1871 desisterent
865 1809 914 1869 si·
966 1808 1019 1870 vel
1028 1808 1161 1870 dioecesi
1172 1808 1368 1885 lingonen„
1383 1806 1513 1870 sublato
1523 1808 1758 1887 appellationis

116 1903 207 1965 milis
230 1904 394 1966 sententia
417 1904 632 1982 proterretur.
663 1907 778 1982 Nuper
801 1907 912 1969 autem
968 1906 1214 1983 impedimento,
1230 1905 1379 1982 privetis,
1399 1905 1514 1967 dautes
1538 1906 1592 1979 iis,
1611 1907 1652 1968 ad
1677 1922 1759 1984 qnos

116 2001 271 2062 canonici
281 2002 477 2078 Lingonen,
492 2002 606 2079 paucis
617 2003 780 2065 duntaxat
791 2019 914 2081 excep-
967 2005 1094 2082 spectat
1107 2020 1222 2066 eorum
1237 2004 1384 2076 donatio,
1405 2004 1545 2067 liberam
1568 2005 1760 2068 facultatem

116 2099 160 2161 tis
171 2099 228 2177 qui
242 2099 355 2161 iovere
366 2101 474 2178 ipsum
484 2100 731 2164 thesaurarium
746 2103 780 2163 in
794 2102 914 2180 hujus-
967 2118 1008 2163 ea
1017 2102 1168 2179 personis
1182 2101 1312 2163 idoneis
1326 2101 1529 2163 conserendi.
1546 2103 1636 2176 Quod
1648 2102 1679 2165 si
1691 2117 1756 2164 non

115 2196 207 2259 modi
221 2197 350 2259 malitia
364 2214 431 2259 non
447 2197 637 2272 formidant,
653 2215 721 2262 000
737 2200 914 2262 attenden-
967 2216 1092 2268 omnes,
1099 2200 1161 2261 etc.
1173 2199 1291 2262 Datum
1303 2199 1469 2272 Laterani,
1478 2202 1633 2264 ivnonas
1645 2200 1756 2278 april„

116 2296 167 2357 tes
194 2294 281 2371 quod
304 2296 355 2357 eis
378 2296 483 2373 possit
507 2312 551 2358 ex
578 2295 693 2359 favore
721 2298 912 2375 hujusmodi
968 2297 1179 2374 pontificatus
1193 2296 1299 2359 nostri
1314 2312 1403 2359 anno
1418 2299 1544 2376 quinto.

116 2392 264 2464 evenire,
280 2392 377 2454 nobis
390 2394 462 2455 suis
474 2392 595 2457 litteris
610 2394 818 2468 intimarunt,
826 2396 911 2475 quod

118 2505 221 2567 quum
236 2489 392 2567 praeiatus
411 2491 587 2567 episcopus
610 2491 782 2555 humiliter
798 2508 835 2554 se
853 2493 914 2555 ob-
1279 2485 1449 2572 GCGXII

119 2586 236 2650 tulerit
255 2587 298 2648 ad
321 2587 542 2650 exhibendam
563 2589 629 2666 ipsi
652 2589 863 2652 thesaurario
882 2591 912 2652 si

120 2684 222 2746 babet
235 2684 360 2761 aliquid
371 2684 530 2748 adversus
541 2701 616 2747 eum
622 2686 787 2764 justitiam
800 2703 913 2749 coram

120 2783 267 2860 capitulo
287 2782 483 2860 lingonen..
500 2784 533 2845 et
554 2783 618 2860 ipsi
637 2800 734 2862 per...
751 2784 912 2847 decanum

117 2896 216 2942 suum
234 2896 335 2958 super
349 2880 413 2942 boc
429 2881 556 2958 requiri
575 2880 716 2944 iecerint
732 2882 912 2944 thesaura-

993 2630 1046 2689 Ad
1064 2626 1224 2719 abbatem·
1243 2626 1278 2689 et
1297 2626 1504 2688 conventu-m
1526 2628 1733 2689 0100011010·

1098 2727 1133 2786 S.
1156 2726 1282 2786 Martae
1303 2727 1340 2786 in
1359 2726 1620 2802 Wodcgosinga.

1249 2847 1267 2905 1
1281 2846 1380 2920 aprilis
1397 2847 1476 2905 1111.

118 2978 207 3041 rium
230 2978 460 3050 memoratum,
483 2979 555 3055 ipse
581 2978 615 3039 id
638 2978 749 3041 iacere
777 2980 913 3042 0010100
1076 2959 1520 3026 [1111111111111111111111111111»
1535 2977 1562 3012 ¹¹¹
1577 2962 1643 3029 166·]

115 3091 277 3138 recusans
291 3076 324 3137 et
336 3092 396 3153 per
409 3091 456 3147 se,
474 3091 513 3136 ac
528 3092 588 3152 per
600 3077 868 3153 consanguinem
880 3079 914 3139 et
967 3068 1039 3128 litud
1053 3069 1258 3127 monasterium
1273 3066 1326 3127 sub
1344 3069 1421 3127 beati
1437 3071 1512 3128 Petri
1527 3078 1556 3129 et
1574 3085 1627 3129 sua
1646 3078 1758 3145 protec-

116 3173 202 3235 alios
217 3172 396 3249 complices
408 3189 487 3234 suos
496 3173 662 3235 insidians
676 3175 740 3251 ipsi
755 3174 912 3252 episcopo
1253 3157 1331 3214 110111
1349 3156 1478 3230 Β1181111111·

116 3272 150 3333 01
168 3270 316 3348 praetatis
335 3271 517 3342 canonicis,
538 3286 579 3333 ac
597 3272 699 3334 etiam
719 3272 863 3345 clericis,
880 3274 913 3336 et
1006 3265 1174 3328 Honorius
1182 3265 1368 3343 episcopus,
1381 3281 1497 3329 servus
1509 3281 1680 3329 servorum
1687 3268 1758 3340 bei,

116 3368 306 3429 hominibus
328 3369 530 3440 eorumdem,
557 3384 619 3430 nec
636 3385 695 3432 eos
714 3385 913 3433 assecurare
967 3364 1098 3427 dilectis
1111 3363 1190 3426 tiliis
1201 3362 1313 3425 abbati
1327 3365 1361 3425 et
1370 3365 1548 3426 conventui
1566 3364 1761 3427 monasterii

115 3465 232 3528 volens
246 3466 417 3528 humiliter
431 3466 610 3544 requisitus
630 3482 735 3544 usque
756 3468 840 3530 adeo
855 3484 914 3531 ar·
968 3463 1098 3525 Sanctae
1112 3462 1230 3523 Mariae
1248 3462 1283 3522 in
1298 3461 1556 3540 Wadegozinga,
1573 3462 1713 3526 salutern
1728 3464 1762 3525 et

116 3565 220 3627 mavit
235 3578 329 3625 suam
353 3564 515 3626 malitiam
536 3566 653 3627 contra
674 3581 744 3639 eos,
760 3566 848 3644 quod
867 3568 914 3630 ti-
967 3559 1183 3638 apostolicam
1196 3558 1472 3622 benedictionem.
1518 3558 1522 3565 '

117 3664 208 3725 ment
220 3663 320 3725 etiam
333 3663 367 3723 in
383 3662 454 3740 ipsa
470 3663 611 3725 ecclesia
623 3665 834 3726 commorari.
850 3666 913 3737 Qui
1008 3657 1228 3720 sacrosancta
1244 3660 1394 3719 Romana
1414 3657 1564 3720 Ecclesia
1579 3659 1714 3724 devotos
1728 3659 1761 3722 et

117 3763 231 3833 etiam,
245 3760 370 3838 rejecto
384 3760 471 3822 sicut
486 3760 804 3837 accepimushabitu
818 3761 914 3824 cleri·
967 3755 1110 3816 humiles
1140 3755 1227 3816 filios
1252 3770 1296 3816 ex
1322 3755 1465 3817 assuetae
1491 3756 1624 3833 pietatis
1650 3756 1761 3819 0111010

118 3859 195 3928 cali,
211 3858 413 3921 deformatus
431 3858 468 3918 in
490 3857 610 3920 laicum
633 3860 667 3919 et
690 3857 796 3920 iactus
815 3860 912 3936 quasi
967 3852 1165 3932 propensius
1180 3852 1319 3928 diligere
1334 3855 1522 3925 consuevit,
1537 3855 1570 3918 et
1585 3870 1626 3917 ne
1638 3870 1762 3932 pravo-

117 3957 270 4035 pubiicus
285 3956 446 4034 spoliator
464 3955 591 4018 fructus
610 3955 912 4019 ecclesiasticorum
967 3966 1041 4013 rum
1053 3950 1224 4011 bominum
1237 3950 1401 4012 molestiis
1416 3951 1595 4027 agitentur,
1613 3968 1669 4014 eos
1685 3953 1762 4013 tan-

117 4054 367 4123 beneiiciorum,
383 4070 457 4131 quae
476 4052 612 4125 obtinet,
625 4054 782 4130 expendit
798 4055 833 4115 in
852 4055 914 4118 ba·
967 4065 1066 4127 quam
1081 4048 1136 4125 pia
1147 4048 1254 4110 mater
1269 4063 1338 4109 suae
1353 4048 1569 4125 protectionis
1579 4050 1762 4113 munimine

117 4153 276 4225 listarioS,
292 4154 326 4214 et
336 4151 497 4223 arcarios,
511 4167 570 4227 per
583 4167 665 4228 quos
675 4151 813 4214 infestat
827 4154 913 4230 epis·
967 4145 1154 4208 1011101616·
1187 4147 1388 4223 Eapropter,
1418 4146 1530 4209 dilecti
1559 4148 1595 4208 111
1621 4147 1761 4209 1101111110

117 4267 236 4329 copum
257 4251 291 4312 et
309 4250 483 4312 ecclesiam
505 4249 690 4325 lingonen.
713 4249 755 4313 de
774 4252 912 4314 servitio
968 4244 1040 4317 dlii,
1055 4244 1285 4322 vestrisjustis
1300 4243 1579 4329 postulationibus
1592 4245 1758 4315 inclinati,

117 4348 306 4411 exhibendo
321 4347 483 4420 ecclesiis,
499 4362 520 4408 a
535 4346 654 4424 quihus
676 4347 749 4424 ipsa
770 4349 913 4426 percipit
966 4358 1127 4421 personas
1154 4343 1283 4404 vestras
1306 4344 1340 4404 et
1364 4342 1473 4405 locum
1500 4343 1621 4422 inquo
1645 4343 1759 4405 divino

116 4445 279 4509 beneficia
298 4445 384 4522 apud
405 4460 480 4505 eum
492 4447 564 4521 jam
583 4444 711 4517 ultima,
730 4445 797 4507 imo
819 4446 912 4509 nulla
966 4440 1046 4503 estis
1060 4440 1220 4517 obsequio
1233 4440 1424 4518 mancipati,
1442 4440 1681 4502 cumomnibus
1695 4441 1760 4503 bo·

117 4539 911 4622 0001100100011010000011000.[1001101101]οω
966 4539 1030 4611 nis,
1061 4555 1135 4618 quae
1164 4540 1200 4600 in
1232 4540 1487 4616 praesentiarum
1518 4541 1763 4603 rationabiliter

118 4658 185 4704 000
193 4640 332 4711 0100011,
341 4640 397 4700 0011
416 4639 527 4716 puniri
542 4641 615 4716 ejus
628 4641 831 4717 perversitas
845 4658 913 4704 me-
966 4636 1141 4714 possidetis
1156 4636 1258 4698 autin
1274 4635 1421 4700 futurum
1435 4639 1612 4714 praestante
1620 4639 1761 4700 bomino

117 4741 242 4808 reatur,
255 4753 329 4799 cum
339 4739 432 4799 tanta
442 4737 486 4798 sit
495 4740 568 4814 ejus
578 4737 812 4801 obstinationis
823 4739 912 4802 duri·
965 4734 1117 4811 poteritis
1136 4734 1237 4811 justis
1270 4733 1377 4795 modis
1400 4735 1552 4812 adipisci,
1585 4734 1645 4795 sub
1672 4735 1761 4797 beati

116 4838 174 4909 tia,
183 4838 219 4897 nt
226 4835 258 4896 ei
265 4835 370 4912 possit
380 4835 497 4895 merito
510 4834 662 4912 adaptari
673 4836 759 4914 quod
772 4836 908 4912 legitur:
965 4833 1055 4895 Petri
1072 4833 1105 4894 et
1115 4834 1227 4893 nostra
1239 4832 1443 4909 protectione
1456 4832 1665 4910 suscipimus.
1677 4836 1761 4911 Spe-

117 4935 146 4995 si
168 4932 381 4995 contunderis
400 4931 537 4995 stultum
559 4933 654 5009 quasi
680 4934 838 5011 typsanas
860 4933 912 4995 fe-
966 4930 1097 4992 cialiter
1111 4933 1222 4991 autem
1237 4929 1412 4991 ecclesiam
1431 4929 1471 4990 de
1486 4929 1699 5005 Eberswiler,
1719 4933 1760 4995 de

117 5031 384 5107 rientedesuper
394 5030 462 5107 pilo
475 5045 539 5092 non
549 5029 720 5092 auferetur
730 5030 771 5091 ab
780 5046 820 5092 eo
831 5032 912 5094 stol·
964 5027 1117 5089 Altwiler
1143 5044 1218 5089 cum
1244 5028 1285 5088 de
1299 5027 1451 5099 WiviIer,
1474 5028 1515 5089 de
1532 5028 1712 5092 blacheren
1728 5032 1761 5093 et

116 5130 190 5193 titia
201 5129 339 5207 eius2ad
350 5128 909 5191 tollendamtameneidemomnem
964 5124 1357 5202 deWalmanencapellis
1368 5126 1524 5187 etearum
1536 5127 1757 5205 pertinentiis,

115 5230 232 5291 000110
250 5242 310 5288 uos
325 5226 553 5287 murmurandi
576 5227 762 5295 materiam,
783 5227 911 5290 discre-
960 5226 1016 5301 jus
1045 5222 1239 5301 patronatus
1261 5222 1412 5285 ecclesiae
1431 5224 1471 5284 de
1495 5225 1638 5285 Eswiler
1655 5227 1689 5286 et
1702 5241 1761 5286 ca-

114 5326 199 5389 tioni
214 5326 334 5386 vestrae
346 5339 406 5399 per
419 5323 609 5400 Apostolica
625 5325 749 5401 scripta
771 5326 911 5387 manda·
964 5321 1085 5398 pellam
1100 5321 1141 5383 de
1155 5323 1278 5391 Bisten,
1290 5337 1351 5382 nec
1366 5337 1432 5383 non
1447 5322 1514 5382 alia
1530 5321 1617 5383 bona
1632 5323 1756 5396 vestra,

114 5440 201 5493 mus,
227 5424 400 5499 quatenus,
426 5422 543 5483 tencre
574 5422 788 5499 praesentium
812 5423 909 5499 plene
964 5420 1049 5482 sicut
1068 5435 1109 5480 ea
1127 5420 1238 5481 omnia
1249 5420 1339 5496 juste
1357 5435 1396 5480 ac
1416 5419 1555 5496 pacifice
1570 5420 1758 5496 possidetis,

114 5522 179 5583 sibi
195 5519 357 5596 exposito,
374 5518 552 5593 diligenter
565 5520 728 5581 moneatis
744 5520 907 5593 eumdem,
962 5517 1057 5579 vobis
1073 5520 1105 5579 et
1117 5533 1177 5594 per
1187 5532 1245 5578 vos
1261 5517 1463 5579 monasterio
1478 5519 1590 5579 vestro
1605 5520 1758 5580 auctori-

112 5622 148 5682 et
160 5617 193 5679 ei
211 5616 408 5678 auctoritate
422 5618 536 5679 nostra
557 5616 696 5679 tirmiter
712 5617 907 5695 injungatis,
964 5616 1031 5678 tate
1050 5615 1240 5692 Apostolica
1258 5615 1494 5677 confirmamus
1527 5616 1559 5678 et
1584 5617 1759 5692 praesentis

112 5719 152 5781 ut
169 5714 259 5778 inira
282 5729 440 5787 mensem,
460 5714 633 5793 postquam
653 5714 755 5779 suerit
774 5731 796 5779 a
815 5716 909 5780 vobis
962 5713 1078 5792 scripti
1099 5713 1286 5791 patrocinio
1304 5712 1559 5776 communimus.
1580 5714 1674 5777 Nulli
1686 5730 1762 5779 001-
