3774 6186
42 321 87 380 57
676 320 902 380 EPISTOLAE.
926 321 1004 382 Lib.
1030 323 1085 382 III.
1665 332 1705 390 58

46 482 87 541 et
109 479 376 542 auxitanensem
391 478 591 557 prouincias,
610 494 714 557 usque
735 479 776 541 ad
796 495 854 541 sa-

47 575 282 639 tisfactionem
297 576 507 655 condignam,
524 577 610 639 sicut
621 578 852 639 excommuni-

47 677 161 746 catos,
176 674 303 737 arctius
315 675 447 736 evitari.
465 674 557 747 Quod
573 675 602 736 si
617 690 684 736 nou
699 691 852 737 omues...

49 772 143 835 alter
165 773 332 845 restrum,
354 775 417 835 etc.
441 774 559 835 Datum
581 773 753 842 Laterani,
780 774 854 835 VIII

51 868 194 932 kalend.
212 869 409 943 decembris,
421 869 633 947 ponuucatus
646 870 751 932 nostri
766 885 854 932 anuo

49 967 170 1030 tertio.

441 1083 471 1167 L

110 1218 166 1277 Act
187 1215 345 1278 abbatem
373 1217 564 1289 Urslcompi
590 1216 624 1278 el
653 1218 802 1292 oportere

345 1312 387 1372 dc
404 1312 569 1372 cordolio.

317 1431 352 1489 st
367 1430 499 1489 novemb.
518 1432 596 1489 Iste.

84 1539 211 1604 [Regem.
222 1537 266 1589 liu.
277 1537 320 1597 111,
331 1537 406 1602 epist.
421 1536 474 1588 teo.
483 1537 540 1588 lies.
552 1539 588 1589 La
601 1538 674 1589 Porte
683 1537 718 1589 du
729 1538 823 1604 Thell]

101 1638 140 1696 llt
155 1651 216 1695 uon
228 1636 394 1710 permittunt
407 1638 440 1695 u.
456 1636 627 1695 canonicum
642 1651 729 1709 snper
743 1636 807 1711 ejus

295 1723 447 1799 prebenda
464 1725 617 1783 molestari.

90 1833 276 1906 Honorius,
293 1835 369 1906 etc,
385 1833 499 1895 abbati
522 1834 709 1914 Ursicampi
729 1834 855 1895 Cister-

49 1929 142 1993 cien.
155 1930 297 2003 ordinIs,
314 1930 509 1994 Noviomen.
523 1931 687 2006 dioecesIs,
700 1932 733 1994 et
745 1930 854 2008 Ugoni

49 2028 93 2091 de
111 2027 280 2101 cordolio,
298 2029 331 2090 et
350 2028 493 2090 <luidoni
512 2029 553 2091 de
568 2030 737 2092 (liriniaco
753 2045 856 2091 cauo-

52 2125 142 2187 nicis
154 2126 368 2196 Noriomeu„
385 2126 538 2200 salutem,
552 2129 615 2189 etc.

99 2223 301 2286 Constitutus
322 2223 358 2284 in
378 2224 559 2302 praeseutia
579 2224 695 2286 nostra
714 2222 854 2285 dilectus

58 2318 148 2381 iilius
169 2321 358 2398 Raynerius
388 2320 560 2384 Sicliuieu.
588 2321 770 2383 canonicus
794 2335 854 2383 sua

54 2417 151 2479 nobis
169 2416 335 2480 relatione
349 2419 558 2490 monstravit,
575 2421 608 2481 et
622 2418 684 2480 boc
699 2417 786 2479 idem
802 2417 855 2478 di-

53 2517 218 2577 lectorum
241 2514 387 2577 tiliorum
410 2517 464 2577 W.
494 2515 623 2578 abbatis
648 2517 762 2578 Sancti
785 2519 855 2578 Au-

51 2612 152 2685 berti,
162 2629 204 2675 ac
218 2613 454 2690 magistrorum
469 2614 624 2692 Crispini,
636 2629 675 2675 ac
690 2613 854 2675 Simeonis

51 2710 294 2773 canonicorum
316 2712 542 2781 cameracen,
568 2727 651 2789 quos
678 2711 785 2772 eidem
813 2713 852 2773 R.

51 2809 253 2871 executores
274 2808 430 2871 duximus
453 2809 682 2872 concedendos
706 2824 856 2886 praeseu-

52 2908 131 2967 tatae
157 2904 255 2967 nobis
276 2905 395 2969 litterae
417 2906 641 2979 continebant,
671 2906 757 2985 quod
780 2923 854 2967 cum

53 3002 156 3064 iidem
191 3003 405 3078 executores,
434 3005 623 3082 apostolico
652 3019 712 3082 pro
738 3004 853 3066 eodem

53 3103 92 3163 R.
109 3101 247 3177 recepto
263 3101 417 3163 mandato
421 3145 481 3162 .....
496 3102 658 3163 decanum
673 3103 706 3163 et
720 3102 852 3178 capitu-

52 3197 122 3258 lum
138 3196 312 3260 Siclinien.
330 3197 522 3276 diligentius
538 3198 754 3271 monuissent,
765 3199 855 3275 utip-

53 3311 128 3355 sum
143 3293 186 3356 ad
200 3293 421 3374 praebendam,
435 3312 508 3374 quae
524 3295 586 3358 suit
599 3296 738 3372 Rogerii
749 3311 855 3374 quon·

52 3391 130 3453 dam
146 3391 297 3470 ejusdem
306 3392 458 3454 ecclesiae
471 3393 636 3466 canonici,
644 3395 724 3455 tuuc
736 3408 856 3454 vacan-

54 3492 133 3561 tem,
156 3505 178 3551 a
197 3492 294 3566 cujus
309 3488 487 3554 collatione
502 3490 626 3551 dudum
641 3490 868 3568 praepositum·

54 3586 207 3662 eiusdem
222 3602 282 3663 pro
296 3587 411 3649 eodem
431 3591 471 3650 R.
493 3588 691 3650 auctoritate
713 3589 856 3667 Aposto-

55 3683 122 3746 lica
137 3684 305 3746 duxerant
316 3685 593 3762 suspendendum,
610 3685 645 3745 iu
658 3686 854 3748 canonicum

55 3797 156 3844 suum
179 3781 378 3858 reciperent,
405 3784 437 3845 et
465 3783 500 3844 in
526 3781 674 3845 fratrem.
699 3783 855 3861 Alioquin

55 3876 146 3940 inira
165 3879 295 3941 certum
313 3881 456 3956 tempus,
477 3896 593 3941 eorum
614 3897 649 3941 se
664 3880 854 3958 conspectui

55 3977 310 4053 praesentarent,
336 3976 513 4054 allegaturi
537 3993 640 4054 quare
664 3977 855 4039 mandatum

55 4076 210 4134 nostrum
229 4088 297 4135 nou
316 4072 452 4136 deberet
466 4074 550 4147 fleri,
574 4074 627 4138 vel
646 4090 712 4136 uon
732 4074 853 4152 possit;

53 4170 135 4232 dicti
152 4169 360 4240 becennest
379 4172 572 4250 capitulum,
589 4172 667 4234 licet
688 4188 707 4233 a
730 4171 857 4249 pirinei-

54 4269 112 4344 pio
138 4267 352 4330 sedifflciles
373 4269 588 4332 exhibuerint
614 4271 648 4330 in
675 4269 738 4330 hac
761 4271 856 4346 parte

54 4381 116 4443 per
142 4365 331 4428 Iohannem
364 4366 522 4428 clericum
557 4367 708 4429 nuntium
740 4382 854 4427 eorum

55 4463 270 4527 frustratorie
285 4463 632 4542 SedemApostoIIcam
644 4464 854 4542 appellando,

55 4560 267 4638 postmodum
304 4562 416 4625 tamen
450 4562 502 4623 usi
535 4563 678 4624 consilio
711 4561 854 4634 saniori,

55 4674 148 4735 saepe
175 4659 280 4720 iatum
310 4661 362 4732 IL,
392 4661 550 4737 unquam
574 4660 765 4721 obedientes
794 4659 856 4720 filii

55 4758 259 4834 receperunt
283 4757 320 4819 in
345 4758 555 4830 canouIcum,
586 4759 620 4820 et
642 4758 678 4819 in
706 4758 854 4828 tratrem,

54 4853 122 4915 sibi
140 4854 275 4917 stallum
289 4855 325 4916 in
339 4854 443 4917 cboro
462 4857 496 4919 et
516 4855 625 4917 Iocum
648 4856 684 4916 iu
710 4855 856 4932 capitulo

54 4968 134 5013 curn
147 4952 451 5031 plenitudinejuris
463 4953 623 5015 canonice
634 4953 854 5030 assignantes.

55 5047 155 5111 Unde
166 5049 382 5126 praescriptus
395 5052 434 5111 R.
447 5065 466 5110 a
479 5048 575 5111 nobis
590 5049 761 5112 humiliter
774 5065 855 5126 pos-

54 5144 203 5223 tulabat,
225 5146 262 5208 ul
281 5145 367 5225 quod
383 5146 424 5210 de
439 5147 512 5225 ipso
526 5147 724 5211 auctoritate
743 5149 857 5209 nostra

53 5244 249 5307 factumest
261 5247 371 5307 ratum
387 5244 547 5308 habentes
562 5247 594 5308 et
609 5245 751 5318 llrmum,
772 5245 858 5306 sace·

53 5356 171 5405 remus
191 5341 301 5420 ipsum
330 5342 477 5420 ejusdem
505 5342 705 5421 praebendae·
718 5343 858 5421 pacitica

91 5487 137 5563 (a)
152 5491 305 5551 Gulllelmo
319 5491 405 5551 Petri.
435 5491 476 5566 (d)
491 5494 658 5551 bertranno.

91 5565 135 5641 (l)
150 5561 345 5625 ltibiloruiuus
367 5564 396 5623 iu
414 5562 509 5638 gradu
529 5579 582 5622 suo
603 5563 725 5637 perstitit
741 5563 857 5623 Guillel·

910 481 1122 557 possessione
1145 480 1302 557 gaudere.
1330 482 1399 545 Nos
1428 483 1530 561 igitur
1557 487 1704 562 ejusdem

910 580 948 640 R.
979 578 1275 655 supplicationibus
1310 577 1480 652 inclinat,
1511 582 1704 646 dIscretioni

909 677 1030 737 vestrae
1054 691 1114 752 per
1134 677 1323 752 Apostolus
1347 679 1470 756 scripta
1495 681 1703 750 mandamus,

909 774 1071 850 quatenus
1101 773 1261 835 iacientes
1289 776 1397 852 ipsum
1419 777 1587 853 jamdictae
1618 795 1706 855 pree-

908 869 1024 932 bendee
1048 871 1187 948 pacifica
1211 873 1422 949 possessione
1447 875 1605 950 gaudere,
1637 892 1704 938 non

910 968 1107 1044 permiitatis
1122 985 1198 1031 eum
1212 969 1254 1030 ab
1269 970 1382 1048 aliquo
1397 988 1497 1048 super
1511 973 1586 1050 ipsa
1607 973 1705 1034 iude-

909 1065 976 1126 bite
1001 1065 1182 1140 molestari,
1198 1067 1428 1129 molestatores
1448 1071 1520 1145 ejus
1538 1069 1705 1131 indebitos

909 1179 969 1240 per
991 1179 1167 1226 censuram
1186 1166 1461 1237 ecclesiasticam,
1482 1165 1706 1244 appellatione

910 1261 1102 1338 postposita,
1119 1263 1376 1339 compescentes.
1391 1265 1557 1326 Revocato
1576 1264 1611 1325 in
1626 1264 1707 1325 irri-

910 1363 976 1420 tum
1003 1359 1033 1419 si
1061 1358 1140 1437 quid
1166 1361 1282 1422 contra
1314 1360 1438 1422 dictum
1464 1364 1504 1424 R.
1530 1363 1706 1439 postquam

910 1455 998 1516 idem
1020 1457 1085 1517 iter
1104 1457 1247 1533 arripuit
1268 1457 1310 1518 ad
1335 1457 1453 1520 sedem
1481 1458 1707 1536 ApostoIIcam

909 1552 1077 1625 veniendi,
1094 1569 1195 1631 super
1205 1557 1275 1632 jam
1293 1554 1382 1616 dicta
1398 1554 1574 1632 praebeuda
1589 1554 1707 1617 illicite

909 1649 1105 1714 inveneritis
1134 1653 1341 1713 attentatum.
1367 1650 1515 1724 Quodsi
1541 1668 1609 1714 non
1634 1668 1709 1714 om-

910 1763 979 1818 ues,
992 1749 1067 1821 etc,
1082 1748 1146 1810 duo
1157 1751 1314 1821 vestrum,
1329 1749 1521 1811 elebatum
1536 1749 1705 1823 Laterani,

909 1846 1026 1907 octavo
1042 1845 1203 1908 kalendas
1218 1845 1414 1919 decembris,
1433 1862 1521 1909 anno
1537 1847 1646 1910 tertio.

1283 2033 1335 2120 LI

1002 2177 1055 2235 Act
1069 2177 1284 2237 Greldclmum
1298 2177 1410 2247 Petri,
1424 2177 1616 2238 albiensem

1201 2276 1408 2347 episcopum.

1166 2401 1345 2460 tbnovemb.
1365 2403 1444 2461 1218.

963 2527 1100 2592 [bouquet
1111 2529 1170 2580 Iter.
1181 2526 1226 2577 des
1238 2528 1314 2586 illst,
1330 2533 1348 2578 t.
1361 2528 1429 2587 xlx,
1442 2542 1468 2593 p.
1477 2527 1532 2578 ori.
1545 2529 1655 2594 liegest„

1196 2606 1418 2672 mmmm

908 2714 1039 2787 Prrecipit
1057 2713 1192 2787 episcopo
1211 2715 1368 2784 Honorius,
1393 2722 1423 2772 ul
1441 2722 1565 2772 castrum
1590 2715 1708 2800 scuriae,

943 2803 1114 2876 apostolicae
1127 2801 1208 2860 Sedis
1216 2804 1372 2876 proprium,
1386 2802 1460 2876 quod
1472 2805 1533 2877 ipse
1544 2804 1708 2878 episeopus,

944 2892 988 2948 vel
1013 2889 1119 2948 tamilla
1143 2891 1215 2963 ejus,
1238 2890 1391 2949 tradideret
1408 2892 1557 2951 Tolosanis
1577 2893 1709 2950 ecclesiae

944 2978 1171 3048 adversantibus,
1193 2981 1400 3039 restituaturlt.
1417 2980 1444 3038 S.
1459 2981 1565 3055 legato.

948 3108 1114 3169 Honorius
1146 3107 1355 3184 episcopus...
1391 3107 1576 3168 venerabili
1612 3106 1709 3169 tratri

909 3205 1063 3281 episcopo
1076 3203 1225 3265 Albiensi
1239 3202 1301 3283 (a),
1328 3204 1479 3276 salutem,
1501 3206 1563 3266 etc.

950 3297 1710 3376 GraregerImusetindiguum‚quod,cumdu·

909 3394 999 3456 bium
1015 3396 1138 3457 nonsit
1161 3395 1305 3456 castrum
1321 3395 1447 3456 Scuriae
1462 3410 1537 3456 esse
1565 3393 1710 3472 speciale

909 3493 1327 3570 acpropriumApostolicae
1344 3492 1449 3564 Sedis,
1458 3494 1493 3554 tu
1508 3491 1601 3563 illud,
1622 3491 1712 3554 sicut

910 3591 1110 3667 accepimus,
1126 3590 1292 3651 tradidisti
1308 3589 1443 3666 perfidis
1455 3589 1641 3660 Tolosanis,
1652 3589 1707 3651 vel

909 3688 1028 3750 tradia
1045 3691 1101 3749 tua
1117 3687 1244 3749 tamilla
1266 3687 1458 3764 permisisti.
1481 3687 1623 3764 Ideoque
1651 3700 1712 3763 per

910 3787 1098 3862 apostolica
1110 3784 1170 3846 tihi
1186 3786 1309 3862 scripta
1325 3785 1531 3857 mandamus,
1548 3785 1625 3846 etin
1639 3785 1712 3844 rir-

910 3885 978 3945 tuto
1003 3882 1200 3944 obedientiae
1220 3883 1370 3944 districte
1391 3883 1613 3959 praecipimus,
1628 3897 1713 3959 qua-

910 3981 1006 4042 tenus
1026 3982 1171 4042 castrum
1197 3979 1304 4056 ipsum
1326 3979 1503 4040 occasione
1517 3979 1550 4040 et
1564 3994 1711 4039 excusa-

910 4078 1001 4139 tIoue
1016 4076 1233 4148 cessantibus,
1248 4075 1368 4137 dilecto
1384 4076 1453 4138 tilio
1474 4080 1589 4137 nostro
1608 4077 1644 4136 B.
1662 4073 1710 4155 (b)

910 4175 998 4237 tituli
1017 4175 1212 4236 Sanctorum
1229 4173 1393 4236 lobannis
1413 4175 1446 4235 et
1461 4174 1557 4235 Pauli
1569 4172 1710 4250 presby-

911 4275 981 4335 tero
1001 4272 1175 4344 cardinali,
1194 4276 1232 4334 A.
1251 4274 1283 4332 S.
1302 4272 1422 4348 legato,
1439 4272 1574 4333 nomine
1598 4273 1712 4333 nostro

910 4370 1067 4432 restituas
1089 4384 1151 4430 nec
1163 4370 1278 4446 perte,
1295 4368 1351 4430 vel
1372 4383 1432 4445 per
1445 4370 1533 4440 tuos,
1552 4366 1713 4445 impedire
1758 4365 1761 4369 ’

911 4482 1105 4544 praesumas,
1122 4467 1299 4544 quominus
1323 4464 1411 4527 idem
1438 4466 1631 4536 cardinalis,
1658 4463 1712 4526 rel

911 4564 1077 4637 aliua,cui
1102 4565 1247 4625 castrum
1274 4564 1381 4640 ipsum
1408 4563 1542 4625 duruerit
1561 4563 1714 4623 commit·

911 4662 1070 4732 tendum,
1101 4660 1183 4721 illud
1210 4660 1366 4721 Ecclesiae
1393 4662 1551 4722 Romanae
1578 4659 1712 4719 nomino

911 4759 1015 4820 libere
1049 4759 1163 4819 teneat
1195 4760 1228 4819 et
1255 4757 1377 4833 quiete.
1411 4755 1568 4831 Alioquin
1603 4754 1712 4814 eidem

912 4856 1074 4919 cardinali
1088 4856 1206 4917 damus
1221 4853 1343 4915 nostris
1358 4852 1478 4913 litteris
1489 4851 1524 4911 in
1534 4850 1710 4925 mandatis,

912 4957 948 5015 nt
960 4956 992 5015 te
1004 4969 1043 5015 ac
1058 4952 1224 5030 quoslibet
1236 4951 1424 5012 detentores
1436 4949 1545 5026 ipsius
1555 4950 1657 5012 castri
1670 4949 1711 5010 ad

912 5051 943 5110 id
954 5065 1194 5126 percensuram
1204 5045 1476 5118 ecclesiasticam,
1489 5046 1712 5123 appellatione

912 5148 1050 5216 remota,
1067 5143 1244 5221 compellat
1260 5141 1320 5221 (1).

953 5245 1070 5304 Datum
1086 5240 1253 5312 Laterani,
1269 5241 1313 5302 VI
1329 5237 1396 5299 kal.
1411 5237 1607 5308 decembris
1621 5250 1710 5299 anno

912 5341 1021 5403 tertio.

913 5505 987 5558 mus,
1003 5487 1105 5554 donec,
1122 5499 1197 5543 anuo
1218 5487 1297 5554 rm,
1317 5489 1418 5556 sponte
1432 5494 1484 5539 sue
1499 5480 1584 5539 cessit
1595 5480 1708 5553 episco-

913 5570 989 5636 patu.
1007 5561 1170 5630 (bouquet.)
