3774 6186
115 262 176 362 cra
348 356 351 360 .
733 300 1141 363 caremtenam.
1706 309 1764 369 aas

116 459 243 537 imponi
267 458 448 531 silentium,
466 460 502 543 et
521 456 672 520 eumdem
697 459 917 534 compescisi
972 460 1766 544 supradictisabsolvit.Nosergoaudilorisprae·
1791 524 1793 529 ⁴

116 572 190 628 vos,
214 559 273 618 aut
292 556 531 617 monasterium
548 558 694 616 uestrum
718 572 819 632 super
837 572 919 633 prae·
971 558 1050 620 dicti
1066 560 1264 621 sententiam
1278 562 1383 622 ratam
1395 560 1766 635 habenteseamaucto·

118 654 233 714 missis
254 654 394 715 ulterius
416 653 616 724 molestaret,
638 668 677 713 ao
699 653 851 730 compelli
876 653 917 714 ad
972 655 1070 717 ritate
1085 657 1272 733 apostolica
1289 657 1577 731 confirmamus,et
1590 661 1769 736 praesentis-

119 749 345 812 restituendas
358 765 535 826 expensas,
552 748 726 826 dequibus
750 750 918 811 solvendis
972 751 1086 830 scripti
1101 753 1284 829 patrocinio
1298 757 1550 817 communimus.
1571 757 1663 817 Nulli
1672 773 1767 833 ergo,

119 848 323 924 praestiterat
348 848 548 919 cautionem,
567 848 599 908 et
624 850 691 908 tam
721 847 807 919 illas,
836 863 918 924 quas
972 850 1048 922 etc.;
1062 850 1091 910 si
1104 851 1177 928 quis
1193 852 1314 922 autem,
1326 854 1388 913 eto.
1400 855 1516 914 Datum
1526 857 1629 915 Reate
1649 856 1679 914 Χ
1696 854 1767 914 kal.

120 945 200 1006 lecit
230 944 271 1006 ad
306 944 425 1005 Sedem
457 944 681 1020 apostoticam
717 944 916 1015 laborando,
972 948 1104 1023 augusti
1121 949 1331 1025 pontificatus
1345 950 1450 1011 nostri
1466 966 1553 1012 anno
1566 951 1676 1012 tertio.

120 1059 220 1120 qnam
234 1058 290 1104 eas
307 1041 344 1102 in
364 1040 576 1119 quibuscum
594 1042 918 1118 Atrebaten.judioos
1014 1046 1120 1120 Super
1128 1045 1191 1106 boo
1207 1046 1367 1122 scriptum
1377 1047 1428 1107 est
1438 1047 1765 1109 conservatoribus...

120 1140 394 1202 condemnarunt.
426 1141 531 1211 Quum
559 1139 673 1216 itaquo
695 1155 795 1216 super
815 1139 868 1199 his
886 1142 920 1200 et
974 1141 1086 1202 Sancti
1102 1142 1251 1214 Quintini
1268 1143 1302 1204 in
1318 1144 1429 1204 Insula
1453 1146 1522 1204 et...
1546 1145 1659 1206 Sancti
1679 1148 1766 1205 Pro·
1860 1203 1868 1211 .

121 1238 201 1298 aliis
215 1252 328 1297 coram
342 1236 456 1298 eodem
472 1234 623 1296 auditore
638 1236 815 1313 propositis
830 1236 918 1296 luis·
969 1240 1050 1315 jecti
1065 1239 1238 1301 abbatibus
1259 1241 1292 1301 et
1311 1240 1521 1302 thesaurario
1537 1243 1650 1303 Sancti
1662 1243 1767 1314 Quin-

121 1338 174 1396 set
199 1334 325 1395 diutius
344 1333 560 1408 disputatum,
582 1333 714 1393 auditor
737 1334 808 1410 ipse
832 1333 918 1394 dioto
973 1336 1034 1396 tini
1048 1337 1243 1397 Noviomen.
1261 1336 1428 1397 dioecesis.

120 1430 315 1508 presbytero
336 1430 414 1492 lecit
432 1446 493 1506 per
515 1429 672 1490 dilectum
692 1430 797 1490 tilium
819 1433 920 1492 Jaco-
1014 1433 1286 1509 Proponentibus,
1302 1434 1377 1504 etc,
1398 1449 1505 1507 loquo
1524 1432 1676 1496 absolvit.
1699 1435 1768 1494 Nos

121 1528 198 1589 burn
214 1527 423 1604 capellanum
434 1528 467 1588 et
480 1527 761 1604 poenitentiarium
770 1528 918 1588 nostrum
973 1546 1053 1604 ergo
1081 1530 1243 1592 auditoris
1267 1530 1417 1607 praedicti
1444 1532 1641 1592 sententiam
1661 1533 1768 1592 ratam

123 1642 243 1686 munus
258 1624 477 1686 absolutionis
499 1623 657 1700 impendi;
684 1625 717 1685 et
740 1624 917 1699 allegatio·
975 1627 1144 1699 habentes,
1168 1627 1360 1689 discretioni
1375 1629 1494 1689 vestrae
1505 1644 1565 1704 per
1578 1627 1767 1705 Apostolica

123 1723 221 1782 nibus
247 1723 281 1784 et
304 1720 490 1782 rationibus
514 1721 811 1798 utriusquepartis
837 1721 918 1781 dili·
975 1725 1096 1801 scripta
1128 1724 1322 1785 mandamus
1351 1726 1512 1801 quatenus
1538 1739 1611 1784 eam
1638 1723 1768 1784 facialis

122 1821 241 1894 genter
254 1817 425 1894 inspectis,
440 1817 552 1878 habito
570 1816 709 1878 consilio
724 1817 919 1878 dilectorum
974 1837 1033 1898 per
1041 1836 1215 1882 censuram
1223 1820 1770 1897 ecclesiasticamappellationere·

122 1916 267 1977 illiorum
287 1917 473 1976 nostrorum
493 1917 529 1975 G.
550 1913 637 1976 tituli
655 1914 766 1976 Sancti
784 1914 921 1976 Martini
975 1920 1062 1979 mota
1082 1918 1222 1979 tirmiter
1235 1917 1418 1979 observari.
1440 1917 1716 1988 contradictores,
1739 1917 1769 1978 si

121 2017 156 2074 et
181 2015 212 2074 J.
241 2012 330 2073 tituli
359 2014 490 2073 Sanctae
506 2011 637 2071 Sabinae
653 2010 920 2088 presbyterorum
975 2016 1031 2090 qui
1060 2015 1201 2086 luerint,
1229 2015 1281 2077 vel
1311 2015 1469 2086 rebelles,
1499 2000 1640 2075 censura
1667 2013 1769 2074 simili

121 2110 356 2181 cardinalium,
393 2109 600 2184 aliorumque
636 2108 844 2184 prudentum,
880 2108 921 2169 de
976 2113 1223 2188 compescendo.
1237 2112 1327 2184 Quod
1339 2112 1769 2182 sinonornnes,etc.Datum

121 2206 262 2284 speciali
286 2205 441 2267 mandato
463 2208 577 2266 nostro
599 2204 842 2266 sententialiter
859 2205 921 2266 de·
976 2211 1139 2285 utsupra.

123 2304 231 2364 crevit
247 2302 398 2364 eumdem
416 2302 643 2379 presbyterum
658 2317 725 2361 non
739 2317 814 2362 esse
830 2302 923 2363 resti·
1310 2297 1436 2382 GGLX

122 2401 283 2461 tuendum
294 2399 335 2460 ad
347 2398 537 2475 hujusmodi
546 2398 757 2475 probationes
767 2400 920 2471 omissas,
1018 2415 1067 2474 Aa
1078 2415 1256 2474 Nicolaum
1269 2413 1510 2473 slawscelwem
1523 2415 1728 2485 episcopum,

123 2496 401 2559 necandiendum
415 2512 454 2557 ac
467 2495 726 2573 impugnandum
740 2496 921 2558 sententias
1272 2516 1306 2573 23
1318 2515 1380 2588 jum
1395 2514 1472 2572 ηις,
1767 2503 1774 2514 “

118 2595 272 2671 judicum
296 2592 541 2670 praedictorum,
564 2592 737 2669 ipsumque
764 2593 921 2654 condem·
1114 2612 1224 2677 [sunm.,
1237 2611 1302 2661 llist.
1315 2613 1342 2661 ar
1355 2611 1491 2670 naumain,
1509 2610 1552 2669 tx,
1563 2609 1630 2674 lta]

123 2707 209 2753 nans
224 2688 265 2751 ad
282 2690 479 2752 solutionem
493 2688 922 2753 decemlibrarumloriium
1018 2704 1115 2783 (vide
1148 2704 1274 2770 Qlllnla
1303 2703 1514 2775 compilatio,
1547 2701 1603 2761 lih.
1630 2704 1685 2772 IV,
1720 2688 1794 2763 De'

123 2790 160 2850 in
184 2786 303 2866 quibus
329 2802 349 2848 a
372 2786 541 2864 jndicibus
569 2787 810 2848 cathalaunen.
841 2803 924 2848 con·
977 2796 1206 2868 sponsalibus,
1223 2794 1263 2851 de
1277 2791 1512 2859 Matrimonia,
1529 2805 1601 2866 cap.
1619 2791 1648 2849 ll
1663 2810 1670 2848 ε
1684 2792 1774 2850 con-

123 2884 300 2946 demnatus
311 2884 477 2957 extiterat,
489 2899 563 2946 eum
576 2884 611 2944 in
622 2883 698 2945 aliis
708 2883 922 2962 petitionibus
976 2882 1153 2943 saltationi
1166 2880 1246 2952 ltloe,
1262 2880 1285 2940 t.
1304 2880 1329 2951 l,
1345 2877 1407 2938 col.
1424 2876 1512 2956 336.)

829 3160 1065 3180 —d-

629 3491 860 3616 LIBER
916 3486 1278 3637 QUARTUS

321 3974 386 4061 llll
422 3973 563 4061 ΑΝΝΟ
602 3969 807 4072 huntio
845 3968 1067 4056 HONORII
1103 3968 1164 4054 ΙΙΙ
1201 3963 1578 4053 PONTIFICATUS.

163 4201 196 4256 ln
213 4214 289 4257 anno
310 4207 410 4271 quarto
426 4199 618 4258 Pontificatus.
635 4198 662 4256 id
682 4207 727 4256 est
742 4205 879 4272 vergente
895 4198 922 4254 in
981 4194 1046 4264 Sed,
1063 4201 1213 4267 postquam
1230 4193 1290 4250 haec
1305 4191 1365 4249 orbi
1384 4191 1540 4249 christiano
1559 4190 1659 4248 litteris
1673 4204 1772 4248 cruce·

126 4288 214 4345 finem
233 4303 310 4345 auno
328 4287 429 4347 Christi
450 4288 529 4357 1219,
550 4289 741 4362 crucesignati
762 4288 922 4345 llamiatam
978 4283 1086 4357 signati
1112 4283 1358 4355 significaverunt,
1382 4296 1466 4353 opem
1492 4280 1686 4353 implorantes,
1715 4293 1771 4335 non
1843 4318 1846 4327 Α

125 4378 369 4449 coeperunt.llam
379 4378 459 4434 Nilus
472 4378 924 4445 nonmoresolito,aiunt,terras
976 4374 1036 4446 jam
1058 4386 1133 4428 anno
1155 4372 1253 4443 elapso
1273 4385 1304 4427 se
1328 4377 1479 4427 senserunt
1501 4368 1686 4442 praegravari,
1701 4375 1730 4425 et
1744 4367 1774 4423 in

126 4463 369 4533 inundaverat,et
385 4464 490 4522 tamem
510 4465 748 4536 pertimescebant
763 4465 923 4532 sarraceni,
978 4475 1046 4517 casu
1062 4458 1148 4516 dubio
1168 4473 1227 4515 rem
1244 4466 1332 4515 totam
1350 4472 1414 4514 esse
1433 4457 1627 4527 constitutam,
1643 4455 1775 4530 promissi
1881 4542 1884 4547 Ι

126 4552 179 4622 cui
207 4566 329 4625 magnas
355 4554 455 4625 copias
479 4553 654 4626 collegerant
674 4561 704 4610 ut
729 4554 789 4610 suis
808 4554 836 4609 in
854 4552 924 4609 urbe
979 4563 1131 4605 succursus
1142 4547 1166 4603 si
1181 4561 1232 4603 sua
1245 4561 1297 4618 spe
1313 4545 1525 4602 frustrarentur.

126 4641 245 4696 inclusis
266 4647 473 4698 succurrerent.
495 4643 615 4713 insuper
637 4642 730 4699 saeviit
752 4642 840 4714 pestis
868 4656 923 4712 qua
1015 4640 1136 4700 interea,
1166 4634 1240 4691 idern
1265 4633 1393 4691 Pontifex
1416 4633 1573 4699 Honorius,
1609 4631 1770 4689 indefessus

127 4729 289 4785 nriserrime
302 4729 470 4786 interierunt
488 4729 609 4798 obsessi,
625 4744 744 4802 quorum
762 4731 824 4801 plus
839 4744 924 4801 qnam
979 4726 1137 4782 stimulator
1156 4722 1222 4779 belli
1246 4722 1384 4779 adversus
1406 4723 1578 4778 Sarracenos
1599 4720 1628 4775 in
1646 4720 1772 4788 Oriente,

127 4818 181 4873 tria
197 4818 285 4875 millia
310 4831 461 4888 corporum
481 4817 510 4873 ln
530 4819 632 4889 plateis
650 4819 774 4889 jacentia
794 4826 824 4875 et
847 4819 923 4874 inse·
981 4813 1125 4885 llispaniae
1144 4810 1248 4869 Christi
1269 4809 1367 4866 lideles
1388 4809 1525 4865 adversus
1539 4808 1654 4864 Mauros
1668 4809 1775 4864 excita·

128 4906 206 4976 pulta
221 4905 370 4963 christiani
382 4904 563 4962 invenerunt.
574 4907 826 4978 igiturcivitassic
842 4914 924 4978 capta
979 4902 1036 4959 bat.
1054 4900 1108 4959 Sed
1124 4900 1190 4957 illud
1201 4897 1253 4955 luit
1264 4897 1448 4954 niemorabile
1461 4894 1536 4968 quod
1547 4896 1776 4952 iliramomellno

126 5003 183 5064 est,
199 4993 307 5066 absque
325 4993 479 5061 deditione,
499 4995 562 5051 sine
580 4993 758 5063 defensioue,
779 4995 842 5051 sine
861 4996 923 5051 vio·
980 4988 1136 5062 Albujrcoh
1162 4987 1284 5058 scripsit,
1305 4995 1336 5043 ut
1355 4985 1419 5050 sibi,
1444 4985 1489 5041 vel
1513 4985 1608 5056 potius
1631 4983 1779 5057 discipulis

127 5083 206 5139 lenta
220 5081 434 5155 depredatione,
448 5083 511 5140 sine
526 5083 657 5151 tumultu,
669 5091 699 5140 ut
710 5082 763 5139 soli
776 5083 847 5140 Filio
862 5083 923 5152 liei,
979 5079 1082 5137 Christi
1096 5079 1184 5134 talem
1199 5077 1289 5132 virum
1305 5075 1479 5130 conciliaret.
1495 5076 1531 5131 Et
1543 5089 1605 5142 nos,
1624 5074 1664 5130 ait
1678 5075 1775 5131 Hono·

128 5171 219 5244 iuquit
232 5167 412 5240 Godclridus,
426 5171 542 5229 victoria
558 5169 708 5241 tribuatur,
721 5179 749 5228 et
759 5170 796 5229 ad
809 5172 924 5245 triginta
979 5169 1046 5228 rius.
1064 5166 1187 5239 patimur
1202 5165 1379 5220 innumeram
1392 5162 1466 5236 legis
1481 5170 1536 5219 tuae
1548 5161 1696 5219 hominum
1709 5163 1780 5220 mul·

128 5260 228 5328 millia,
240 5259 285 5315 vel
298 5259 430 5332 amplius,
443 5259 462 5316 ii
474 5266 540 5317 sunt
554 5256 738 5332 computandi
753 5259 810 5332 qui,
826 5261 926 5318 utrius·
979 5253 1140 5323 titudinem,
1156 5269 1224 5309 suos
1252 5252 1322 5308 ritus
1345 5252 1418 5308 inter
1432 5250 1603 5308 christianos
1618 5250 1738 5323 populos
1750 5258 1780 5308 et

128 5364 184 5420 que
198 5362 295 5415 sexus,
308 5349 370 5403 sinc
381 5346 455 5404 lerro
467 5356 495 5403 et
507 5349 586 5421 igne,
598 5363 613 5404 a
623 5352 752 5419 ternpore
767 5346 925 5405 obsidionis
979 5344 1151 5402 christianas
1178 5341 1312 5413 regiones
1335 5354 1479 5397 exercere.
1497 5339 1579 5396 Unde
1593 5353 1706 5409 anunm
1722 5346 1777 5408 est,

129 5437 283 5508 perierunt.
307 5433 421 5492 Addunt
447 5435 599 5508 scriptores
619 5450 713 5493 rerum
739 5436 923 5494 Orientalium
979 5435 1007 5489 in
1031 5432 1085 5488 hoc
1112 5438 1214 5486 nostrie
1240 5443 1273 5485 ao
1295 5437 1350 5484 ture
1365 5428 1462 5502 gentis
1477 5427 1582 5482 nonsit
1597 5424 1776 5499 disparcon·

128 5525 828 5596 statim[leocxoitatasconsecratosqueecclcsias
838 5523 924 5582 luisse
978 5521 1058 5587 ditio,
1074 5518 1216 5575 hincinde
1231 5518 1265 5573 ad
1278 5517 1463 5574 humanitatis
1475 5516 1618 5572 solatium.
1633 5516 1705 5572 Nam
1722 5518 1776 5573 llo·

129 5622 157 5671 et
181 5614 289 5671 cultum
314 5612 461 5685 religionis
481 5627 554 5670 versa
574 5613 603 5669 iu
629 5613 757 5670 Damiats
784 5613 921 5670 inruisse.
980 5611 1048 5668 mini
1074 5617 1118 5665 est
1136 5615 1210 5664 terra
1226 5616 1254 5663 et
1277 5604 1422 5679 plenitudo
1437 5603 1508 5673 clus.
1534 5603 1702 5672 Quereris
1718 5619 1777 5662 ma·
