3824 6180
142 293 195 352 171
754 294 930 354 llONORII
954 292 998 352 111
1019 295 1167 354 OPERA.
1725 296 1783 355 172

140 451 184 513 tri
209 454 413 528 apostolatus
439 454 599 530 pervenit,
623 453 798 530 quodcum
826 452 932 514 felicis
986 454 1075 514 mota
1089 452 1403 529 compellasnamm
1420 451 1796 516 LateraniViltalend··

140 549 309 610 memoriae
321 550 517 612 Benedictus
530 567 614 628 papa
623 551 850 628 praedecessor
859 566 932 612 nos·
987 548 1113 626 aprilis,
1127 551 1336 628 pontitlcatus
1347 552 1452 613 nostri
1470 566 1558 614 anno
1574 550 1687 613 tertio.

139 647 191 706 ter
205 645 339 706 fundum
356 647 580 719 carinianum,
598 648 632 709 in
646 665 710 724 quo
722 650 773 710 est
787 653 932 710 castrum

139 744 261 804 Montis
273 745 384 805 Sancti
398 744 498 815 Petri,
513 745 554 805 ad
570 744 755 806 habendum
771 749 803 807 et
814 747 933 808 tenen·
1317 704 1453 790 CLXII

139 841 262 901 durnin
277 841 441 917 integrum
457 842 648 918 parentibus
661 844 779 904 vestris
795 859 933 904 conces·
1046 829 1099 887 Ad
1111 829 1323 900 Pooduiiilm
1345 828 1489 889 electum
1508 829 1726 897 Not'wioone

139 937 230 1008 serit,
247 939 361 999 ettam
376 938 431 1000 iel.
449 939 689 1001 recordationis
703 941 885 1002 celestinus
900 939 933 1001 et
1138 925 1338 996 Aoooioiiow
1348 928 1446 986 Sedis
1466 925 1628 1001 epotum.

62 1071 64 1075 .
138 1035 351 1096 Innocentius
372 1038 512 1099 Romani
536 1035 717 1113 pontifices,
743 1037 931 1114 praedeces·
1268 1039 1302 1096 tt
1317 1045 1400 1096 mart.
1418 1036 1496 1095 litt,

139 1147 232 1193 sores
248 1133 363 1204 nostri,
381 1149 479 1210 quam
494 1150 553 1194 nos
569 1134 632 1210 ipsi
647 1134 679 1194 id
693 1134 787 1195 robis
802 1133 933 1195 duxeri·
1019 1144 1137 1207 [negent.
1148 1143 1193 1195 ιιι.
1203 1144 1247 1202 ιιι,
1257 1144 1330 1208 epist.
1341 1142 1396 1194 att.
1408 1143 1463 1194 tiss.
1478 1142 1754 1223 tirossamen]

136 1244 209 1292 mus
226 1230 498 1302 confirmandum,
522 1231 654 1308 qnidam
669 1232 710 1293 de
725 1229 931 1293 consortibus
986 1244 1103 1298 Petente
1113 1256 1182 1314 rege
1199 1241 1321 1299 ilenrico
1336 1239 1463 1315 indulget
1478 1240 1605 1314 pontifex
1616 1241 1707 1314 utqui
1718 1239 1787 1298 dant

136 1327 256 1388 vestris
276 1328 471 1404 portionem,
492 1344 590 1405 quam
614 1328 779 1392 habebant
799 1328 833 1389 in
859 1329 931 1405 ipso
1021 1344 1072 1402 pro
1086 1328 1213 1387 subsidio
1234 1332 1326 1387 tmrae
1346 1329 1547 1402 sanctolum
1562 1328 1718 1387 nocituras
1734 1342 1783 1385 eo·

139 1425 248 1485 castro
262 1427 295 1486 et
309 1425 421 1496 tundo,
438 1426 507 1493 alii,
523 1426 610 1487 sicut
627 1426 758 1497 dicitur,
774 1427 931 1503 tanquam
1020 1433 1082 1475 nnn
1102 1416 1302 1488 dispensentur
1315 1418 1352 1475 de
1367 1427 1441 1475 '010-

139 1512 209 1581 rem
239 1523 405 1598 propriam
433 1522 663 1594 uendiderunt,
689 1522 808 1600 quibus
831 1523 931 1584 etiarn
1025 1526 1202 1599 Honorius,
1219 1528 1294 1598 etc„
1311 1525 1430 1588 dilecto
1453 1525 1520 1588 illio
1536 1529 1573 1587 P.
1587 1526 1783 1587 Norwicen.

136 1618 206 1689 alii,
221 1618 276 1694 qui
291 1635 357 1680 non
373 1621 450 1681 sunt
461 1620 501 1680 de
516 1635 637 1695 genere
645 1621 767 1692 vestro,
780 1619 931 1696 quaedam
986 1623 1101 1691 electo,
1116 1623 1311 1694 camerarie,
1326 1623 1522 1700 Apostolicae
1542 1622 1638 1685 Sedis
1657 1622 1782 1699 legato.

25 1786 30 1795 ι
137 1715 318 1777 tenimenta
330 1715 423 1777 fundi
438 1717 542 1794 ipsius
558 1715 653 1779 robis
669 1715 929 1777 contradicenti·
1025 1720 1249 1781 Charissimus
1259 1721 1293 1780 in
1305 1720 1435 1782 Christo
1449 1719 1539 1780 tillus
1553 1722 1668 1782 noster
1692 1722 1784 1781 Hen-

136 1812 197 1875 hus
210 1814 414 1886 invaserunt,
433 1817 466 1876 et
485 1830 544 1890 per
557 1813 748 1875 violentiam
770 1813 927 1884 detinent,
984 1817 1074 1877 ricus
1090 1832 1151 1878 rex
1165 1816 1345 1892 anglorum
1358 1817 1500 1878 illustris
1512 1816 1607 1878 nobis
1623 1816 1704 1879 iecit
1719 1817 1785 1876 hu·

136 1926 175 1971 ao
189 1910 328 1972 reddere
344 1912 584 1973 contradicunt.
602 1913 672 1971 Nos
697 1911 799 1986 igitur
810 1909 930 1971 vestris
984 1913 1108 1975 militer
1118 1912 1309 1990 supplicari,
1324 1915 1360 1975 ut
1372 1912 1652 1990 cumqnibusdam
1665 1909 1783 1974 eorum

131 2007 232 2082 justis
246 2007 523 2082 postulationihus
536 2006 687 2068 inclinati
704 2007 746 2067 ad
761 2005 931 2081 exemplar
985 2009 1092 2070 dando
1112 2010 1152 2071 de
1174 2009 1269 2071 bonis
1295 2011 1364 2070 suis
1384 2011 1480 2087 Juxta
1505 2009 1682 2071 facultates
1705 2026 1786 2086 pro-

136 2103 399 2180 supradictorum
430 2105 709 2181 praedecessorum
741 2104 929 2164 nostrorum
984 2106 1075 2184 prias
1092 2122 1151 2183 pro
1167 2106 1312 2168 subsidio
1339 2109 1450 2168 Terrae
1473 2108 1603 2169 Sanctae
1624 2106 1785 2168 affectant

135 2200 292 2262 celestini
317 2202 351 2262 et
388 2201 572 2262 innocentii
607 2200 803 2262 auctoritate
837 2198 929 2259 vobis
984 2204 1157 2275 redimere,
1170 2204 1362 2281 dispensare
1379 2203 1640 2286 misericorditer
1660 2202 1785 2279 digna-

135 2297 347 2374 presentium
373 2298 594 2373 indulgemus,
608 2299 644 2358 ut
662 2297 761 2358 liceat
782 2295 876 2357 vohis
894 2297 929 2356 in
984 2316 1106 2362 remur.
1135 2300 1203 2363 Nos
1223 2302 1325 2377 igitur
1346 2303 1418 2375 eius
1438 2301 1591 2378 precibus
1611 2299 1781 2372 inclinati,

136 2395 313 2472 praesentia
360 2384 562 2456 venerabilis
602 2394 716 2455 iratris
761 2393 865 2454 nostri
869 2436 927 2453 .....
985 2397 1175 2459 discretioni
1199 2398 1276 2467 tue,
1302 2398 1343 2459 de
1362 2414 1427 2475 qua
1442 2397 1574 2475 plenam
1588 2397 1625 2459 in
1639 2398 1788 2459 Domino

134 2492 311 2554 Auximani
324 2492 483 2569 episcopi,
497 2492 550 2552 vel
566 2491 737 2568 potestatis
751 2491 804 2552 vel
815 2506 930 2552 consu·
984 2494 1139 2555 fiduciam
1155 2493 1349 2567 obtinemus,
1370 2509 1431 2571 per
1443 2494 1634 2572 Apostolica
1655 2495 1785 2572 scripta

135 2590 215 2660 lum,
233 2590 289 2666 qui
302 2605 361 2665 pro
382 2591 529 2665 tempore
544 2589 578 2648 in
593 2589 780 2650 auximana
795 2587 929 2649 civitate
985 2591 1189 2663 mandamus,
1201 2594 1363 2669 quatenus
1379 2607 1594 2668 personarum
1610 2606 1650 2652 ac
1664 2606 1782 2652 rerum

136 2686 268 2758 luerint,
293 2687 407 2748 contra
427 2703 485 2747 eos
512 2701 622 2761 agere,
646 2687 678 2747 et
701 2685 930 2761 possessiones
984 2688 1242 2750 circumstantiis
1266 2689 1401 2766 provide
1419 2688 1683 2764 circumspectis,
1699 2704 1783 2766 agas

136 2783 322 2860 praedictas,
332 2783 424 2844 salvo
433 2786 510 2859 jure
520 2785 553 2843 et
563 2797 674 2843 annuo
689 2797 790 2842 censu
803 2784 927 2853 nostro,
984 2801 1084 2862 super
1102 2785 1165 2846 hoc
1180 2802 1254 2847 oum
1268 2785 1321 2857 iis,
1334 2787 1431 2862 prout
1443 2786 1630 2846 animarum
1642 2801 1783 2846 suarum

137 2882 233 2957 prout
252 2883 378 2957 justum
394 2880 505 2951 fuerit,
531 2879 572 2940 ad
594 2882 721 2940 vestras
742 2894 858 2939 manus
883 2878 929 2938 li·
984 2882 1095 2954 saluti,
1109 2885 1143 2945 et
1156 2882 1302 2959 ejusdem
1315 2883 1414 2944 terrae
1423 2883 1559 2944 utilitati
1575 2883 1714 2944 noveris
1727 2898 1785 2943 ex-

134 2976 213 3039 lrere
227 2993 397 3039 revocare.
414 2977 505 3039 Nulli
518 2992 609 3052 ergo,
623 2978 698 3048 etc,
712 2979 834 3038 nostrae
849 2991 931 3037 con·
984 2980 1108 3058 pedire.
1125 2981 1241 3041 Datum
1252 2980 1407 3041 Laterani
1417 2976 1462 3040 Vi
1477 2979 1640 3041 kalendas
1650 2979 1784 3056 aprilis,

134 3074 295 3134 cessionis
310 3074 503 3148 intringere.
515 3073 548 3133 Si
565 3073 639 3149 quis
652 3073 773 3143 autem,
788 3073 929 3133 etone·
985 3076 1195 3154 pontitlcatus
1212 3078 1315 3139 nostri
1326 3092 1414 3138 auno
1429 3077 1538 3139 tertio.

135 3175 202 3232 tum
218 3171 373 3232 Laterani
398 3173 456 3231 vit
480 3169 546 3231 kal.
574 3169 703 3246 aprilis,
719 3168 929 3245 pontificatus

134 3269 239 3330 nostri
253 3280 341 3329 anno
362 3268 471 3329 tertio.
1298 3229 1459 3315 CLXIII
1505 3317 1508 3325 ,

135 3354 138 3360 '
1024 3355 1075 3412 Ad
1093 3353 1235 3414 electum
1259 3355 1530 3424 Nortotccnsem,
1541 3351 1749 3426 apostatem

473 3410 589 3496 CLXI
1240 3450 1512 3524 seducentem.

148 3548 200 3606 Ad
211 3545 460 3614 Bertrcnnum,
474 3546 696 3612 cardinalem,
711 3541 912 3615 apostolice
1269 3563 1303 3620 27
1318 3568 1401 3618 mm,
1419 3560 1499 3619 1219,

395 3642 493 3701 ΜΒ
515 3639 677 3715 temtum.
1103 3665 1233 3730 [ιἰιοιιιοι,
1248 3667 1413 3718 lttonnmenta
1433 3664 1568 3723 lllbernias,
1584 3662 1673 3730 Md]
1753 3700 1757 3707 ·

422 3753 551 3811 ²inniti·
566 3752 646 3809 iiiii·
984 3764 1081 3822 Electo
1108 3764 1297 3834 Norwicenat,
1320 3765 1491 3837 Apostolicae
1515 3761 1597 3821 Sedis
1619 3763 1730 3835 legato,
1750 3770 1782 3820 ut

155 3860 276 3926 [liegest.,
292 3859 336 3909 nn.
349 3858 391 3918 lll,
407 3859 479 3923 epist.
491 3858 546 3908 tet.
560 3859 616 3908 llss.
633 3858 668 3908 La
680 3858 754 3907 Porto
765 3857 799 3907 du
812 3856 907 3918 risit]
1017 3852 1198 3925 justitiarium
1212 3854 1354 3911 ilinemiae
1365 3852 1400 3910 od
1410 3850 1584 3910 reddendam
1597 3851 1781 3925 roglAnglioe

135 3957 251 4017 liandat
273 3965 304 4015 ut
326 3965 439 4014 moneat
467 3956 622 4028 principem
646 3955 785 4013 Luwelin.
809 3953 844 4011 ad
868 3969 929 4011 ser·
1019 3942 1199 4000 villicationis
1213 3957 1273 4000 toto
1286 3942 1425 3999 lotionem
1439 3941 1601 4014 compellat.

234 4047 360 4105 Vinion
373 4045 528 4118 dignitates
543 4053 571 4102 et
585 4045 639 4101 alia
656 4044 720 4116 jnre
735 4043 822 4117 intio·
1026 4050 1193 4110 Honorius
1208 4048 1507 4137 episcopusdilecto
1520 4046 1590 4109 illio
1603 4044 1778 4117 Pandult'o,

174 4156 352 4226 Honorius,
369 4157 444 4225 etc,
461 4155 646 4218 Bertranno
662 4151 860 4229 Apostolicae
876 4153 931 4213 Se·
985 4144 1195 4206 Norwicensi
1207 4143 1517 4212 electo,camerario
1531 4143 1658 4216 nostro,
1671 4146 1780 4220 Apos-

136 4253 187 4314 dis
203 4255 323 4328 legato,
338 4255 400 4313 etc.
926 4246 931 4257 '
985 4240 1330 4316 tolioaesedislegato,
1344 4240 1495 4303 salutem.

175 4352 254 4410 Cum
272 4350 357 4410 sicut
378 4364 420 4408 ex
436 4348 529 4425 parte
549 4347 715 4408 carissimi
742 4345 776 4406 in
801 4345 931 4405 Christo
1024 4337 1141 4400 Mirari
1157 4338 1307 4414 cogimur
1321 4340 1353 4400 et
1367 4338 1503 4408 moveri,
1520 4334 1608 4414 quod
1628 4335 1715 4398 sicut
1735 4350 1778 4399 ex

136 4448 197 4508 dlii
221 4446 356 4507 Henrici
382 4445 471 4521 regis
497 4444 679 4519 anglorum
703 4443 845 4504 illustris
870 4442 933 4502 fuit
986 4438 1078 4513 parte
1088 4435 1252 4496 carissimi
1265 4435 1300 4494 in
1315 4435 1445 4496 Christo
1471 4434 1531 4496 tllii
1545 4434 1654 4496 nostri
1668 4436 1778 4496 ltre-

90 4586 96 4593 -
135 4544 320 4620 expositum
334 4557 445 4603 coram
469 4540 575 4609 uobis,
591 4539 714 4601 nobilis
735 4540 788 4601 vir
807 4540 929 4600 Luwe-
985 4533 1036 4608 gis
1050 4532 1232 4608 Anglorum
1252 4528 1392 4593 illustris
1406 4531 1501 4593 nobis
1516 4530 1627 4593 extitit
1643 4531 1782 4593 intima-

136 4641 237 4703 linius
277 4640 430 4716 princeps
455 4637 588 4698 Walliae
616 4640 743 4708 castra,
771 4636 928 4706 redditus,
985 4631 1066 4700 tum,
1082 4644 1157 4689 cum
1180 4627 1283 4689 nobili
1301 4629 1374 4689 viro
1396 4628 1580 4705 justitiario
1608 4627 1780 4690 Hiberniae

135 4738 323 4815 dignitates,
336 4740 369 4797 et
383 4735 450 4797 alia
459 4736 537 4811 jura
551 4735 657 4810 regia,
668 4734 858 4810 juramento
873 4731 929 4792 iu·
985 4726 1064 4787 olim
1080 4726 1203 4787 nostris
1217 4724 1404 4786 dederimus
1416 4724 1535 4787 litteris
1551 4726 1585 4786 in
1598 4722 1777 4796 mandatis,

134 4834 501 4912 terposltoconservare
513 4830 827 4900 fideliterteneatur‚
836 4829 932 4904 prout
987 4825 1022 4885 ut
1031 4823 1072 4884 ad
1082 4824 1292 4899 praesentiam
1302 4822 1547 4898 regiseiusdem
1556 4823 1732 4895 accedens,
1748 4826 1780 4883 et

135 4933 170 4993 in
186 4930 308 5007 scripto
319 4930 510 4990 authentico
521 4927 640 4989 exinde
651 4924 932 4988 coniectodicitur
985 4921 1026 4981 de
1041 4920 1223 4983 redditibus
1237 4919 1364 4991 etaliis,
1374 4937 1448 4998 quae
1462 4918 1694 4997 debonisejus
1708 4937 1779 4997 per·

136 5029 266 5108 plenius
290 5027 465 5097 contineri,
492 5041 552 5087 nos
575 5030 709 5085 causam
733 5023 822 5099 regis
842 5024 932 5098 ejus·
986 5019 1129 5095 ceperat,
1158 5017 1309 5079 redderet
1327 5018 1502 5089 rationem,
1526 5013 1614 5078 idem
1635 5019 1776 5078 consilio

136 5127 208 5187 dem
221 5126 378 5201 tanquam
402 5126 550 5184 nostram
571 5121 774 5198 reputantes,
800 5117 931 5179 discre-
985 5114 1174 5191 inconsulto
1200 5116 1366 5187 seductus,
1389 5130 1455 5176 non
1482 5112 1590 5175 solum
1620 5114 1779 5176 accedere

47 5248 56 5271 s
134 5223 215 5289 tioni
232 5224 298 5284 tue
314 5236 372 5298 per
388 5220 575 5297 Apostollca
593 5219 715 5294 scripta
734 5215 931 5276 mandamns
985 5214 1147 5275 hactenns
1162 5212 1358 5288 contempsit
1371 5211 1411 5271 ad
1434 5225 1520 5282 eum,
1537 5226 1653 5272 verum
1680 5212 1778 5274 etiam

136 5321 298 5400 quatenus
314 5314 531 5378 memoratum
554 5313 708 5385 nobilem,
724 5312 760 5375 ut
773 5312 931 5390 praedicta
986 5306 1159 5396 praesumit
1169 5307 1273 5369 eidem
1284 5306 1510 5383 multipliciter
1519 5306 1704 5380 adversari,
1712 5321 1778 5367 non

136 5417 246 5479 omnia
272 5428 470 5476 conservare
491 5414 646 5490 procuret
660 5425 796 5471 moneas
818 5409 930 5471 atten-
986 5403 1170 5476 attendens,
1189 5403 1274 5482 quod
1289 5407 1410 5481 praeter
1425 5402 1634 5468 infidelitatis
1655 5404 1777 5474 notam,

135 5515 213 5584 tius,
230 5515 262 5573 et
277 5512 425 5582 inducas,
442 5512 475 5572 et
497 5510 526 5570 si
547 5507 704 5585 expedire
716 5505 852 5577 videris,
873 5520 933 5583 per
986 5518 1084 5581 quam
1099 5502 1220 5563 exinde
1234 5499 1471 5562 inviolabiliter
1483 5501 1661 5572 contrahit,
1678 5515 1779 5578 mave

138 5625 310 5672 censuram
342 5607 602 5670 ecclesiasticam
629 5603 851 5681 appellatione
877 5618 934 5664 re-
987 5596 1779 5680 sthipotestperioutumimmineremaximecum
