3774 6186
122 302 180 369 ree
749 296 976 359 El‘lsTOLAE.
1002 297 1079 357 mn
1103 298 1140 357 4.
1226 252 1229 257 ’
1705 294 1764 354 444

369 516 371 521 .
469 485 567 574 VIII
968 457 1001 518 et
1016 456 1073 517 tibi
1090 456 1175 533 apud
1200 459 1301 518 Deum
1329 456 1450 518 exinde
1469 456 1597 517 crescat
1611 453 1763 517 cumulus

703 580 707 591 =
968 555 1173 626 meritorum,
1189 557 1222 615 et
1243 555 1329 630 apud
1356 554 1508 615 homines
1523 553 1630 614 laudis
1647 553 1762 616 titulus

199 627 250 686 Ad
264 624 303 685 R·
320 623 455 735 ‘mm'
469 623 639 733 Mamm
655 621 834 681 mmm
968 653 1141 729 angeatur,
1157 654 1191 714 et
1205 668 1265 713 nos
1281 655 1346 713 tuae
1360 650 1595 714 sollicitudinis
1615 651 1760 715 studium

304 723 487 783 mmmm
501 721 724 780 mmm·
968 748 1078 826 dignis
1099 749 1254 828 prosequi
1277 749 1455 810 debeamus
1481 748 1667 810 actionibus
1682 765 1762 825 gra-

399 833 540 905 3³1¹8¹1⁸¹·
549 831 627 888 ¹²²⁰·
967 848 1100 908 44444444.
1114 848 1288 926 Caeterum,
1301 863 1342 907 ne
1354 847 1430 924 quid
1442 848 1507 908 tuae
1520 847 1672 908 videatur
1686 863 1763 908 auc·

139 938 417 1007 [ammonendum.
434 937 887 1001 dominiitsnporaris,1.cenea]
966 945 1092 1006 toritati
1120 945 1236 1005 deesse
1262 944 1468 1027 spiritualem
1492 947 1524 1006 44
1547 945 1762 1021 temporalem

116 1049 150 1106 u.
173 1048 285 1105 Sanctae
300 1046 396 1106 444444
420 1047 449 1104 44
470 1043 621 1105 cosmedin
634 1043 756 1102 diacono
775 1044 911 1101 cardinali
965 1041 1025 1104 tibi
1036 1042 1247 1103 concedimus
1259 1043 1463 1118 potestatem,
1477 1043 1512 1103 ut
1522 1057 1761 1119 quamcumque

149 1137 180 1194 in
194 1134 396 1208 temporalibus
408 1142 436 1191 44
451 1132 644 1206 spiritualibus
656 1134 776 1191 rectoris
792 1131 913 1191 ducatus
966 1140 1163 1201 sententiam
1185 1141 1248 1201 rite
1268 1139 1385 1201 tuleris
1410 1139 1446 1200 jn
1471 1138 1624 1211 rebelles,
1654 1142 1780 1207 ratam.

150 1224 296 1298 Spoletani
310 1223 505 1281 0044444444ῑωῦ
966 1235 1125 1304 babentes
1138 1235 1298 1297 faciamus
1311 1237 1461 1299 eamdem
1476 1252 1580 1315 usqne
1596 1237 1638 1297 ad
1655 1238 1759 1301 satis·

155 1340 322 1402 Honorius
333 1339 645 1415 episcopusservus
656 1353 826 1399 servorum
838 1337 907 1407 Dei,
964 1333 1140 1395 factionem
1161 1334 1370 1410 condignam,
1384 1336 1520 1398 auctore
1534 1335 1685 1407 Domino,
1702 1335 1759 1395 in-

112 1437 235 1500 dilecto
255 1435 324 1497 tilio
346 1438 385 1498 n
409 1437 539 1497 Sanctae
554 1435 669 1495 Mariae
684 1435 718 1495 in
734 1435 908 1495 cosmedin
964 1431 1166 1495 violabiliter
1180 1431 1362 1493 observari.

112 1534 254 1596 diacono
272 1533 446 1605 cardinali,
470 1533 611 1594 salutem
636 1534 668 1594 44
691 1533 908 1610 apostolicam
1004 1530 1122 1598 Datum
1137 1529 1224 1605 apud
1246 1529 1366 1591 Urbem
1392 1531 1556 1596 Veterem,
1583 1531 1627 1590 444
1653 1544 1759 1590 nonas

111 1630 387 1694 benedictionem.
963 1626 1107 1702 augusti,
1125 1626 1335 1701 pontificatus
1350 1628 1456 1689 nostri
1474 1642 1562 1689 anno
1577 1627 1703 1705 quinto.

151 1729 222 1790 Etsi
246 1731 345 1806 juxta
370 1727 507 1790 verbum
540 1727 709 1805 prophetae
737 1726 909 1789 constituti

110 1842 212 1903 snper
225 1826 342 1902 gentes
363 1828 395 1888 et
412 1841 515 1900 regna
538 1825 770 1886 universorum
785 1824 908 1885 Christi
1331 1794 1388 1883 ῙΧ

110 1923 269 1995 fidelium,
293 1939 336 1984 ex
358 1923 509 2000 injuncto
523 1922 619 1983 nobis
636 1921 757 1993 4444444,
782 1922 909 1982 sollici·
1021 1930 1116 1990 44441.
1129 1929 1266 1990 Sancite
1280 1931 1457 1990 Praxean
1471 1932 1695 2002 cardinalem,

109 2020 260 2083 tudinem
278 2021 452 2083 teneamus
474 2035 591 2095 gerare
609 2019 810 2095 generalem,
827 2034 907 2094 ergo
1113 2028 1315 2099 ,apostocam
1329 2029 1427 2089 seara
1440 2029 1602 2104 papatum,

109 2117 171 2180 bos
195 2120 306 2180 tamen
333 2118 387 2195 qui
413 2117 504 2179 velut
530 2116 676 2193 speciale
698 2116 789 2178 beati
816 2117 907 2178 Petri
1245 2139 1473 2213 gaugufflm

110 2216 348 2293 patrimonium
360 2217 481 2276 44444444
493 2214 632 2276 subsunt
641 2213 861 2291 spiritualiter
874 2216 907 2276 44
1021 2245 1142 2308 mmm,
1152 2244 1198 2296 pb,
1211 2245 1242 2302 v,
1253 2245 1297 2296 fot.
1307 2246 1333 2296 g„
1345 2247 1401 2298 llas.
1416 2248 1452 2298 L,
1465 2246 1542 2298 Porta
1552 2246 1587 2298 d„
1597 2247 1693 2311 ML]

108 2314 338 2392 temporaliter
360 2313 491 2384 ditioni,
513 2313 702 2374 accuratius
727 2328 787 2373 nos

228 2411 235 2425 ,
363 2410 370 2422 ,
514 2410 521 2423 ,
789 2311 907 2420 ,doeet
960 2351 1799 2428 blandateiutdcecclesiisperGracostemporeschis··

109 2411 268 2473 ⁰⁰⁸t⁰d¹ae
282 2410 429 2473 ⁸t¹¹d¹¹¹m
444 2408 615 2480 adh¹h⁰¹'⁶’
632 2411 668 2471 ut
686 2424 725 2470 ⁰⁰
742 2410 775 2470 et
787 2425 821 2471 ¹¹¹
842 2409 905 2470 fide
995 2441 1079 2498 matis
1094 2443 1234 2513 exemptis
1248 2449 1361 2511 statuat,
1370 2450 1452 2515 prout
1462 2443 1602 2501 videbitur
1609 2443 1754 2516 expedire,

108 2509 246 2572 miles
271 2509 304 2570 θῑ
324 2509 358 2569 ΪΠ
383 2507 539 2584 Operibus
565 2507 752 2569 d0l0fi0¹¹i⁸
778 2507 905 2582 SeiPSOS
995 2537 1024 2586 44
1038 2528 1195 2586 monachas
1210 2531 1324 2588 Grecos
1339 2532 1464 2589 manuali
1478 2532 1667 2605 promissione
1681 2534 1753 2591 reci·

106 2607 269 2669 exhibere
297 2606 452 2681 satagant
475 2603 641 2675 efficaces,
670 2619 735 2681 quo
758 2605 927 2680 paterne
995 2616 1279 2691 protuleramus>
1305 2619 1341 2676 aa
1370 2619 1536 2678 4444444444
1555 2620 1701 2689 amara
1726 2629 1756 2679 a

105 2702 299 2765 dilectionis
314 2702 501 2778 promptum
512 2700 668 2763 affectum
692 2699 756 2761 sibi
777 2715 905 2776 coguo-
995 2705 1134 2776 absolvat,
1149 2721 1235 2779 quum
1248 2708 1374 2767 locorum
1387 2716 1416 2766 44
1427 2716 1588 2782 temporum
1609 2710 1752 2783 qualitati·

101 2801 220 2863 verint
242 2815 309 2861 non
324 2799 450 2860 deesse.
468 2799 553 2859 Hinc
572 2799 634 2868 est,
657 2797 743 2875 quod
767 2796 904 2858 dilectos
994 2794 1047 2853 bns
1060 2794 1258 2865 consideratis,
1272 2796 1532 2870 aliquidseveritati
1546 2796 1754 2857 detrahendum

98 2898 195 2960 fllios
211 2897 327 2959 iideles
340 2898 470 2959 nostros
485 2895 526 2957 de
540 2896 662 2956 ducatu
678 2895 802 2970 Spoleti
814 2894 905 2956 velut
994 2885 1040 2943 sit.

97 2996 135 3058 in
154 2995 357 3073 spostolicae
371 2993 465 3056 Sedis
479 2994 607 3069 granno
617 2992 819 3055 sinceritatis
826 2991 905 3054 bra·
998 2994 1178 3066 Honorius,
1195 2995 1269 3066 eta,
1286 2996 1316 3056 J.
1331 2994 1419 3057 tituli
1442 2995 1572 3057 Sanctae
1590 2997 1753 3058 Praxedis

97 3094 193 3157 abiis
219 3093 400 3154 tenerrime
413 3091 652 3168 amplexantes,
677 3091 710 3152 et
733 3090 904 3166 cupientes
958 3091 1151 3168 presbytero
1167 3091 1341 3164 cardinali,
1365 3092 1681 3168 apostolicaesedis
1703 3094 1754 3156 le-

97 3191 241 3254 sosdem
255 3191 323 3251 tam
334 3189 375 3250 ab
387 3192 577 3250 exterorum
586 3187 730 3249 hostium
741 3187 904 3248 molestiis
958 3189 1045 3265 gato.

97 3303 244 3350 servare
266 3302 415 3357 securos,
438 3302 538 3363 quam
564 3285 605 3346 ab
630 3301 732 3347 exosa
759 3285 847 3347 inter
868 3300 909 3346 se
998 3285 1082 3360 Quid
1096 3285 1199 3351 statui
1214 3285 1332 3351 debeat
1345 3301 1446 3362 super
1459 3286 1521 3348 hac
1534 3287 1621 3365 qood
1645 3289 1752 3365 patri-

97 3386 316 3447 dissensiane
338 3384 506 3446 custodire
524 3383 665 3461 quietos,
688 3384 732 3454 te,
748 3382 789 3444 de
808 3385 903 3458 cujus
957 3383 1059 3447 archa
1068 3384 1260 3446 etcancuici
1273 3383 1629 3459 constantinopolitani
1639 3400 1751 3463 quam·

97 3483 272 3545 industria
286 3498 378 3559 spem
397 3497 463 3542 non
483 3483 550 3542 tam
564 3481 767 3557 argumentis
782 3479 905 3557 proba·
958 3481 1071 3558 plures
1092 3481 1263 3554 ecclesias,
1292 3497 1374 3560 quas
1401 3481 1600 3558 patriarchae
1629 3484 1749 3553 Graeci,
1840 3558 1845 3570 ὓ

98 3581 230 3643 bilibus
262 3580 489 3656 praesagimus,
520 3594 617 3655 quam
646 3578 743 3639 iidem
769 3578 904 3654 experi-
957 3579 1357 3657 temporeschismatis,in
1370 3580 1706 3657 archiepiscoporum,
1719 3583 1753 3646 44

101 3679 227 3740 mentis
243 3676 452 3739 evidentibus
471 3675 669 3746 obtinemus,
686 3677 747 3747 eis,
764 3676 902 3753 provida
957 3677 1187 3753 episcoporum
1223 3677 1485 3741 dioecesanorum
1521 3679 1751 3756 praejudicium

102 3772 749 3851 441444444444444444444444444,444444444ιί4
761 3773 901 3834 4444444444
956 3773 1187 3835 indifferenter
1203 3775 1326 3838 statuto
1342 3774 1406 3836 sibi
1422 3790 1525 3836 censu
1537 3776 1571 3837 in
1587 3776 1749 3853 44444444-

103 3870 563 3948 nostrorum,praeflciendum
573 3870 903 3947 providimusinrec-
956 3887 1034 3941 uuo,
1048 3871 1248 3940 eximerent,
1264 3871 1416 3935 nituntur
1428 3871 1491 3933 sibi
1506 3875 1663 3951 4444444444
1680 3892 1752 3951 pro·

103 3973 222 4041 torem,
235 3986 294 4047 spe
309 3969 404 4031 nobis
419 3968 604 4029 indubitata
617 3967 798 4044 proposita,
814 3967 900 4044 quod
956 3967 1047 4044 prias
1075 3967 1264 4041 vindicare;
1299 3971 1356 4029 tua
1381 3982 1442 4030 uos
1456 3969 1565 4034 duxit
1592 3971 1750 4034 discretio

103 4068 161 4146 qui
176 4068 284 4128 amari
296 4068 349 4129 444
360 4066 503 4144 amplius
524 4081 623 4143 quam
638 4064 759 4135 timeri,
770 4064 819 4125 sic
834 4064 903 4126 eis-
956 4065 1189 4127 consulendos.
1207 4066 1255 4127 Ad
1273 4066 1359 4142 quod
1374 4066 1567 4129 discretioni
1586 4069 1652 4130 tuae
1666 4066 1748 4130 bre-

103 4161 179 4227 dem
194 4180 261 4227 uon
282 4167 350 4226 tam
371 4166 532 4241 potestate
547 4178 645 4239 quam
661 4162 799 4223 caritate
815 4177 904 4238 prae-
955 4162 1042 4224 viter
1050 4163 1288 4239 respondemus
1300 4164 1336 4223 ut
1346 4179 1447 4239 super
1457 4163 1519 4225 boo
1530 4167 1657 4227 statuas
1669 4167 1750 4243 quid

102 4263 254 4324 eminere
264 4260 515 4339 studebis,quod
525 4260 633 4336 stipsi
643 4261 782 4320 nontam
795 4274 900 4336 poenae
955 4258 1136 4322 secundum
1152 4261 1254 4321 Deum
1270 4262 1303 4322 44
1317 4260 1523 4325 honestatem
1541 4264 1748 4328 ecclesiasti-

104 4359 294 4430 icrmidine,
312 4375 409 4436 quam
429 4356 561 4419 virtutis
582 4372 695 4418 amore
710 4357 775 4418 tuis
799 4356 902 4417 bene-
956 4371 1028 4417 cam
1043 4356 1166 4419 videris
1188 4358 1355 4434 expedire.
1382 4361 1540 4437 supereo
1556 4377 1636 4424 vero
1662 4364 1749 4440 quod

104 4457 237 4535 placitis
262 4455 492 4533 obsequentes,
517 4471 537 4516 a
559 4454 670 4515 noxiis
689 4453 902 4514 retrahentur
956 4454 1110 4516 monachi
1126 4455 1232 4516 Graeci
1251 4456 1284 4518 et
1298 4456 1456 4528 eremitae,
1477 4461 1612 4536 propter
1626 4459 1747 4523 inobe-

104 4553 299 4617 excessibus
313 4554 347 4614 et
359 4553 401 4614 ad
415 4552 576 4614 4444444444
593 4551 788 4627 dirigentur.
803 4550 900 4611 44444-
955 4552 1114 4612 dientiam
1133 4552 1278 4614 tenentia
1307 4555 1536 4631 suspensionis
1558 4558 1591 4618 et
1613 4573 1750 4620 excom·

104 4668 167 4730 que
182 4650 416 4712 discretionem
429 4652 520 4711 tuam
536 4664 703 4724 rogamus,
727 4663 900 4709 monemus
955 4649 1191 4710 manicationis
1210 4649 1316 4725 ligati,
1346 4651 1463 4713 nolunt
1490 4652 1531 4714 ad
1558 4655 1747 4718 mandatum

104 4751 136 4811 et
162 4750 338 4812 hortamur
367 4749 492 4809 attente
525 4761 583 4823 per
617 4745 806 4822 Apostolica
840 4743 900 4806 tibi
958 4745 1112 4807 Ecclesiae
1128 4746 1194 4806 nisi
1209 4762 1268 4822 per
1293 4747 1480 4808 manualem
1495 4749 1748 4824 promissionem

104 4847 228 4924 scripta
252 4844 459 4913 mandantes,
483 4847 646 4922 qtratenus
669 4842 815 4904 oblatam
840 4841 901 4903 tibi
955 4843 1081 4916 redire;
1108 4842 1171 4904 4444
1196 4843 1257 4905 tibi
1285 4843 1441 4904 duximus
1469 4845 1746 4922 respondendum,

102 4945 155 5006 4444
166 4945 295 5005 illatam
307 4943 416 5020 potius
427 4942 565 5003 ducatus
578 4941 727 5017 praedicti
735 4940 900 5016 recipiens
955 4940 1041 5016 quod
1057 4940 1085 5000 si
1101 4941 1291 5003 nullatenus
1305 4943 1445 5020 possunt
1457 4941 1570 5004 induci
1584 4944 1626 5004 ad
1639 4960 1748 5022 praes-

103 5041 294 5110 rectoriam,
317 5041 407 5101 recta
434 5039 472 5100 in
494 5054 534 5099 eo
555 5052 672 5114 regere
690 5053 731 5098 ac
755 5037 900 5114 dirigere
954 5036 1090 5098 tandum
1095 5038 1193 5115 juxta
1203 5037 1341 5099 termam
1351 5039 1502 5101 ecclesiae
1508 5042 1746 5118 jurameutum,

104 5137 238 5200 studeas
255 5136 430 5208 indirecta,
444 5136 629 5212 corripiens
644 5134 821 5212 inquietos,
838 5151 903 5211 pu-
955 5135 1045 5210 ipsos
1060 5135 1123 5196 bac
1136 5135 1209 5197 vice
1230 5151 1305 5196 cum
1321 5138 1541 5212 promissione
1555 5140 1679 5216 poteris
1693 5156 1750 5202 44-

103 5234 292 5297 stllanimos
310 5233 503 5304 consoleris,
528 5235 718 5294 mansuetos
735 5233 898 5303 exaltans,
955 5232 1064 5308 cipere
1076 5232 1235 5304 manuali,
1249 5248 1325 5294 cum
1337 5233 1516 5302 interdum,
1528 5236 1748 5300 consideratis

103 5332 271 5410 deprimas
282 5331 480 5408 pertinaces,
492 5330 635 5391 diversis
643 5329 776 5392 diversa
786 5344 900 5407 repen·
954 5328 1102 5390 locorum
1115 5331 1750 5410 attemporumqualitatibns,severitati

102 5429 210 5494 dendo
224 5427 390 5504 stipendia
404 5428 608 5499 meritorum,
623 5427 700 5488 ntte
712 5428 853 5497 rectore,
866 5428 899 5488 te
954 5426 998 5487 sit
1007 5425 1131 5503 aliquid
1139 5425 1390 5490 detrabendum.
1403 5432 1520 5490 batum
1532 5431 1616 5506 apud
1626 5431 1747 5495 Urbem
1776 5406 1783 5421 ”

101 5527 197 5594 duce,
207 5528 297 5587 terra
308 5525 557 5603 illatranquilla
570 5524 745 5586 devotione
755 5524 896 5594 44444444,
954 5527 1118 5594 Veterem,
1133 5526 1162 5584 44
1176 5524 1249 5586 idus
1264 5527 1409 5602 augusti,
1421 5542 1509 5588 anno
1519 5529 1646 5604 quinto.

703 5816 713 5849 t
