3774 6186
658 298 1068 360 neminemnam.
1347 303 1355 316 ·
1385 278 1389 287 “
1499 368 1503 373 ,
1634 298 1693 358 ιιι

97 458 145 536 git
158 457 309 529 rationis,
328 458 363 519 ut
378 455 410 518 id
427 472 486 535 per
496 456 753 520 sollicitudinem
769 456 839 519 0ln·
891 438 1130 535 scripseramus
1157 458 1281 520 eisdem
1313 459 1348 522 in
1378 457 1574 521 canonicum
1604 449 1697 519 reci‘

104 556 210 618 nostri
230 556 271 617 ad
292 554 440 616 debitum
456 555 656 631 perducatur
670 556 834 617 ellectum.
892 556 1006 633 pereni
1022 557 1055 618 et
1068 556 1103 616 in
1122 554 1269 628 tratrem,
1285 556 1496 635 praebendale
1512 555 1576 616 sibi
1590 554 1695 616 bene·

102 656 252 732 propter,
276 653 385 714 dilecti
402 653 436 714 iu
462 654 601 714 Domino
623 652 696 725 nlii,
716 654 836 714 vestris
892 653 1002 713 ficium
1027 653 1240 729 assignando,
1264 655 1383 732 majori
1399 655 1492 731 parte
1512 653 1693 715 canonico-

97 753 137 813 tis
167 750 446 830 postulationibus
480 751 574 826 grato
601 752 835 812 concurrentes
891 766 965 811 rum
990 750 1203 827 Virgiacen.,
1231 751 1317 813 sicut
1347 767 1391 813 ex
1418 752 1539 813 litteris
1576 766 1691 811 eorum

98 866 191 920 ensu,
206 865 367 927 personas
387 851 516 910 vestras
533 849 700 920 stlocum,
717 848 751 908 in
772 863 836 925 quo
892 848 1090 925 accepimus,
1108 849 1143 910 in
1167 849 1509 926 recompensationem
1536 848 1627 909 illius
1651 846 1693 909 ob

98 949 153 1009 ino
168 948 249 1008 estis
261 946 418 1023 obsequio
435 946 624 1023 mancipati,
644 961 718 1006 cum
734 946 837 1006 omni·
891 946 1112 1008 reverentiam
1129 946 1224 1007 Sedis
1243 947 1443 1023 Apostolicae
1454 946 1693 1016 concordante,

97 1044 587 1121 roonisqrraeinpraesentiarum
596 1043 837 1105 rationabiliter
891 1043 1036 1105 decanus
1048 1059 1123 1105 cum
1134 1044 1235 1105 sociis
1250 1044 1319 1106 suis
1335 1060 1435 1121 super
1447 1046 1537 1106 certo
1554 1058 1692 1103 numero

97 1142 196 1215 sidet,
210 1143 268 1203 aut
283 1142 601 1220 inposterumjustis
618 1141 723 1202 modis
739 1143 835 1219 pote·
892 1140 1142 1217 praebendarum
1174 1140 1310 1218 objectis
1341 1141 1536 1219 quibusdam
1563 1140 1692 1202 frivolis

109 1239 258 1318 adipisci,
285 1238 344 1299 sub
364 1239 452 1301 beati
467 1240 557 1301 Petri
578 1242 611 1301 et
633 1242 745 1301 nostra
764 1255 837 1317 pro
892 1238 1152 1315 exceptionibus,
1178 1242 1293 1300 contra
1316 1256 1402 1310 eum,
1428 1254 1510 1315 quas
1527 1253 1593 1299 una
1616 1253 1691 1298 cum
1768 1232 1773 1237 ’

97 1339 183 1400 tione
203 1337 413 1414 suscipimus,
440 1337 636 1414 specialiter
653 1339 764 1399 autern
778 1337 837 1397 vil·
891 1336 1162 1413 responsionibus
1187 1336 1292 1414 partis
1312 1337 1451 1397 alterius
1467 1335 1567 1397 iidem
1583 1334 1694 1396 moui-

97 1434 175 1496 ade
198 1434 298 1511 Tepla
333 1450 405 1494 cum
433 1433 567 1504 telonio,
596 1435 629 1495 et
656 1433 769 1494 villam
796 1433 837 1494 de
892 1437 981 1494 tores
1001 1435 1114 1495 nostro
1129 1434 1329 1511 apostolatui
1344 1434 1612 1503 transmiserunt,
1629 1447 1692 1492 no-

97 1532 274 1595 ichtenstall
292 1547 366 1592 cnm
380 1531 451 1593 iero
471 1533 503 1592 et
518 1531 622 1608 sylva,
637 1531 671 1593 et
684 1530 837 1592 omnibus
893 1531 953 1592 luit
977 1532 1177 1593 consentire.
1193 1533 1244 1592 Ne
1268 1532 1372 1607 igitur
1385 1530 1522 1592 verbum
1547 1529 1632 1607 quod
1649 1528 1689 1589 do
1803 1579 1809 1595 ,

97 1630 249 1692 tinentiis
277 1629 480 1700 earumdem,
504 1629 537 1690 et
560 1628 600 1688 de
628 1629 772 1698 Sandan,
797 1628 836 1688 de
891 1644 950 1689 oro
968 1629 1082 1691 nostro
1097 1630 1257 1706 procedit,
1278 1629 1319 1690 ad
1342 1645 1403 1690 nos
1420 1644 1558 1690 vacuum
1572 1642 1690 1689 rever-

97 1729 165 1806 ipse,
193 1727 234 1788 de
258 1727 352 1791 Plan.
369 1727 409 1787 de
431 1726 589 1796 Scbiban,
604 1726 644 1786 de
659 1725 834 1797 Bernadid,
891 1727 981 1787 tatur
1001 1742 1075 1787 cum
1091 1726 1211 1801 sagitta
1224 1726 1376 1788 Jonatnae
1397 1728 1579 1787 retrorsum
1595 1722 1688 1785 abire

103 1825 315 1895 Schirnewid,
342 1825 382 1885 de
406 1824 509 1900 elepi,
535 1824 575 1885 de
595 1824 769 1895 Ovenschi‚
796 1824 837 1885 de
892 1839 958 1883 non
973 1823 1101 1896 debeat,
1125 1824 1181 1885 sed
1198 1824 1298 1900 dirigi
1322 1824 1431 1901 potius
1452 1823 1489 1884 in
1511 1822 1686 1893 directum,

97 1923 203 1996 morio,
222 1925 297 1994 etc,
312 1921 509 1990 deRoclrau,
526 1921 711 1983 villascum
728 1922 837 1982 omni·
892 1921 1085 1983 discretioni
1112 1922 1233 1984 vestrae
1263 1937 1322 1998 per
1349 1920 1538 1999 Apostolica
1564 1920 1688 1997 scripta

97 2037 108 2081 s
133 2020 341 2098 pertinentiis
373 2020 455 2080 suis.
479 2019 604 2081 Curtirn
627 2019 728 2081 etiam
750 2020 836 2082 Nori
892 2019 1096 2091 mandamus,
1124 2021 1287 2096 quatenus
1314 2035 1388 2081 cum
1411 2021 1517 2096 major
1541 2033 1629 2094 pars,
1653 2018 1690 2079 ut

97 2119 162 2181 >ntis
189 2134 290 2194 super
310 2117 438 2178 Albiam
460 2134 534 2178 cum
557 2116 708 2178 omuibus
733 2117 837 2195 perti·
891 2118 1098 2189 dictumest,
1122 2121 1192 2194 jam
1217 2118 1424 2179 consenserit
1450 2118 1485 2179 in
1516 2116 1684 2188 eumdem,

97 2216 161 2277 otiis
176 2216 257 2286 suia,
276 2217 308 2276 et
323 2216 442 2276 caetera
458 2213 555 2285 bone,
573 2230 646 2291 quae
661 2213 756 2275 bonae
772 2230 836 2276 me·
890 2215 955 2275 nisi
977 2215 1085 2276 dictus
1100 2215 1245 2275 decanus
1265 2216 1298 2275 et
1312 2215 1365 2274 sui
1380 2229 1453 2275 cum
1470 2215 1537 2276 sint
1551 2228 1689 2275 numero

97 2313 154 2375 ›riae
172 2314 336 2375 Uroznata
347 2328 457 2374 comes
468 2311 634 2372 Bobemiae
643 2311 835 2374 monasterii
892 2312 1066 2390 pauciores
1096 2311 1187 2373 aliud
1220 2311 1420 2373 rationabile
1449 2311 1632 2389 objecerint
1656 2313 1690 2373 et

97 2412 141 2472 atri
158 2411 322 2481 fundator,
340 2411 393 2487 pia
409 2409 503 2471 robis
519 2408 718 2470 liberalitate
730 2409 837 2471 dona·
891 2409 1072 2487 probarint,
1084 2412 1218 2486 propter
1231 2408 1318 2486 quod
1334 2409 1407 2471 deri
1422 2425 1489 2470 non
1504 2407 1622 2470 debeat
1631 2409 1686 2471 vel

97 2508 286 2578 ,libertates
305 2524 436 2585 quoqne
451 2509 483 2568 et
502 2507 727 2568 immunitates
741 2507 835 2569 vobis
892 2523 957 2569 non
981 2508 1101 2586 possit,
1128 2506 1285 2584 praelatus
1310 2507 1552 2578 subdiaconus,
1587 2507 1641 2567 cui
1666 2521 1687 2568 a

97 2606 244 2667 arissimo
263 2607 296 2666 in
309 2605 440 2666 Christo
462 2604 530 2665 illio
552 2606 665 2666 nostro
678 2607 835 2682 ottogaro
890 2605 1085 2683 quibusdam
1100 2605 1258 2667 tratribus
1273 2605 1395 2667 uostris
1413 2603 1581 2665 laudabile
1593 2604 1690 2667 testi-

97 2704 306 2776 raBolremiae
332 2703 454 2764 illustri
479 2717 665 2773 concessas,
691 2703 777 2765 sicut
800 2703 834 2763 in
889 2703 1035 2764 monium
1056 2703 1258 2780 perhibetur,
1274 2704 1309 2764 in
1336 2703 1525 2779 Virgiacen.
1546 2701 1688 2762 ecclesia

97 2815 116 2859 is
134 2802 324 2864 authentico
345 2801 475 2878 plenius
497 2801 696 2873 continetur,
712 2816 752 2862 ac
767 2800 833 2862 alia
889 2801 924 2861 io
935 2801 1130 2862 canonicum
1144 2803 1176 2862 et
1187 2801 1322 2862 tratrem
1335 2800 1464 2863 admitti
1477 2801 1510 2862 et
1521 2799 1688 2876 assignari

97 2901 254 2971 ravestra,
269 2899 355 2960 sicut
369 2915 408 2960 ea
422 2900 532 2960 omnia
541 2902 631 2975 juste
644 2914 684 2959 ac
696 2899 834 2976 pacifice
890 2897 953 2959 sibi
964 2897 1173 2975 praebendale
1188 2897 1384 2960 beneficium
1395 2897 1537 2959 iacietis.
1555 2899 1690 2960 Contra-

97 2996 833 3074 sidetis,vobisetperrosmonasteriorestro
889 2995 1031 3056 dictores
1055 3011 1313 3071 percensuram
1337 2994 1597 3056 ecclesiasticam
1623 3009 1688 3071 ap-

97 3094 236 3156 rtoritate
251 3094 440 3173 Apostolica
455 3095 687 3156 confirmamus
700 3096 734 3157 et
746 3110 835 3172 praa·
890 3092 1067 3168 pellatione
1082 3088 1262 3169 postposita
1283 3093 1531 3169 compescendo.
1552 3091 1642 3164 Quod
1658 3091 1688 3151 si

97 3190 143 3252 tis
153 3193 267 3270 scripti
281 3193 465 3269 patrocinio
476 3192 727 3254 communimus.
742 3191 833 3252 Nulli
889 3206 953 3250 non
964 3192 1160 3259 omnesetc.
1174 3193 1292 3251 Datum
1301 3189 1456 3251 Laterani
1471 3191 1547 3250 Vlll
1557 3189 1632 3250 idus
1644 3187 1689 3248 le·

97 3302 120 3349 o
135 3291 301 3351 bominum
317 3290 416 3352 liceat
433 3290 519 3352 banc
535 3291 689 3368 paginam
711 3291 833 3351 nostrae
889 3287 1017 3349 bruarii
1032 3302 1119 3348 anno
1137 3287 1247 3349 tertio.

97 3389 251 3449 iectionis
284 3390 317 3449 et
346 3388 606 3449 confirmationis
636 3387 831 3463 intringere,
1226 3429 1347 3516 CXIX

108 3485 139 3545 ei
156 3501 241 3546 ausu
255 3485 433 3548 temerario
447 3486 623 3547 contraire.
639 3486 674 3546 Si
689 3486 764 3563 quis
777 3502 835 3546 au-

97 3581 182 3644 ,hoc
196 3585 360 3646 attentare
383 3584 651 3661 praesumpserit,
675 3584 833 3659 indigna,
888 3556 1684 3631 dameyseriamlateraazaeascmepiscopam.

97 3693 162 3742 aem
185 3681 418 3758 omnipotentis
433 3681 493 3742 Dei
512 3682 545 3743 et
558 3680 729 3743 beatorum
743 3681 833 3743 Petri
1173 3669 1206 3726 ¹²
1225 3666 1296 3726 sebr.
1318 3669 1396 3726 ¹2¹9·

97 3776 180 3839 .³auli
197 3780 421 3856 apostolorum
436 3783 507 3854 ejus
520 3794 555 3840 se
573 3779 703 3840 noverit
717 3781 834 3840 incur·
967 3774 1074 3839 [salter.
1086 3775 1240 3835 nomadum,
1250 3774 1291 3825 01³·
1303 3776 1378 3826 rear.
1389 3775 1431 3832 111,
1444 3773 1499 3832 3⁴⁸»
1515 3789 1540 3824 ¹¹·
1556 3773 1609 3838 31-]

97 3888 163 3936 um.
196 3878 313 3938 Datum
343 3877 498 3937 Laterani
530 3877 628 3937 nonis
655 3875 832 3947 februarii,
890 3872 1310 3939 Eicondrmatconcessiones,
1326 3871 1687 3944 redditusjmaetomnia

97 3973 249 4036 cuneatus
266 3974 372 4036 n0stpi
384 3989 472 4036 anno
485 3973 594 4036 tertio,
924 3977 988 4034 qus
1003 3963 1227 4018 interamnensis
1241 3961 1431 4018 communitas
1449 3961 1626 4033 episcopatui
1639 3974 1686 4018 as·
1706 4016 1712 4029 ,

924 4049 1049 4122 signavit
1063 4050 1092 4106 io
1107 4049 1212 4106 dotem.

354 4116 520 4203 CXVIII
929 4158 1108 4229 Honorius,
1121 4157 1307 4234 episcopus,
1322 4158 1396 4228 etc,
1413 4173 1488 4220 ven.
1504 4157 1600 4219 fratri
1616 4172 1690 4218 uos-

98 4242 304 4314 episcopam,
317 4243 498 4301 diaconum
511 4241 543 4301 et
556 4241 836 4301 “VChtdl'thOtitlm
889 4258 941 4318 tro
959 4255 1127 4333 Raynerio
1141 4256 1384 4317 interamnensi
1406 4255 1574 4332 episcopo,
1595 4255 1689 4317 salu-

340 4341 530 4400 cabilonen.
890 4358 959 4416 tem
975 4356 1009 4416 et
1020 4353 1236 4431 apostolicam
1251 4352 1525 4416 benedictionem.

337 4450 354 4507 6
370 4449 441 4506 teor.
456 4449 534 4506 litt.
929 4450 1404 4528 Justispetentiumdesideriis
1415 4451 1550 4528 dignum
1564 4453 1614 4514 est
1626 4467 1688 4515 nos

97 4552 205 4618 nasi..
219 4557 265 4605 no.
279 4557 322 4615 ιιι,
334 4556 546 4620 uparanete
560 4557 783 4623 refrenarunt]
891 4549 1021 4610 facilem
1035 4548 1184 4625 praebere
1198 4564 1408 4621 consensum,
1424 4549 1457 4610 et
1475 4551 1563 4619 vota,
1579 4565 1654 4627 quae
1668 4565 1688 4610 a

99 4651 291 4711 ibeneticium
307 4652 488 4727 praebendale
502 4653 678 4711 subdiacono
689 4653 795 4712 iaciant
890 4646 1031 4709 rationis
1050 4647 1184 4709 tramite
1212 4661 1278 4707 non
1305 4646 1506 4716 discordant,
1534 4645 1687 4708 effectum

359 4743 511 4815 assignari.
890 4746 1130 4820 consequenter
1144 4743 1321 4819 complere.
1342 4745 1388 4804 Ea
1404 4744 1548 4819 propter,
1564 4757 1639 4803 ren.
1653 4743 1688 4803 in

97 4837 252 4910 lanarius,
276 4843 351 4912 etc,
377 4841 559 4901 venerabili
585 4841 717 4902 tratri...
744 4842 836 4918 epis·
890 4841 1020 4904 Christo
1039 4841 1143 4903 trater
1163 4843 1328 4919 episcope,
1348 4840 1526 4917 tuisjustis
1541 4841 1690 4917 postula·

97 4954 131 5008 o,
147 4941 179 4999 et
193 4939 323 5000 dilectis
345 4938 447 4999 iliis...
468 4938 609 5010 decano,
626 4940 659 5000 et
674 4942 706 4999 S.
722 4940 836 5001 archi·
890 4940 1035 5001 tionibus
1049 4939 1145 5015 grato
1160 4941 1395 5000 concurrentes
1417 4936 1538 4999 affectu
1551 4952 1690 5000 conces·

97 5052 176 5097 cono
189 5037 380 5098 cabilonen.
889 5037 1012 5110 siones,
1025 5037 1184 5108 redditus,
1198 5040 1288 5113 jura,
1306 5037 1338 5097 et
1353 5037 1475 5108 omnia,
1491 5052 1565 5113 quae
1580 5038 1691 5098 Inter·

97 5134 195 5196 tilacti
219 5134 279 5194 dlii
303 5134 473 5197 lohannes
491 5133 613 5195 Edueu.
632 5135 665 5197 ot
676 5135 836 5212 magister
889 5136 1058 5197 amnensis
1079 5134 1298 5207 communitas
1311 5135 1515 5211 episcopatui
1536 5135 1690 5210 assigua-

97 5232 199 5293 rtinus
239 5232 454 5293 Silviniacen.
495 5231 724 5294 archidiaconi
765 5234 834 5296 suis
888 5233 982 5294 vitiu
994 5232 1690 5309 dotem,sicuteaomuiajustepossides,et

97 5328 264 5392 rislitteris
280 5330 486 5400 intimarunt,
505 5330 589 5406 quod
606 5347 717 5391 cum...
735 5331 835 5393 deca·
888 5330 1011 5407 quiete,
1024 5331 1057 5390 et
1071 5329 1289 5391 instrumento
1306 5330 1382 5391 inde
1394 5328 1544 5391 conlecto
1557 5328 1688 5405 plenius

97 5438 120 5485 u
132 5428 351 5505 etcapitulum
361 5427 551 5503 virgiacen.
568 5427 693 5489 Eduen.
710 5428 835 5490 dioece·
888 5427 1088 5498 continetur,
1096 5426 1168 5498 tibi,
1186 5442 1225 5487 ac
1239 5426 1487 5489 successoribus
1500 5425 1689 5487 tuisaucto-

106 5526 294 5587 anctoritate
309 5527 422 5586 nostra
440 5525 630 5586 monuerint
644 5525 830 5602 diligenter,
888 5525 987 5587 ritate
997 5524 1187 5602 Apostolica
1205 5524 1451 5592 confirmamus,
1463 5525 1497 5584 et
1511 5524 1687 5599 presentis

97 5618 241 5685 dilectum
263 5623 367 5684 tilium
390 5623 625 5684 subdiaconum
638 5624 734 5700 juxta
746 5625 830 5703 qnod
887 5624 1002 5701 scripti
1017 5622 1203 5700 patrocinio
1216 5621 1456 5683 communimus
1474 5642 1481 5679 ε
1503 5619 1545 5681 ad
1559 5621 1608 5681 rei
1621 5637 1686 5682 an-
