3774 6186
113 306 173 366 ιιι
735 280 980 363 'nausicaa
1007 301 1082 359 mn.
1107 302 1161 360 ιιι.
1715 299 1769 358 ιιι
1878 376 1886 387 ,

115 464 346 543 apostolicam
372 463 490 526 Sedem
520 461 706 541 frustatorii
733 475 917 542 provocans
938 428 948 451 ’
972 459 1132 521 diaconus
1156 458 1255 519 babet
1278 458 1436 519 miserans
1458 457 1681 519 uerrerabilem
1698 458 1771 518 ira·
1837 494 1843 531 ι

114 563 159 624 ad
177 561 358 625 Jordanem
376 560 520 638 priorem
538 561 570 621 S.
588 558 756 621 Benedicti
771 558 811 619 de
827 557 916 619 Pado
973 558 1054 617 trem
1072 558 1258 618 nostrum...
1284 556 1523 631 Rotbomagen.
1541 555 1770 631 archiepisco-

113 660 268 737 Apostol.
280 659 520 735 litterassnper
532 656 747 735 ipsonagotio
759 656 916 732 impetra·
971 670 1047 730 pum
1059 670 1160 730 super
1175 653 1350 730 praebenda
1373 653 1649 729 Rotbomagensis
1664 653 1773 714 eccle-

114 757 178 829 vit,
193 756 251 834 qni
266 772 363 818 exeo
383 754 468 832 quod
487 755 722 832 procuratores
744 751 916 814 memorati
972 752 1030 812 siae
1046 751 1139 812 vobis
1154 752 1347 811 duxerimus
1363 751 1629 813 committendam
1641 751 1771 826 petente

113 855 317 931 tempestate
342 853 444 914 maris
466 853 552 929 quod
574 851 718 914 transire
742 846 914 917 debebant,
971 849 1085 911 eodem
1101 849 1252 918 diacono,
1265 850 1300 910 ut
1314 849 1558 923 cognosceretis
1572 848 1612 908 de
1628 848 1773 925 appella·

114 955 153 1015 et
178 951 359 1029 asperitate
384 951 544 1026 temporis
570 948 740 1026 impediti,
764 948 805 1009 ad
829 947 915 1007 diem
970 947 1071 1019 boue,
1093 963 1191 1024 quam
1217 963 1261 1007 ex
1284 945 1442 1022 legitimis
1458 947 1567 1007 causis
1586 947 1621 1007 in
1649 946 1770 1007 litteris

115 1049 296 1127 praetlxum
330 1050 402 1124 ejus
430 1064 467 1108 se
493 1048 697 1125 praesentare
725 1045 916 1122 conspectui
972 1047 1093 1106 nostrae
1104 1044 1348 1105 commissionis
1363 1044 1531 1119 expressis
1546 1043 1625 1104 iecit
1636 1044 1676 1104 ab
1690 1060 1772 1105 exa-

116 1144 373 1222 nequievemmt,
390 1143 562 1221 praelatam
584 1143 768 1205 infirmavit
781 1143 917 1203 senten·
972 1142 1062 1202 mina
1099 1142 1249 1218 jndicum
1286 1141 1464 1203 Lexovien.
1500 1139 1618 1217 quibus
1655 1141 1770 1201 eadem

117 1243 201 1305 tiam
208 1243 297 1320 juris
309 1242 427 1304 ordine
437 1241 672 1319 praebermisso,
686 1232 819 1318 propter
831 1238 915 1316 qnod
971 1256 1072 1301 causa
1088 1239 1196 1300 fuerat
1212 1239 1252 1300 ab
1267 1238 1454 1315 apostolica
1478 1238 1562 1298 Sede
1582 1238 1768 1310 commissa,

115 1340 353 1418 procuratores
375 1338 439 1416 ipsi
465 1341 617 1400 nostram
629 1336 833 1398 audientiam
852 1352 916 1413 ap·
971 1353 1011 1398 ac
1025 1338 1220 1398 revocantes
1235 1337 1269 1397 in
1285 1336 1416 1396 irritum
1433 1335 1590 1412 quidquid
1604 1335 1771 1411 ioretpost

115 1435 634 1520 pellentes,snperbocadbonae
645 1435 916 1511 memquondam
972 1433 1772 1511 appellationemipsamtemereattentatumpro·

117 1533 398 1597 concordiensem
413 1534 555 1595 electum
570 1534 702 1595 nostras
720 1533 847 1593 litteras
862 1548 918 1592 re·
971 1531 1133 1595 cederetis
1148 1532 1183 1592 in
1198 1547 1300 1592 causa
1311 1531 1408 1608 juxta
1425 1531 1610 1591 litterarum
1621 1531 1768 1591 tenorem

116 1632 307 1709 portarunt,
323 1630 379 1709 qui
394 1631 526 1692 demum
541 1629 819 1700 attestationibus,
834 1629 919 1689 alle-
971 1630 1011 1689 ad
1028 1630 1184 1707 praelatos
1195 1629 1326 1705 judices
1340 1628 1552 1688 directarum.
1570 1631 1770 1690 Procurator

115 1728 311 1805 {rationibus
338 1728 371 1789 et
399 1727 585 1789 rationibus
614 1727 785 1803 utriusque
813 1727 917 1802 partis
972 1727 1078 1803 ipsius
1089 1726 1333 1803 archiepiscopi
1349 1724 1615 1803 objecitpraeiato
1630 1726 1769 1787 diacono

116 1826 251 1903 plenius
271 1824 459 1897 intellectis,
476 1825 633 1900 quoniam
644 1823 768 1885 dictum
782 1824 915 1900 episco-
972 1824 1057 1900 quod
1072 1823 1379 1885 excommunicatus
1392 1824 1465 1884 erat
1482 1838 1500 1882 a
1517 1821 1686 1899 judicibus
1707 1840 1769 1883 su·
1879 1812 1883 1818 ’

116 1939 197 2001 pum
211 1923 360 1999 legitime
381 1923 572 1985 accusatum
599 1921 828 1992 simoniacum,
845 1937 918 1997 per·
972 1921 1147 1997 pradictis;
1177 1936 1279 1998 quare
1302 1920 1432 1980 dicebat
1458 1920 1542 1997 quod
1570 1920 1770 1997 respondere

111 2023 241 2096 jurum,
259 2022 292 2081 et
312 2016 567 2096 dilapidatorem
587 2019 725 2089 invenit,
742 2020 775 2080 et
793 2018 855 2078 sibi
875 2018 916 2078 de
971 2035 1037 2078 non
1053 2018 1228 2079 tenebatur
1240 2018 1358 2079 eidem.
1374 2020 1440 2078 Vos
1456 2033 1534 2078 vero
1555 2034 1654 2093 snper
1674 2017 1772 2080 biset

118 2117 357 2193 impedimento
365 2115 916 2193 procuratorumsuorumsuperius
971 2117 1048 2176 aliis
1063 2116 1140 2176 binc
1155 2116 1233 2176 inde
1247 2115 1423 2191 propositis
1445 2115 1485 2176 de
1509 2130 1673 2177 consensu
1692 2132 1772 2191 par-

117 2216 281 2276 annotato
306 2213 454 2275 constitit
474 2212 661 2283 evidenter,
686 2211 721 2273 in
742 2212 915 2289 pristinam
970 2214 1053 2275 tium
1078 2212 1180 2289 recipi
1197 2214 1297 2274 testes
1324 2213 1428 2289 partis
1446 2212 1618 2288 utriusque
1635 2211 1771 2280 fecistis,

116 2311 349 2388 suspensionis
376 2310 574 2372 sententiam
601 2309 715 2370 reduci
743 2309 915 2382 eumdem,
971 2312 1003 2372 et
1018 2310 1193 2387 publicatis
1209 2327 1322 2372 eorum
1338 2310 1604 2371 attestationibus
1620 2311 1770 2372 etratio-

115 2408 327 2471 venerabiles
342 2407 442 2469 iidem
452 2408 689 2485 procuratores
699 2406 793 2467 nobis
806 2407 917 2467 lrumi-
972 2408 1069 2469 nibus
1085 2409 1226 2486 partium
1239 2407 1415 2483 diligenter
1428 2407 1561 2479 auditis,
1572 2407 1612 2468 de
1624 2409 1770 2483 pruden-

116 2510 171 2568 ter
194 2505 438 2583 supplicarunt,
461 2505 497 2565 ut
521 2520 595 2566 cum
611 2504 718 2565 dictus
742 2505 916 2583 episcopus
970 2509 1039 2568 tum
1052 2507 1200 2567 virorum
1221 2505 1360 2566 consilio
1383 2505 1532 2582 partibus
1552 2506 1769 2582 praesentibus

118 2603 350 2681 suspensionis
367 2602 410 2665 sit
424 2600 624 2664 sententiam
644 2601 832 2672 innodatus,
856 2617 916 2679 pro
971 2603 1160 2666 interlocuti
1191 2603 1321 2674 inistis,
1350 2601 1434 2679 quod
1467 2602 1573 2664 dictus
1607 2604 1769 2665 Martinus

117 2717 157 2763 eo
174 2701 262 2778 quod
279 2716 379 2777 super
396 2698 535 2777 objectis
550 2697 614 2760 sibl
636 2698 830 2760 criminibus
845 2699 918 2760 cul·
971 2701 1276 2763 excommunicatus
1293 2717 1358 2761 non
1374 2702 1457 2772 erat,
1473 2716 1534 2762 nec
1557 2700 1598 2761 ad
1614 2701 1769 2779 prelatos

117 2798 240 2877 pabilis
267 2801 318 2860 est
335 2797 511 2870 inventus,
540 2798 689 2858 eamdem
719 2797 915 2858 sententiam
966 2798 1097 2875 judices
1132 2798 1370 2870 remittendus,
1407 2815 1482 2859 cnm
1516 2798 1769 2875 appellationem

116 2896 321 2958 confirmare
349 2897 487 2972 paterna
514 2894 737 2957 sollicitudine
759 2892 917 2969 dignare·
971 2912 1065 2956 suam
1090 2895 1272 2972 legitimam
1287 2895 1508 2972 probavisset;
1525 2911 1623 2972 aqua
1638 2896 1771 2959 interio-

117 3010 205 3055 mur.
221 2994 305 3065 Quia
320 3008 398 3055 vero
423 3006 527 3069 super
547 2991 730 3069 praemissis
750 2990 913 3065 omnibus,
971 2995 1099 3055 cutoria
1115 2995 1311 3071 procurator
1331 2994 1435 3070 ipsius
1449 2994 1688 3071 archiepiscopi
1710 3012 1771 3072 ap-
1802 3018 1805 3025 ·

117 3092 267 3170 episcopi
307 3090 400 3167 parte
429 3089 578 3161 absente,
613 3088 708 3150 nobis
744 3086 817 3150 fleri
850 3105 916 3151 non
971 3090 1116 3168 pellavit.
1131 3095 1234 3152 Porro
1248 3090 1568 3167 vosappellationem
1581 3092 1769 3170 hujusmodi

116 3189 226 3266 potuit
261 3188 360 3265 plena
398 3186 493 3259 tides,
522 3185 722 3248 fraternitati
757 3188 823 3249 tuae
859 3202 917 3264 per
971 3189 1011 3248 de
1026 3189 1223 3265 prudentum
1235 3188 1531 3250 virorumconsilio
1547 3187 1699 3249 frivolam
1714 3206 1771 3251 re-

116 3285 309 3363 apostolica
326 3284 449 3362 scripta
465 3282 913 3362 praecipientesmandamus,
971 3284 1135 3362 putantes,
1166 3286 1291 3347 certum
1317 3284 1402 3345 diem
1429 3283 1493 3361 ipsi
1518 3285 1768 3365 archiepiscopo

116 3386 282 3461 quatenus
298 3382 495 3444 sententiam
517 3381 635 3458 ipsam,
653 3381 739 3442 sicut
761 3381 914 3443 rationa-
970 3383 1177 3459 assignastis,
1201 3384 1424 3459 exprimentes
1439 3383 1524 3460 quod
1541 3383 1612 3444 sive
1628 3383 1766 3456 reniret,

116 3478 231 3542 biliter
243 3472 576 3556 estprolataiaciens
592 3479 789 3540 auctoritate
802 3478 915 3541 nostra
971 3482 1041 3543 sive
1057 3497 1133 3554 non,
1157 3496 1216 3542 vos
1237 3480 1454 3541 nibilominus
1469 3481 1692 3558 procederetis
1715 3499 1769 3555 se-

116 3594 224 3655 usque
238 3577 279 3639 ad
294 3574 555 3639 satisfactionem
568 3575 778 3652 condignam,
796 3578 914 3654 appel·
970 3578 1114 3640 cundum
1128 3581 1277 3640 tenorem
1299 3578 1483 3640 litterarum
1504 3578 1705 3641 directarum
1727 3581 1768 3642 ad

116 3675 244 3738 latione
279 3677 420 3744 remota,
454 3672 694 3737 inviolabiliter
727 3662 913 3748 observari,
967 3677 1095 3753 judices
1111 3677 1330 3753 supradictae,
1347 3678 1445 3753 prout
1459 3677 1551 3737 vobis
1567 3678 1600 3738 in
1612 3679 1782 3745 commis.

117 3789 222 3849 super
236 3772 414 3850 principali
428 3768 702 3848 negotioaudias,
714 3786 787 3849 quae
801 3788 916 3849 propo·
970 3774 1074 3836 sionis
1089 3776 1212 3836 nostrae
1237 3774 1357 3835 litteris
1378 3774 1605 3837 mandabatur.
1623 3778 1769 3855 Cumque

117 3870 183 3931 sita
200 3870 323 3932 luerint
335 3868 413 3930 binc
426 3869 513 3941 inde,
525 3871 558 3930 et
567 3883 701 3930 causam
712 3868 916 3931 sufficienter
970 3872 1102 3933 interim
1120 3870 1298 3947 diligenter
1316 3871 1546 3948 inspexissetis
1561 3875 1635 3934 acta
1657 3888 1769 3936 coram

117 3968 315 4030 instructam
330 3966 373 4028 ad
395 3966 545 4028 nostrum
566 3964 742 4028 tribunalis
762 3983 913 4040 examen,
965 3960 1135 4046 ¹judicibus
1152 3970 1306 4046 Bajocen.
1333 3969 1389 4046 qui
1414 3984 1514 4045 super
1536 3969 1597 4030 boc
1619 3973 1768 4032 auctori-

116 4065 294 4144 praetigens
310 4064 459 4143 partibus
473 4064 649 4125 terminum
663 4065 912 4142 competentem,
968 4067 1036 4128 tate
1048 4064 1235 4143 apostolica
1252 4066 1448 4127 sententiam
1466 4067 1726 4142 promulgarant,
1737 4069 1769 4130 et

117 4179 184 4241 quo
197 4179 234 4224 se
249 4164 362 4225 nostro
379 4161 569 4239 conspectui
583 4164 832 4238 repraesentent,
846 4165 915 4240 jus·
969 4179 989 4224 a
1008 4163 1214 4241 jurisperitis
1233 4161 1327 4224 vobis
1341 4163 1526 4223 consultum
1542 4163 1660 4227 fuisset
1672 4181 1768 4227 eam·

117 4264 200 4333 tam,
211 4263 346 4322 auctore
361 4259 512 4332 Domino,
522 4260 718 4321 sententiam
736 4260 912 4337 recepturi.
969 4262 1042 4324 dem
1058 4277 1132 4323 esse
1147 4260 1344 4322 sententiam
1360 4260 1631 4335 confirmandam,
1644 4279 1768 4341 procu-

116 4360 237 4420 Datum
248 4357 403 4418 Laterani
415 4358 460 4418 ΙΙΙ
473 4356 540 4417 kal.
558 4357 667 4420 martii
681 4357 796 4434 pontii.
810 4359 913 4419 nostri
970 4361 1178 4436 ratoresjam
1202 4357 1282 4421 dicti
1306 4359 1548 4438 archiepiscopi
1569 4362 1691 4424 statuto
1716 4363 1769 4425 die

118 4452 331 4516 annotertio.
452 4486 459 4497 =
969 4459 1004 4519 in
1028 4460 1137 4520 vestra
1153 4458 1320 4535 presentia
1343 4460 1582 4535 comparentes,
1606 4460 1769 4537 quoddam

433 4586 606 4672 CXXXV
971 4556 1117 4616 nostrum
1131 4552 1223 4615 vobis
1237 4553 1460 4616 exbibuerunt
1480 4556 1638 4633 scriptum
1655 4557 1694 4617 ad
1706 4561 1767 4635 ju-

614 4720 621 4735 ·
650 4722 656 4734 ,
970 4651 1060 4713 dices
1074 4650 1247 4713 Ebroicen.
1264 4667 1364 4727 super
1378 4651 1493 4712 eadem
1518 4654 1700 4728 quaestione
1713 4655 1769 4715 di-

231 4722 283 4781 Ad
306 4719 501 4790 ‘mmm’
522 4722 802 4781 amlimmw'mm
970 4751 1110 4821 rectum,
1146 4750 1179 4809 et
1207 4749 1355 4824 ipsorum
1381 4749 1530 4825 judicum
1554 4749 1682 4811 litteras
1711 4768 1770 4829 per

165 4818 200 4880 0²
214 4818 458 4880 &mellarium
476 4820 626 4878 ⁰⁶⁰l⁶⁸ioe
647 4818 871 4878 Parmam·
971 4862 1052 4925 quas
1066 4845 1158 4906 vobis
1183 4845 1353 4907 inhibetur
1375 4845 1416 4905 ab
1443 4846 1536 4921 ipsis,
1565 4862 1607 4908 ne
1630 4848 1769 4911 ulterius

419 4930 454 4988 28
468 4927 523 4987 seb·
537 4930 615 4987 1²¹9·
971 4943 1192 5021 procederetis
1208 4943 1242 5002 in
1258 4942 1391 5018 negotio
1404 4944 1596 5006 memorato.
1607 4934 1770 5009 Licet'au-

143 5038 272 5103 sangae,
284 5034 329 5087 lib.
346 5036 388 5094 ln,
400 5037 474 5100 epist.
485 5034 540 5086 ³²8·
551 5034 737 5086 ussnaaorn
749 5028 783 5086 s'u
795 5036 887 5098 Thail-l
970 5045 1035 5104 tem
1050 5038 1168 5102 litterae
1184 5042 1306 5101 nostrae
1333 5039 1374 5100 ad
1396 5056 1454 5102 vos
1478 5042 1612 5104 directae
1632 5044 1673 5105 de
1690 5061 1772 5107 con-

113 5142 157 5197 [ιε
171 5136 288 5209 negotio
303 5149 389 5207 super
404 5128 553 5206 piabenda
571 5126 643 5189 inter
658 5132 809 5190 Martinum
824 5132 917 5191 diaco
971 5154 1070 5199 sensu
1086 5136 1227 5215 partium
1243 5137 1428 5214 impetratae
1444 5138 1595 5214 fuissent,
1612 5156 1770 5219 expresso

187 5232 295 5282 numel
310 5219 840 5297 ⁸l⁰¹¹tt³li⁸00l¹¹¹1¹¹³0¹b⁰¹11⁸80⁰⁸0m·
972 5235 1008 5296 ut
1030 5234 1254 5312 procederetis
1278 5234 1312 5295 in
1335 5251 1447 5308 causa,
1475 5254 1540 5298 mm
1565 5237 1770 5302 obstantibus

155 5329 336 5400 Honorius,
357 5328 432 5401 etc,
458 5327 588 5389 dilectis
610 5326 688 5388 aliis
712 5328 750 5390 R.
776 5330 914 5401 cantori,
972 5331 1101 5402 litteris,
1122 5330 1152 5391 si
1178 5347 1251 5409 quae
1267 5330 1409 5393 obtentae
1430 5349 1449 5394 a
1471 5334 1555 5395 Sede
1581 5337 1770 5412 Apostolica

112 5434 151 5493 li.
163 5427 412 5499 archidiacono,
427 5426 459 5488 et
469 5426 529 5486 Ph.
542 5424 915 5488 cancellarioParisien.
971 5431 1092 5506 practer
1117 5438 1289 5489 assensum
1316 5431 1458 5507 partium
1484 5436 1694 5508 apparerent,
1712 5451 1771 5497 vos

156 5528 292 5591 litterae
316 5526 435 5584 vestrae
460 5522 555 5584 nobis
581 5520 739 5584 exhibitae
766 5523 918 5586 contine·
971 5528 1093 5594 tamen,
1108 5526 1149 5587 ad
1163 5526 1356 5588 instantiam
1376 5528 1491 5604 ipsius,
1507 5543 1697 5604 processum
1711 5551 1772 5595 ne-

112 5628 208 5689 bant.
232 5620 319 5701 quod
345 5637 443 5698 quum
471 5636 604 5682 cansam
635 5612 732 5697 qnam
756 5621 917 5681 Martinus
972 5625 1052 5703 getii
1076 5622 1170 5686 robis
1199 5625 1341 5686 duxistis
1368 5640 1426 5701 per
1450 5624 1569 5687 seriem
1592 5642 1667 5691 ‘esse
1687 5632 1770 5696 inti-
