3774 6186
117 273 176 335 ovs
736 279 912 341 nosoan
935 281 980 341 111
1001 264 1150 344 orsas.
1510 258 1528 271 ”
1696 241 1767 347 sas

118 432 228 495 omnia
243 432 401 511 praedicta
415 436 448 498 et
462 435 698 514 subsequentia
711 438 745 500 ei
755 437 910 502 observa·
1291 462 1443 559 CCXVI

117 529 224 591 bimus
239 531 367 595 illibata
379 533 465 596 bona
479 533 555 606 dds,
570 537 603 596 et
615 535 910 598 warantizabimus

116 630 150 688 et
163 628 374 692 defendemus
387 633 502 693 contra
516 648 647 694 omnem
664 633 831 695 hominem
850 650 910 696 seu
965 603 1332 678 111111111110011011
1371 608 1565 680 1111001011
1604 605 1763 679 abbam·

116 724 274 788 feminam
283 729 352 790 toto
365 729 514 806 tempore
524 730 601 792 vitae
616 732 750 804 nostrae,
762 734 795 793 et
808 733 844 792 in
855 746 911 809 pa·
998 701 1139 771 11110113
1152 698 1187 760 11
1200 702 1285 763 111103
1297 703 1714 776 9001111111111111111101·

115 822 211 886 ciflca
234 826 446 903 possessione
470 827 704 905 praedictorum
726 845 800 890 eam
823 845 908 891 con·
1223 813 1257 870 19
1271 812 1396 885 1111111111
1412 813 1491 872 1111·

116 922 323 984 servabimus
338 940 397 1013 pro
413 939 513 1002 posse
534 927 648 989 nostro
669 925 755 988 bona
780 927 854 989 fide.
870 928 910 989 st
1098 916 1236 978 1111111111»
1249 919 1312 970 1111·
1330 920 1385 970 111-
1399 920 1503 983 nasac,
1514 932 1541 984 11·
1555 919 1625 985 m]

115 1020 157 1081 ad
172 1024 333 1100 majorem
348 1021 510 1099 hujusrei
532 1024 745 1085 securitatem
758 1025 798 1086 ad
814 1040 910 1086 man·
962 1024 1047 1083 Vetat
1079 1023 1187 1081 ordinis
1225 1024 1392 1084 lheutonici
1430 1025 1562 1085 homines
1596 1028 1764 1100 pecuniarii

115 1117 228 1181 datum
257 1121 408 1180 nostrum
429 1121 629 1196 juraverunt
653 1121 906 1200 archiepiscopi,
999 1126 1083 1184 1111111
1107 1113 1762 1190 1111111111111111111111111111111111111·

115 1216 273 1293 episcopi,
280 1215 423 1279 barones
435 1216 533 1279 etalii
541 1216 665 1290 clerici,
676 1221 709 1280 et
721 1219 809 1290 laici,
822 1220 908 1296 quod
999 1201 1092 1258 1101111
1112 1200 1253 1259 indebitas
1267 1202 1387 1276 imponi.

116 1329 176 1391 pro
191 1328 287 1391 posse
308 1329 369 1376 suo
384 1314 490 1375 modis
505 1316 657 1377 omnibus
673 1315 807 1389 facient,
830 1332 910 1394 pro-
1002 1309 1761 1389 11011011111Ρ11101111,11111111110111111)11,

116 1411 290 1483 curabunt,
305 1413 338 1473 et
352 1411 475 1474 dabunt
488 1427 623 1489 operam
632 1412 812 1486 efficacem,
822 1414 908 1491 quod
962 1406 1210 1469 venerabilibus
1245 1408 1403 1471 fratribus
1435 1410 1701 1488 archiepiscopis
1730 1415 1763 1473 et

115 1509 226 1571 omnia
240 1509 326 1571 sicut
340 1510 463 1586 scripta
478 1512 556 1571 sunt
569 1511 718 1588 plenarie
729 1511 910 1573 observon-
963 1503 1128 1581 episcopis
1146 1506 1179 1567 et
1192 1505 1323 1567 dilectis
1339 1506 1418 1568 illlis
1433 1504 1622 1580 abbatibus,
1637 1508 1762 1585 priori·

113 1607 170 1668 tur
184 1607 217 1667 et
234 1606 437 1668 nullomodo
457 1610 572 1668 contra
586 1608 651 1680 flet,
668 1608 756 1670 etde
777 1609 839 1670 boc
853 1607 908 1670 fa·
963 1589 1034 1674 11111,
1051 1602 1198 1675 1111111111,
1216 1603 1763 1683 11111111101111,11111110ῦὶ111·

114 1703 243 1775 ciendo,
259 1706 293 1765 et
302 1705 530 1766 conservando
543 1705 683 1782 quilibet
694 1721 810 1767 eorum
820 1704 910 1767 dedit
963 1700 1223 1778 cbipresbyteris
1237 1703 1270 1763 et
1279 1702 1356 1762 aliis
1367 1703 1585 1764 ecclesiarum
1600 1704 1759 1780 praelatis,

113 1799 244 1862 litteras
259 1817 337 1862 suas
355 1803 505 1878 patentes
531 1802 637 1864 eidem
662 1803 798 1878 regines,
823 1803 856 1864 et
880 1803 909 1864 sl
963 1797 1005 1858 ad
1018 1813 1100 1874 quos
1114 1799 1318 1861 litteraeistee
1331 1801 1554 1876 pervenerint,
1571 1800 1715 1863 salutem
1730 1802 1763 1864 et

115 1896 219 1973 aliqui
232 1895 272 1957 de
285 1895 452 1972 praedictis
468 1897 592 1974 juratis
604 1897 818 1968 decesserint,
833 1912 911 1958 suc-
963 1895 1179 1972 apostolicam
1202 1894 1476 1960 benedictionem.

115 2008 264 2055 cessores
287 2009 402 2055 eorum
421 1993 494 2057 loco
521 2009 636 2055 eorum
660 1992 820 2057 faciemus
847 1995 910 2056 hoc
1004 1993 1144 2065 Querela
1165 1993 1361 2056 dilectorum
1376 1994 1521 2057 liliorum
1547 1994 1689 2058 fratrum
1705 1996 1762 2057 do-

113 2090 341 2166 idemjurare,
363 2091 397 2152 et
415 2092 511 2160 alios,
528 2107 611 2168 quos
636 2091 771 2153 domina
793 2092 909 2168 regina
964 2106 1038 2151 mus
1053 2091 1235 2167 Hospitalis
1250 2093 1381 2155 Sanctae
1402 2094 1517 2156 Mariae
1537 2094 1761 2156 Tbeutonica·

115 2203 225 2250 causae
246 2204 315 2249 suae
339 2188 460 2250 viderit
483 2189 703 2262 necessarios,
731 2190 764 2252 et
789 2189 910 2251 litteris
964 2202 1037 2248 rum
1065 2189 1357 2266 Hierosolymitani
1398 2192 1440 2252 ad
1466 2207 1527 2252 nos
1565 2192 1759 2253 transmissa

114 2285 304 2347 eorumdem
326 2285 513 2362 patentibus
524 2286 731 2347 confirmare.
755 2286 909 2348 volentes
964 2286 1126 2362 pervenit,
1152 2288 1238 2364 quod
1264 2287 1415 2350 homines
1444 2288 1656 2361 eorumdem,
1680 2302 1756 2367 quos

114 2385 217 2462 igitur
230 2385 511 2462 dominaereginae
526 2385 910 2463 superpraedictisplene
964 2382 1127 2445 adulterio
1152 2384 1205 2446 vel
1238 2385 1305 2446 alio
1340 2387 1480 2449 crimine
1512 2387 1757 2465 deprehenditis

113 2498 244 2556 cavere,
261 2483 486 2560 supplicamus
500 2483 633 2545 domino
654 2499 748 2561 papae
766 2482 909 2544 fideliter
964 2481 1123 2551 irretitos,
1135 2483 1250 2543 contra
1265 2482 1470 2546 libertatesa
1488 2485 1624 2560 regibus
1641 2487 1675 2547 et
1688 2485 1756 2546 aliis

115 2581 201 2659 quod
210 2581 322 2642 omnia
332 2581 396 2643 ista
409 2581 582 2642 confirmet
595 2582 628 2642 et
639 2582 784 2657 apponat
795 2594 909 2641 omues
965 2578 1170 2656 principibus
1190 2580 1272 2657 ipsis
1287 2580 1434 2643 indultas
1455 2583 1651 2659 pecuniaria
1667 2597 1754 2661 poena

116 2678 332 2750 securitates,
355 2693 437 2755 quas
459 2677 581 2739 viderit
600 2677 769 2754 expedire,
793 2678 826 2740 et
849 2691 910 2739 nos
966 2677 1099 2753 punitis,
1114 2676 1324 2754 presbyteros
1335 2679 1436 2741 etiam
1449 2680 1670 2741 ecclesiarum
1685 2696 1750 2741 sua-

46 2762 52 2771 ’
117 2790 176 2837 eas
191 2775 503 2838 ratashabebimus.
527 2778 643 2836 Actum
659 2775 807 2857 London,
822 2790 910 2836 anno
964 2790 1038 2834 rum
1051 2775 1083 2836 et
1103 2790 1218 2836 omnes
1232 2775 1329 2844 alias,
1344 2792 1427 2854 quas
1441 2779 1567 2851 tenent,
1579 2790 1648 2839 non
1663 2778 1750 2839 dubi-

117 2872 297 2936 Dominicae
309 2873 551 2935 lncarnationis
562 2874 716 2944 MGGXX,
729 2888 841 2933 mense
853 2875 912 2949 ju·
964 2871 1043 2932 tatis
1056 2873 1092 2932 ut
1101 2871 1223 2933 dicitur
1234 2872 1391 2935 indebitis
1402 2875 1634 2936 exactionibus
1644 2891 1749 2951 aggra-

117 2970 166 3044 lii,
184 2987 271 3032 auno
285 2970 380 3046 regni
393 2970 498 3032 nostri
514 2970 642 3047 quarto.
965 2984 1055 3029 vare.
1088 2968 1171 3040 Quia
1199 2969 1302 3044 igitur
1321 2984 1502 3047 gravamen
1529 2972 1750 3048 praedictorum

156 3067 250 3130 Nulli
274 3083 353 3144 ergo
377 3067 511 3129 omnino
526 3067 697 3128 hominum
712 3067 811 3129 liceat
825 3066 912 3130 hanc
966 3065 1105 3127 fratrum
1119 3066 1330 3128 dissimulare
1351 3083 1418 3129 non
1435 3084 1613 3146 possumus
1626 3085 1686 3131 nec
1699 3070 1747 3129 de-

117 3165 274 3244 paginam
299 3166 421 3227 nostrae
436 3165 698 3227 confirmationis
716 3164 910 3241 infringere,
965 3163 1093 3233 bemus,
1106 3180 1187 3241 quos
1199 3166 1334 3241 propter
1348 3181 1511 3243 pauperes
1527 3167 1662 3239 Christi,
1677 3182 1746 3244 quo·

117 3265 170 3326 vel
185 3264 216 3326 ei
227 3279 312 3326 ausu
324 3263 503 3325 temerario
519 3263 697 3325 contraire,
713 3263 748 3324 si
761 3263 836 3340 quis
850 3279 914 3324 au·
966 3277 1040 3322 rum
1052 3263 1130 3323 sunt
1144 3261 1311 3339 obsequiis
1326 3264 1521 3340 mancipati,
1538 3264 1574 3326 in
1587 3265 1656 3325 suis
1671 3264 1745 3326 volu·

1 3421 5 3430 ,
116 3360 195 3434 tem,
225 3361 288 3423 etc.
316 3361 434 3422 Datum
462 3360 630 3432 Laterani,
655 3361 730 3420 xlv
751 3359 913 3421 kalendas
967 3375 1039 3419 mus
1050 3359 1191 3435 justitiis
1205 3359 1393 3434 confovere,
1414 3362 1630 3424 universitati
1643 3364 1744 3423 vestra

117 3455 289 3528 februarii,
302 3455 514 3532 pontificatus
529 3454 636 3515 nostri
651 3470 740 3515 anno
750 3455 876 3532 quinto.
968 3457 1164 3519 auctoritate
1174 3459 1364 3534 Apostolica
1380 3458 1581 3532 lubibemus,
1599 3462 1743 3537 quatenus

158 3559 202 3616 ln
239 3555 396 3615 eumdem
423 3555 563 3613 modum
596 3552 765 3626 scriptam
793 3552 844 3613 est
872 3552 913 3614 ad
968 3553 1119 3616 homines
1133 3555 1281 3632 ipsorum
1304 3557 1419 3618 contra
1442 3557 1631 3619 libertatem
1643 3559 1687 3618 eis
1704 3555 1743 3615 in·

120 3650 324 3728 Stephanum
343 3651 467 3711 sanctae
489 3651 647 3711 Romanae
663 3648 819 3712 Ecclesiae
834 3665 913 3712 car·
969 3652 1093 3713 dultam
1115 3668 1212 3730 poena
1228 3655 1421 3731 pecuniaria
1437 3670 1503 3718 non
1519 3656 1684 3718 mulctatis
1695 3663 1740 3714 nec

119 3748 277 3820 dinalem,
307 3746 595 3823 archiepiscopum
629 3746 912 3820 cantuariensem,
969 3750 1120 3811 ecclesiis
1135 3766 1249 3813 eorum
1266 3754 1326 3812 aut
1343 3752 1547 3829 presbyteris
1570 3753 1739 3815 exactiones

120 3849 152 3909 et
166 3846 357 3925 episcopum
373 3844 670 3917 saresberiensem,
683 3860 790 3920 usque
804 3864 816 3907 .·
833 3861 915 3922 quas
969 3847 1133 3909 indebitas
1146 3849 1333 3926 imponatis,
1347 3850 1404 3911 sed
1414 3849 1456 3911 ab
1468 3865 1585 3912 eorum
1601 3847 1738 3912 molestiis

119 3945 309 4008 videremur
332 3941 567 4004 securitatibus
592 3942 760 4019 expedire.
786 3946 915 4004 Deinde
969 3944 1167 4007 desistentes
1189 3947 1305 4007 contra
1331 3946 1474 4023 injurias
1495 3947 1737 4023 malignantium

116 4042 344 4118 prosequetur
358 4058 369 4100 :
384 4057 402 4100 «
415 4041 484 4101 Nos
500 4042 569 4102 tam
588 4027 694 4117 ipsius
713 4041 802 4116 regis
817 4056 915 4117 quam
969 4043 1115 4104 vestrum
1136 4043 1259 4105 curetis
1285 4043 1507 4120 patrocinium
1528 4044 1694 4114 exhibere,
1706 4043 1738 4102 ita

121 4139 269 4217 ejusdem
286 4138 411 4214 reginae
432 4137 587 4214 precibus
608 4141 805 4210 annuentes,
820 4153 914 4199 com·
970 4139 1055 4215 quod
1070 4139 1204 4216 querela
1219 4156 1320 4216 super
1332 4140 1395 4203 boc
1409 4143 1451 4203 ad
1464 4142 1668 4204 audientiam
1679 4153 1738 4202 nos·

122 4237 322 4316 positionem
348 4235 454 4311 ipsam
490 4235 627 4311 provide
653 4233 785 4307 factam,
811 4235 845 4297 et
873 4235 915 4296 ab
971 4238 1054 4298 tram
1084 4236 1203 4299 iterata
1224 4237 1341 4300 venire
1361 4253 1428 4300 non
1449 4238 1584 4312 debeat,
1615 4254 1674 4301 nec
1697 4245 1738 4297 tot

122 4336 262 4410 utraque
283 4335 376 4409 parte
401 4333 517 4408 sponte
532 4335 697 4408 receptam
718 4333 915 4395 auctoritate
970 4332 1104 4409 possitis
1125 4332 1166 4394 de
1191 4333 1335 4396 avaritia
1359 4333 1479 4396 merito
1502 4334 1556 4396 vel
1577 4331 1738 4407 contemptu

121 4430 312 4507 apostolica
327 4428 607 4501 confirmavimus,
620 4429 708 4490 sicut
718 4430 753 4490 in
768 4431 916 4507 ejusdem
971 4428 1066 4491 Sedis
1084 4431 1283 4507 apostolicae
1297 4431 1508 4509 reprehendi.
1524 4433 1643 4494 Datum
1664 4430 1739 4492 nate·

122 4527 212 4604 regis
225 4526 416 4588 authentico
431 4526 630 4587 continetur.
649 4528 699 4587 Ne
708 4527 812 4603 igitur
825 4542 917 4589 com·
969 4528 1056 4599 rani,
1072 4529 1147 4588 xlv
1159 4528 1226 4589 kal.
1241 4528 1413 4602 februarii,
1433 4528 1647 4608 pontificatus
1657 4520 1738 4591 nosti

123 4625 320 4704 positionem
349 4622 498 4686 eamdem
524 4623 713 4700 Apostolico
734 4624 917 4687 munimine
971 4638 1058 4684 anno
1074 4623 1199 4701 quinto.

124 4723 514 4799 roboratamcm'usquam
522 4721 691 4782 temeritas
699 4721 825 4783 violare
835 4738 918 4801 prae·

124 4824 245 4893 sumat,
274 4819 476 4882 fraternitati
500 4819 620 4881 vestrae
643 4835 703 4897 per
727 4820 917 4897 apostolica
1284 4760 1455 4854 CCXVII

125 4918 249 4995 scripta
276 4916 500 4994 praecipiendo
521 4916 726 4988 mandamus,
755 4919 917 4995 quatenus
1264 4898 1477 4962 1111111111·

125 5015 233 5094 ipsam
260 5013 421 5076 facientes
442 5005 640 5077 auctoritate
661 5016 775 5077 nostra
790 5014 917 5078 suffulti
1236 5013 1407 5087 tojanuarii
1423 5013 1502 5072 ital.

126 5112 265 5174 firmiter
288 5110 470 5183 observari,
486 5112 639 5190 quotiens
660 5111 791 5174 fueritis
805 5114 919 5191 requi·
1078 5116 1081 5123 '
1204 5120 1340 5185 [semmua
1350 5121 1368 5172 ι.
1381 5134 1414 5178 c..
1426 5135 1452 5186 p.
1464 5117 1534 5186 aba]

125 5211 194 5281 siti,
210 5222 279 5280 eos,
301 5208 358 5286 qui
380 5209 626 5271 contravenire
647 5211 920 5288 presumpserint
972 5217 1056 5277 lubet
1069 5218 1193 5276 vicerim
1206 5218 1243 5276 ad
1256 5220 1405 5278 servitium
1421 5220 1451 5277 ln
1469 5218 1580 5279 ordinis
1599 5213 1745 5278 succussi

126 5307 309 5371 monitione
323 5306 506 5385 praemisse,
531 5323 592 5385 per
614 5322 789 5369 censuram
806 5308 918 5372 eccle·
1008 5306 1138 5365 ecclesiis
1150 5307 1293 5382 obligatos
1306 5309 1336 5366 lu
1350 5309 1472 5383 propriis
1492 5309 1625 5382 personis
1637 5307 1665 5367 id
1677 5318 1746 5381 pras·

127 5405 307 5477 siasticam,
322 5403 451 5467 sublato
462 5403 919 5481 cinjuslibetcontradictionis
1007 5403 1078 5454 tare.

126 5506 159 5566 et
197 5501 430 5581 appellationls
464 5499 656 5575 obstaculo,
690 5504 917 5582 compescatis.
1013 5505 1180 5569 Honorius
1188 5507 1373 5584 episcopus,
1382 5520 1678 5569 servusservorum
1689 5502 1746 5569 bei.

127 5600 262 5672 Quodsi
282 5614 348 5661 non
365 5598 474 5670 ambo,
488 5599 564 5673 etc,
580 5597 666 5663 alter
679 5602 837 5673 vestrum,
854 5603 916 5664 etc.
972 5602 1219 5664 venerabilibus
1253 5603 1412 5666 fratribus
1443 5601 1699 5682 archiepiscopis
1727 5600 1752 5658 et
