3774 6186
53 343 119 404 233

56 501 176 579 scripti
196 501 380 580 patrocinio
395 501 653 575 communimus;
672 501 854 565 districtius

55 600 259 673 inhibentes,
276 615 319 661 ne
338 600 412 677 quis
437 600 570 663 interim
590 602 669 678 jura
693 602 749 662 tua
772 599 855 662 suh·

55 698 205 769 trahere,
232 700 290 760 aut
322 697 491 769 invadere,
520 696 572 759 nel
610 697 855 774 quomodolibet

55 795 182 857 audeat
192 797 317 856 temere
332 793 536 871 perturbare.
554 793 646 855 Nulli
670 810 749 870 ergo
768 795 855 856 hanc

55 893 227 970 paginam,
243 892 318 967 etc.;
333 892 362 951 si
378 891 453 969 quis
465 893 588 962 autem,
602 893 664 953 etc.

99 991 220 1050 Datum
246 992 376 1058 Romae,
404 987 491 1064 apud
522 989 677 1050 Sanctum
707 989 852 1060 Petrum,

55 1088 120 1147 XV
134 1085 404 1164 kalendasJunii,
421 1085 631 1163 pontificatus
650 1086 756 1149 nostri
767 1101 854 1147 anno

56 1184 169 1246 tertio.

361 1299 555 1388 CCXXIII

56 1435 111 1494 Ad
125 1435 336 1496 Riclrardum
350 1433 561 1510 erupistrum
575 1434 856 1495 archidiaconum

331 1533 584 1592 bercloensem.

354 1643 388 1700 19
403 1643 471 1699 maii
485 1642 563 1700 1²19.

89 1745 214 1812 [begeat.
229 1747 275 1797 111.
285 1749 329 1806 Ill,
339 1748 414 1811 epist.
425 1747 714 1799 melamborium
725 1746 819 1811 Theti]

60 1845 196 1902 Delendis
208 1853 274 1903 sunt
288 1845 508 1905 consuetudines
523 1861 586 1918 qum
598 1846 687 1904 sacris
695 1851 857 1918 repugnant

374 1935 542 1993 canonibus.

98 2042 280 2113 Honorius,
297 2043 373 2114 etc,
389 2042 511 2103 dilecto
533 2041 603 2103 tilio
618 2041 777 2116 magistro
792 2040 855 2101 Ri-

59 2139 187 2200 chardo
203 2139 440 2200 archidiacono
456 2139 628 2201 Ebroicen.

99 2237 187 2308 Quia
197 2252 294 2298 error
303 2237 357 2297 cui
371 2252 437 2297 non
452 2237 630 2307 resistitur,
642 2234 854 2312 approbatur,

58 2350 211 2396 erroneae
226 2335 484 2396 consuetudines
496 2350 570 2411 quae
594 2333 699 2394 sacris
721 2332 857 2394 obviant

60 2432 237 2496 institutis,
252 2433 331 2492 sunt
345 2433 462 2492 merito
477 2430 660 2505 abolendae,
681 2447 755 2491 cum
777 2430 856 2490 ino-

59 2528 128 2591 litae
143 2529 279 2606 pariant
291 2529 523 2606 corruptelam.
545 2528 734 2606 hxposuisti
752 2527 859 2603 siqui-

59 2627 134 2687 dem
150 2626 259 2697 nobis,
276 2626 362 2702 quod
377 2626 466 2688 inter
485 2626 571 2687 alias
594 2625 750 2686 abusivas
772 2639 855 2686 con-

59 2724 268 2795 suetudines,
283 2739 357 2801 quae
375 2723 411 2785 in
435 2724 673 2784 archiaconatu
696 2723 753 2783 tuo
777 2721 856 2783 ino-

59 2821 186 2883 levisse
205 2821 371 2892 dicuntur,
387 2820 508 2881 nobilis
534 2821 587 2880 vir
607 2819 793 2882 Richardus
817 2818 857 2879 de

60 2920 245 2980 iiarescurt
262 2917 471 2978 iibroicensis
483 2917 636 2978 dioecesis
644 2915 856 2992 jurisdictio-

61 3030 138 3077 nem
152 3017 244 3078 tuam
258 3016 294 3076 in
309 3017 400 3076 terra
415 3030 474 3075 sua
490 3013 624 3075 nonnisi
639 3029 705 3074 uno
720 3013 774 3074 die
787 3014 858 3074 tan·

61 3116 133 3174 turn
146 3113 182 3173 in
197 3128 285 3174 anno
297 3112 464 3188 tapatitur
476 3126 644 3182 exercere,
672 3109 798 3181 volens,
821 3111 858 3171 ut

61 3209 180 3272 eodem
193 3211 247 3270 die
262 3225 377 3270 omnes
391 3210 489 3270 terrae
510 3208 627 3268 audias
646 3209 680 3269 et
699 3207 857 3269 termines

61 3307 278 3383 guaslinum,
299 3306 479 3368 asserendo
505 3305 588 3382 quod
614 3305 662 3365 sic
688 3321 731 3365 ex
759 3305 858 3378 longo

61 3403 169 3466 abusu
185 3404 347 3466 hactenus
362 3406 413 3465 est
426 3402 646 3465 observatum.
662 3403 741 3463 Cum
757 3402 859 3478 igitur

61 3501 269 3563 consuetudo
281 3500 470 3578 huJ'usmodi
485 3500 608 3562 rationi
622 3502 656 3561 et
669 3499 736 3574 legi
750 3498 859 3561 obviet

61 3595 858 3673 manifeste‚auotoritatetibipraesentiumindul·

59 3712 192 3771 gemus,
208 3699 371 3772 quatenus
384 3710 434 3766 ea,
451 3695 506 3756 vel
520 3694 596 3755 aliis
607 3693 859 3755 consuetudini-

62 3792 174 3863 nibus,
187 3809 261 3870 quae
276 3793 381 3855 sacris
398 3792 584 3869 repugnant
596 3789 779 3851 canonibus
798 3806 859 3851 ne-

61 3904 230 3966 quaquam
254 3886 476 3958 obstantibus,
504 3886 667 3958 cilicium,
692 3888 726 3948 et
752 3887 860 3962 juris·

58 3986 243 4048 dictionem
265 3986 555 4047 archidiaconatus
575 3984 634 4052 tui,
652 3983 738 4044 sicut
761 3982 802 4043 ad
826 3983 858 4045 te

60 4083 245 4146 secundum
273 4098 438 4145 canonum
468 4081 623 4143 instituta
652 4080 860 4157 dignoscitur

60 4181 242 4258 pertinere,
270 4178 375 4241 libere
399 4178 529 4239 sublato
555 4178 684 4239 frivolae
708 4177 859 4254 appella·

59 4278 165 4340 tionis
175 4276 357 4348 obstaculo,
372 4275 578 4353 exsequaris.
589 4275 681 4335 Nulli
693 4290 784 4350 erge,
794 4276 857 4336 etc.

60 4377 98 4437 Si
108 4376 186 4452 quis
197 4376 388 4446 autemetc.
401 4377 519 4436 Datum
533 4376 645 4435 Romae
657 4373 743 4450 apud
755 4375 860 4434 Sanc-

59 4475 134 4536 tum
146 4474 282 4535 Petrum
292 4474 368 4533 xiv
380 4470 541 4533 kalendas
550 4471 638 4548 Junii
648 4485 737 4532 anno
747 4469 857 4531 tertio.

104 4787 160 4848 Aa
180 4784 415 4848 Christianum
434 4785 593 4845 Prussloe
611 4784 816 4857 episcopum.

352 4904 389 4963 tc
411 4905 480 4962 maii
495 4905 574 4963 1119.

176 5009 271 5076 [voigi.
284 5009 346 5064 cod.
360 5010 422 5075 dipl.
437 5008 554 5066 Proseis,
572 5009 591 5068 l,
609 5008 648 5066 11,
661 5021 688 5058 n.
701 5007 752 5072 lt]

56 5111 94 5171 iti
109 5107 286 5183 induigetad
301 5105 459 5166 sedandum
473 5105 668 5164 atroxbellum
680 5113 711 5163 ut
723 5104 859 5176 deimpe·

94 5197 227 5256 ‹timemo
244 5195 504 5270 consanguinitatis
522 5194 671 5267 dispenset
679 5193 755 5265 quod
765 5192 862 5251 existit

96 5286 135 5345 ad
169 5286 382 5343 matrimonium
407 5282 635 5343 contrahendum
668 5284 743 5339 iuter
772 5281 860 5339 tilium

94 5375 177 5450 regis
203 5377 399 5433 bonorumet
422 5372 510 5430 tiliam
538 5370 714 5429 marchionis
734 5367 858 5428 Brunde-

96 5463 261 5537 burgensis.

102 5569 273 5636 Honorius
288 5568 462 5645 episcopus
473 5583 592 5631 servus
601 5581 773 5629 seruorum
788 5565 859 5635 Dei,

678 343 907 405 EpisTOLAEs
932 345 1008 405 LIB.
1034 346 1089 405 111.

1648 343 1707 403 23i

909 501 1094 563 venerabili
1112 502 1208 563 fratri
1223 503 1412 564 Christiano
1427 500 1584 580 episcopo
1599 504 1705 563 Prus-

909 601 968 661 siae
984 601 1123 662 salutem
1146 600 1179 662 et
1193 600 1407 676 apostolicam
1428 600 1704 661 benedictionem.

948 697 1072 757 Ascitis
1086 696 1163 757 aliis
1179 697 1212 757 in
1226 699 1352 773 partem
1368 696 1601 758 sollicitudinis
1614 713 1708 757 sum-

910 810 982 854 mus
1000 793 1155 855 Pontifex
1179 796 1368 870 assumptus
1392 795 1498 855 estin
1520 793 1705 869 plenitudi-

910 905 984 950 nem
1008 890 1192 966 potestatis,
1219 890 1274 967 qui
1295 906 1369 951 cum
1385 890 1573 951 moderator
1587 890 1631 951 sit
1644 906 1706 950 ca·

909 1003 1044 1058 nonum,
1055 987 1126 1063 juri
1137 1002 1202 1048 non
1219 986 1298 1049 facit
1313 987 1467 1064 injuriam
1481 987 1510 1046 si
1524 986 1704 1063 dIspensat

909 1101 1009 1161 quum
1022 1083 1199 1144 imminens
1218 1084 1399 1145 necessitas
1414 1086 1447 1145 et
1460 1084 1596 1145 evidens
1614 1083 1707 1144 utili-

908 1184 959 1242 tas
973 1181 1007 1242 id
1023 1181 1188 1258 exposcit;
1206 1181 1394 1257 praesertim
1410 1196 1486 1242 cum
1500 1180 1705 1257 dispensatio

909 1280 958 1340 sic
983 1278 1072 1355 juris
1096 1279 1228 1339 vincula
1245 1278 1336 1339 laxet
1362 1279 1400 1339 in
1421 1278 1545 1355 aliquo,
1560 1278 1645 1355 quod
1669 1278 1704 1338 iu

909 1376 986 1437 aliis
1009 1392 1076 1436 non
1090 1375 1244 1438 dissolvit
1266 1377 1299 1437 et
1313 1377 1361 1436 sic
1376 1375 1573 1437 beneficium
1589 1376 1705 1451 gratim

909 1473 1065 1550 specialis
1082 1472 1322 1549 inducat,quod
1334 1473 1480 1549 vigorem
1494 1473 1707 1534 constitutio-

911 1572 962 1631 nis
973 1587 1038 1632 non
1052 1569 1214 1646 permittit
1225 1569 1527 1646 generalis0blata
1541 1570 1705 1646 siquidem

910 1669 1006 1730 nobis
1025 1683 1069 1728 ex
1088 1669 1180 1743 parte
1208 1669 1264 1729 tua
1284 1670 1318 1729 et
1332 1668 1473 1729 allorum
1499 1667 1707 1744 quampluri-

911 1783 998 1826 mum
1016 1764 1203 1842 principum
1218 1768 1252 1826 et
1272 1765 1433 1826 baronum
1447 1765 1630 1826 insinuatio
1646 1780 1707 1841 pa-

911 1863 1031 1935 tefecit,
1057 1861 1144 1939 quod
1169 1863 1256 1924 inter
1282 1863 1492 1925 carissimum
1515 1862 1549 1923 in
1574 1862 1705 1924 Christo

911 1962 1014 2023 tilium
1026 1963 1212 2021 nostrum...
1225 1964 1395 2022 Danorum
1406 1976 1517 2037 regem
1531 1961 1704 2031 illustrem,

911 2061 944 2122 et
967 2063 1002 2121 O.
1035 2057 1075 2120 de
1097 2059 1331 2123 Lunemburch
1357 2061 1507 2134 nepotem
1532 2058 1637 2133 ipsius
1663 2075 1706 2121 ox

911 2161 1005 2234 parte
1031 2175 1113 2232 una,
1138 2161 1173 2221 et
1186 2156 1330 2219 nobilem
1355 2156 1463 2217 virum
1479 2156 1706 2217 marchionem

911 2255 1239 2332 Brundeburgensem
1248 2271 1290 2316 ex
1302 2254 1419 2326 altera,
1428 2253 1562 2315 inimico
1573 2254 1707 2316 homhrc

911 2354 1198 2429 superseminante
1225 2353 1399 2422 zizanIam,
1422 2367 1564 2427 guerrae,
1587 2355 1620 2413 et
1641 2351 1709 2412 ini-

912 2451 1230 2527 miritiaepostirerae
1240 2466 1281 2511 ac
1292 2449 1449 2511 mortales
1461 2449 1543 2510 adeo
1553 2464 1707 2510 surrexe·

912 2550 999 2619 runt,
1016 2548 1102 2625 quod
1115 2550 1236 2625 praeter
1250 2549 1394 2622 stragem
1416 2546 1585 2609 hominum
1600 2547 1706 2608 mise·

912 2645 1051 2706 rabilem
1080 2646 1217 2717 iactam,
1248 2645 1438 2707 multotiens
1464 2644 1543 2705 hinc
1571 2644 1707 2706 atinde

912 2743 1157 2805 combustiones
1182 2743 1356 2814 villarum,
1384 2744 1417 2804 et
1444 2742 1705 2804 inhumanitates

911 2841 1008 2912 aliae,
1043 2857 1126 2918 quas
1155 2856 1294 2902 narrare
1324 2855 1383 2916 per
1413 2839 1544 2915 singula
1572 2840 1706 2916 longum

911 2940 1009 3008 esset,
1027 2937 1112 2998 alter
1122 2938 1261 3000 alterius
1271 2936 1466 3011 sanguinem
1480 2937 1582 3001 sitiat,
1590 2940 1623 2998 et
1631 2953 1707 2998 car-

913 3051 987 3095 nem
1002 3034 1034 3094 in
1044 3037 1149 3096 morte
1162 3035 1331 3096 iamesoai.
1346 3034 1608 3110 Undecontingit
1619 3034 1705 3111 quod

912 3131 1095 3192 subsidium
1116 3132 1202 3208 quod
1220 3130 1391 3192 conuersis
1407 3131 1551 3192 Prussiae
1575 3147 1633 3206 per
1647 3149 1706 3192 re-

912 3245 986 3303 gem
998 3231 1032 3290 et
1046 3230 1201 3303 nepotem·
1213 3229 1317 3305 ipsius
1332 3230 1364 3288 et
1379 3224 1604 3288 marchionem
1619 3245 1707 3305 prae-

912 3325 1034 3387 dictum
1051 3326 1154 3402 possit
1169 3326 1374 3403 notissimum
1395 3326 1579 3402 procurari,
1595 3327 1707 3402 utpote

913 3423 969 3500 qui
984 3426 1061 3485 sunt
1075 3424 1222 3498 contigui
1237 3424 1336 3484 terreo
1349 3423 1410 3494 illi,
1425 3423 1540 3484 ettam
1556 3424 1708 3485 multitu-

913 3520 990 3583 dine
1004 3520 1164 3596 gentium,
1181 3536 1280 3597 quam
1299 3520 1375 3581 aliis
1391 3520 1517 3582 diuitiis
1533 3521 1707 3598 locupletis

913 3618 1091 3695 plurimum
1116 3618 1305 3695 impeditur,
1340 3620 1373 3679 et
1399 3621 1540 3695 pereunt
1568 3621 1710 3681 misera-

913 3713 1024 3776 biliter
1038 3715 1159 3775 animm
1174 3716 1403 3791 plurimorum.
1422 3718 1628 3793 Quapropter
1641 3734 1707 3778 no·

912 3812 964 3872 bis
979 3812 1149 3872 humiliter
1164 3813 1376 3888 supplicastis
1391 3814 1425 3874 ut
1436 3830 1533 3890 quum
1549 3815 1708 3890 praefatus

914 3909 1062 3970 marchio
1077 3909 1165 3995 dicto
1181 3912 1217 3970 Ο.
1237 3911 1339 3971 tiliam
1362 3926 1456 3969 suam
1472 3912 1572 3972 vellet
1591 3912 1710 3973 matri-

913 4005 1024 4067 monio
1055 4006 1211 4083 copulare
1243 4005 1284 4067 ad
1320 4006 1483 4067 sedandas
1511 4024 1650 4084 guerras
1678 4013 1710 4071 et

913 4102 1106 4164 inimicitias
1137 4103 1365 4179 supradictas,
1402 4105 1487 4180 quod
1523 4105 1558 4165 in
1590 4109 1708 4182 quarto

913 4200 1020 4276 gradu
1045 4201 1242 4262 contrahere
1272 4201 1405 4263 valeant
1424 4218 1483 4278 pro
1509 4202 1595 4264 bono
1616 4204 1709 4281 pacis

913 4298 1107 4375 dispensare
1122 4299 1162 4359 de
1177 4298 1382 4374 benignitate
1400 4299 1494 4360 Sedis
1508 4301 1708 4377 apostolicae

914 4394 1137 4469 dignaremur,
1152 4410 1296 4456 maxime
1310 4411 1385 4457 cum
1398 4395 1509 4468 iidem,
1525 4397 1554 4458 si
1568 4398 1708 4474 sopian-

912 4493 967 4552 tur
1004 4508 1064 4568 per
1097 4493 1286 4569 hujusmodi
1313 4495 1465 4570 copulam
1492 4495 1709 4557 seminarium

914 4589 1088 4651 discordiae
1104 4589 1271 4662 intereos,
1291 4591 1351 4652 tibi
1367 4592 1400 4653 et
1414 4592 1589 4668 baptizatIs
1605 4596 1710 4655 Prus-

914 4687 973 4748 siee
988 4687 1196 4763 impensuros
1215 4702 1251 4748 se
1267 4687 1390 4751 decens
1409 4689 1572 4750 auxilium
1587 4706 1708 4766 repro·

914 4785 1055 4847 mittant.
1067 4787 1135 4846 Nos
1148 4785 1707 4863 igiturdediscretionetuaplenam
1823 4855 1831 4859 ,

914 4883 950 4944 in
965 4882 1103 4944 Domino
1120 4881 1468 4945 dduciamobtinentes
1478 4884 1544 4945 tuis
1559 4885 1593 4946 et
1606 4883 1708 4947 dicto·

914 4995 987 5040 rum
1004 4979 1163 5041 nobilium
1181 4979 1334 5056 precibus
1348 4980 1513 5053 inclinati,
1526 4997 1586 5058 per
1597 4987 1708 5060 Apos-

915 5077 1013 5139 tolica
1029 5076 1090 5137 tibi
1106 5076 1229 5154 scripta
1249 5077 1456 5149 mandamus,
1472 5081 1638 5156 quatenus
1651 5096 1710 5140 su-

916 5189 975 5251 per
1009 5173 1062 5234 his
1097 5173 1294 5236 auctoritaie
1323 5177 1435 5238 nostra
1458 5178 1595 5248 statuas,
1624 5177 1710 5254 quod

916 5270 1096 5332 secundum
1107 5273 1210 5333 Deum
1222 5272 1347 5334 uideris
1357 5273 1577 5334 statuendum.
1591 5276 1709 5336 hatum

916 5371 1045 5439 Romae,
1073 5368 1160 5446 apud
1197 5372 1356 5431 Sanctum
1392 5370 1541 5441 Petrum,
1570 5373 1710 5448 septimo

916 5465 1076 5527 kalendas
1104 5467 1217 5545 junii,
1250 5468 1460 5547 pontificatus
1489 5468 1593 5530 nostri
1622 5485 1710 5532 anno

917 5563 1025 5625 tertio.
