<?xml version="1.0" encoding="UTF-8"?>
<!DOCTYPE html PUBLIC "-//W3C//DTD XHTML 1.0 Transitional//EN"
    "http://www.w3.org/TR/xhtml1/DTD/xhtml1-transitional.dtd">
<html xmlns="http://www.w3.org/1999/xhtml" xml:lang="en" lang="en">
 <head>
  <title>
</title>
<meta http-equiv="Content-Type" content="text/html;charset=utf-8" />
  <meta name='ocr-system' content='tesseract 3.04.00' />
  <meta name='ocr-capabilities' content='ocr_page ocr_carea ocr_par ocr_line ocrx_word'/>
</head>
<body>
  <div class='ocr_page' id='page_1' title='image "./mediiaevibiblio00horogoog_0283.png"; bbox 0 0 3824 6180; ppageno 0'>
   <div class='ocr_carea' id='block_1_1' title="bbox 122 284 1776 378">
    <p class='ocr_par' dir='ltr' id='par_1_1' title="bbox 122 284 1776 378">
     <span class='ocr_line' id='line_1_1' title="bbox 122 284 1776 378; baseline 0.001 -2"><span class='ocrx_word' id='word_1_1' title='bbox 122 314 180 376; x_wconf 81' lang='lat' dir='ltr'>ssi</span> <span class='ocrx_word' id='word_1_2' title='bbox 421 284 423 288; x_wconf 45' lang='lat'><strong><em>⁴</em></strong></span> <span class='ocrx_word' id='word_1_3' title='bbox 735 312 921 376; x_wconf 43' lang='lat' dir='ltr'>‘raonoan</span> <span class='ocrx_word' id='word_1_4' title='bbox 943 313 988 375; x_wconf 87' lang='lat'>111</span> <span class='ocrx_word' id='word_1_5' title='bbox 1009 316 1159 378; x_wconf 75' lang='lat' dir='ltr'>orsas.</span> <span class='ocrx_word' id='word_1_6' title='bbox 1716 315 1776 377; x_wconf 79' lang='lat' dir='ltr'>sas</span> 
     </span>
    </p>
   </div>
   <div class='ocr_carea' id='block_1_2' title="bbox 98 471 1826 2687">
    <p class='ocr_par' dir='ltr' id='par_1_2' title="bbox 98 471 1826 2687">
     <span class='ocr_line' id='line_1_2' title="bbox 124 471 1773 545; baseline 0 -11"><span class='ocrx_word' id='word_1_7' title='bbox 124 472 175 535; x_wconf 90' lang='lat' dir='ltr'>est</span> <span class='ocrx_word' id='word_1_8' title='bbox 190 471 925 544; x_wconf 86' lang='lat' dir='ltr'>necessitatisarticuloconstitutus,tantoest</span> <span class='ocrx_word' id='word_1_9' title='bbox 978 472 1123 545; x_wconf 90' lang='lat' dir='ltr'>decano,</span> <span class='ocrx_word' id='word_1_10' title='bbox 1154 472 1390 536; x_wconf 91' lang='lat' dir='ltr'>archidiacono</span> <span class='ocrx_word' id='word_1_11' title='bbox 1419 476 1451 538; x_wconf 92' lang='lat' dir='ltr'>et</span> <span class='ocrx_word' id='word_1_12' title='bbox 1480 475 1610 538; x_wconf 90' lang='lat' dir='ltr'>cantori</span> <span class='ocrx_word' id='word_1_13' title='bbox 1637 477 1773 536; x_wconf 84' lang='lat' dir='ltr'>Trecen.</span> 
     </span>
     <span class='ocr_line' id='line_1_3' title="bbox 125 571 1776 649; baseline -0.001 -17"><span class='ocrx_word' id='word_1_14' title='bbox 125 571 245 649; x_wconf 83' lang='lat' dir='ltr'>majori</span> <span class='ocrx_word' id='word_1_15' title='bbox 261 571 484 634; x_wconf 91' lang='lat' dir='ltr'>sollicitudine</span> <span class='ocrx_word' id='word_1_16' title='bbox 499 571 767 648; x_wconf 81' lang='lat' dir='ltr'>praecavendum,</span> <span class='ocrx_word' id='word_1_17' title='bbox 784 584 826 631; x_wconf 91' lang='lat' dir='ltr'>ne</span> <span class='ocrx_word' id='word_1_18' title='bbox 841 585 926 646; x_wconf 89' lang='lat' dir='ltr'>qua-</span> <span class='ocrx_word' id='word_1_19' title='bbox 1019 571 1224 647; x_wconf 86' lang='lat' dir='ltr'>conquestus</span> <span class='ocrx_word' id='word_1_20' title='bbox 1247 571 1298 634; x_wconf 89' lang='lat' dir='ltr'>est</span> <span class='ocrx_word' id='word_1_21' title='bbox 1318 571 1414 633; x_wconf 91' lang='lat' dir='ltr'>nobis</span> <span class='ocrx_word' id='word_1_22' title='bbox 1439 572 1647 634; x_wconf 80' lang='lat' dir='ltr'>venerabilis</span> <span class='ocrx_word' id='word_1_23' title='bbox 1671 571 1776 633; x_wconf 82' lang='lat' dir='ltr'>irater</span> 
     </span>
     <span class='ocr_line' id='line_1_4' title="bbox 125 664 1777 746; baseline 0.002 -20"><span class='ocrx_word' id='word_1_24' title='bbox 125 664 207 728; x_wconf 92' lang='lat' dir='ltr'>libet</span> <span class='ocrx_word' id='word_1_25' title='bbox 223 667 399 728; x_wconf 82' lang='lat' dir='ltr'><strong>occasione</strong></span> <span class='ocrx_word' id='word_1_26' title='bbox 421 667 526 744; x_wconf 83' lang='lat' dir='ltr'><strong>possit</strong></span> <span class='ocrx_word' id='word_1_27' title='bbox 549 682 665 728; x_wconf 91' lang='lat' dir='ltr'>eorum</span> <span class='ocrx_word' id='word_1_28' title='bbox 682 664 836 742; x_wconf 89' lang='lat' dir='ltr'>impediri</span> <span class='ocrx_word' id='word_1_29' title='bbox 855 679 927 724; x_wconf 90' lang='lat' dir='ltr'>suc·</span> <span class='ocrx_word' id='word_1_30' title='bbox 979 668 1094 728; x_wconf 88' lang='lat' dir='ltr'>noster</span> <span class='ocrx_word' id='word_1_31' title='bbox 1112 668 1288 745; x_wconf 90' lang='lat' dir='ltr'>episcopus</span> <span class='ocrx_word' id='word_1_32' title='bbox 1315 669 1498 745; x_wconf 78' lang='lat' dir='ltr'>Lingones.</span> <span class='ocrx_word' id='word_1_33' title='bbox 1522 667 1649 746; x_wconf 89' lang='lat' dir='ltr'>quod...</span> <span class='ocrx_word' id='word_1_34' title='bbox 1674 668 1777 730; x_wconf 91' lang='lat' dir='ltr'>abbas</span> 
     </span>
     <span class='ocr_line' id='line_1_5' title="bbox 125 761 1780 842; baseline 0.002 -20"><span class='ocrx_word' id='word_1_35' title='bbox 125 777 254 834; x_wconf 89' lang='lat' dir='ltr'>cursus,</span> <span class='ocrx_word' id='word_1_36' title='bbox 280 762 313 824; x_wconf 91' lang='lat' dir='ltr'>et</span> <span class='ocrx_word' id='word_1_37' title='bbox 337 762 551 824; x_wconf 88' lang='lat' dir='ltr'>inimicorum</span> <span class='ocrx_word' id='word_1_38' title='bbox 578 761 686 823; x_wconf 91' lang='lat' dir='ltr'>crucis</span> <span class='ocrx_word' id='word_1_39' title='bbox 702 761 825 822; x_wconf 81' lang='lat' dir='ltr'>Christi</span> <span class='ocrx_word' id='word_1_40' title='bbox 849 775 926 821; x_wconf 90' lang='lat' dir='ltr'>con·</span> <span class='ocrx_word' id='word_1_41' title='bbox 981 765 1204 826; x_wconf 89' lang='lat' dir='ltr'>Pulteriarum</span> <span class='ocrx_word' id='word_1_42' title='bbox 1222 766 1780 842; x_wconf 77' lang='lat' dir='ltr'>Lingonensisdioecesistresmn·</span> 
     </span>
     <span class='ocr_line' id='line_1_6' title="bbox 126 858 1778 941; baseline 0.002 -21"><span class='ocrx_word' id='word_1_43' title='bbox 126 858 213 921; x_wconf 82' lang='lat' dir='ltr'>lusio</span> <span class='ocrx_word' id='word_1_44' title='bbox 236 859 480 937; x_wconf 78' lang='lat' dir='ltr'>quomodolibet</span> <span class='ocrx_word' id='word_1_45' title='bbox 502 859 658 921; x_wconf 80' lang='lat' dir='ltr'>relevari.</span> <span class='ocrx_word' id='word_1_46' title='bbox 678 859 764 920; x_wconf 85' lang='lat' dir='ltr'>Sane</span> <span class='ocrx_word' id='word_1_47' title='bbox 783 858 823 919; x_wconf 90' lang='lat' dir='ltr'>ad</span> <span class='ocrx_word' id='word_1_48' title='bbox 853 872 928 919; x_wconf 91' lang='lat' dir='ltr'>nos·</span> <span class='ocrx_word' id='word_1_49' title='bbox 980 862 1081 923; x_wconf 88' lang='lat' dir='ltr'>lieres</span> <span class='ocrx_word' id='word_1_50' title='bbox 1096 862 1137 924; x_wconf 93' lang='lat' dir='ltr'>de</span> <span class='ocrx_word' id='word_1_51' title='bbox 1147 862 1383 939; x_wconf 88' lang='lat' dir='ltr'>jurisdictione</span> <span class='ocrx_word' id='word_1_52' title='bbox 1397 862 1502 940; x_wconf 91' lang='lat' dir='ltr'>ipsius</span> <span class='ocrx_word' id='word_1_53' title='bbox 1517 862 1668 941; x_wconf 75' lang='lat' dir='ltr'>episcopi</span> <span class='ocrx_word' id='word_1_54' title='bbox 1682 863 1778 925; x_wconf 87' lang='lat' dir='ltr'>exis·</span> 
     </span>
     <span class='ocr_line' id='line_1_7' title="bbox 98 952 1781 1044; baseline 0.002 -26"><span class='ocrx_word' id='word_1_55' title='bbox 98 1010 101 1017; x_wconf 79' lang='grc'>,</span> <span class='ocrx_word' id='word_1_56' title='bbox 127 958 215 1018; x_wconf 90' lang='lat' dir='ltr'>tram</span> <span class='ocrx_word' id='word_1_57' title='bbox 238 958 373 1019; x_wconf 88' lang='lat' dir='ltr'>noveris</span> <span class='ocrx_word' id='word_1_58' title='bbox 395 952 599 1018; x_wconf 89' lang='lat' dir='ltr'>audientiam</span> <span class='ocrx_word' id='word_1_59' title='bbox 612 956 815 1034; x_wconf 83' lang='lat' dir='ltr'>pervenisse,</span> <span class='ocrx_word' id='word_1_60' title='bbox 837 952 925 1031; x_wconf 89' lang='lat' dir='ltr'>quod</span> <span class='ocrx_word' id='word_1_61' title='bbox 980 961 1090 1023; x_wconf 82' lang='lat' dir='ltr'>tentes</span> <span class='ocrx_word' id='word_1_62' title='bbox 1112 961 1187 1037; x_wconf 89' lang='lat' dir='ltr'>capi</span> <span class='ocrx_word' id='word_1_63' title='bbox 1203 959 1331 1021; x_wconf 85' lang='lat' dir='ltr'>iaciens</span> <span class='ocrx_word' id='word_1_64' title='bbox 1347 961 1463 1044; x_wconf 87' lang='lat' dir='ltr'>contra</span> <span class='ocrx_word' id='word_1_65' title='bbox 1478 960 1658 1037; x_wconf 79' lang='lat' dir='ltr'>justitiam,</span> <span class='ocrx_word' id='word_1_66' title='bbox 1673 962 1707 1021; x_wconf 90' lang='lat' dir='ltr'>et</span> <span class='ocrx_word' id='word_1_67' title='bbox 1726 959 1781 1021; x_wconf 91' lang='lat' dir='ltr'>in·</span> 
     </span>
     <span class='ocr_line' id='line_1_8' title="bbox 129 1051 1781 1131; baseline 0.001 -16"><span class='ocrx_word' id='word_1_68' title='bbox 129 1070 205 1115; x_wconf 91' lang='lat' dir='ltr'>cum</span> <span class='ocrx_word' id='word_1_69' title='bbox 220 1054 301 1114; x_wconf 95' lang='lat' dir='ltr'>illud</span> <span class='ocrx_word' id='word_1_70' title='bbox 313 1054 580 1131; x_wconf 84' lang='lat' dir='ltr'>quadriennium,</span> <span class='ocrx_word' id='word_1_71' title='bbox 603 1068 667 1131; x_wconf 94' lang='lat' dir='ltr'>quo</span> <span class='ocrx_word' id='word_1_72' title='bbox 687 1052 750 1114; x_wconf 85' lang='lat' dir='ltr'>luit</span> <span class='ocrx_word' id='word_1_73' title='bbox 766 1051 827 1113; x_wconf 93' lang='lat' dir='ltr'>sub</span> <span class='ocrx_word' id='word_1_74' title='bbox 842 1067 927 1113; x_wconf 92' lang='lat' dir='ltr'>ana·</span> <span class='ocrx_word' id='word_1_75' title='bbox 983 1058 1121 1120; x_wconf 83' lang='lat' dir='ltr'>honeste</span> <span class='ocrx_word' id='word_1_76' title='bbox 1140 1058 1290 1128; x_wconf 86' lang='lat' dir='ltr'>tractari,</span> <span class='ocrx_word' id='word_1_77' title='bbox 1307 1072 1367 1118; x_wconf 91' lang='lat' dir='ltr'>eas</span> <span class='ocrx_word' id='word_1_78' title='bbox 1385 1057 1522 1129; x_wconf 82' lang='lat' dir='ltr'>detinet,</span> <span class='ocrx_word' id='word_1_79' title='bbox 1543 1057 1578 1119; x_wconf 89' lang='lat' dir='ltr'>et</span> <span class='ocrx_word' id='word_1_80' title='bbox 1600 1055 1781 1119; x_wconf 83' lang='lat' dir='ltr'>restituere</span> 
     </span>
     <span class='ocr_line' id='line_1_9' title="bbox 127 1148 1783 1231; baseline -0.001 -19"><span class='ocrx_word' id='word_1_81' title='bbox 127 1150 274 1212; x_wconf 85' lang='lat' dir='ltr'>themate</span> <span class='ocrx_word' id='word_1_82' title='bbox 289 1151 323 1212; x_wconf 94' lang='lat' dir='ltr'>in</span> <span class='ocrx_word' id='word_1_83' title='bbox 345 1151 496 1227; x_wconf 84' lang='lat' dir='ltr'>generali</span> <span class='ocrx_word' id='word_1_84' title='bbox 523 1150 670 1213; x_wconf 80' lang='lat' dir='ltr'>Concilio</span> <span class='ocrx_word' id='word_1_85' title='bbox 699 1148 924 1219; x_wconf 87' lang='lat' dir='ltr'>interdictum,</span> <span class='ocrx_word' id='word_1_86' title='bbox 982 1154 1190 1217; x_wconf 71' lang='lat' dir='ltr'>contradicit.</span> <span class='ocrx_word' id='word_1_87' title='bbox 1206 1154 1255 1216; x_wconf 77' lang='lat' dir='ltr'>td</span> <span class='ocrx_word' id='word_1_88' title='bbox 1271 1154 1344 1216; x_wconf 79' lang='lat' dir='ltr'>haee</span> <span class='ocrx_word' id='word_1_89' title='bbox 1355 1153 1438 1215; x_wconf 87' lang='lat' dir='ltr'>duos</span> <span class='ocrx_word' id='word_1_90' title='bbox 1454 1154 1607 1216; x_wconf 86' lang='lat' dir='ltr'>homines</span> <span class='ocrx_word' id='word_1_91' title='bbox 1619 1156 1694 1231; x_wconf 78' lang='lat' dir='ltr'>ejus</span> <span class='ocrx_word' id='word_1_92' title='bbox 1704 1152 1783 1215; x_wconf 81' lang='lat' dir='ltr'>fecit</span> 
     </span>
     <span class='ocr_line' id='line_1_10' title="bbox 130 1247 1826 1328; baseline 0.002 -20"><span class='ocrx_word' id='word_1_93' title='bbox 130 1263 174 1308; x_wconf 94' lang='lat' dir='ltr'>ne</span> <span class='ocrx_word' id='word_1_94' title='bbox 193 1247 374 1310; x_wconf 84' lang='lat' dir='ltr'>Christiani</span> <span class='ocrx_word' id='word_1_95' title='bbox 401 1248 584 1310; x_wconf 87' lang='lat' dir='ltr'>transirent</span> <span class='ocrx_word' id='word_1_96' title='bbox 597 1248 631 1308; x_wconf 90' lang='lat' dir='ltr'>in</span> <span class='ocrx_word' id='word_1_97' title='bbox 645 1248 754 1310; x_wconf 86' lang='lat' dir='ltr'>terras</span> <span class='ocrx_word' id='word_1_98' title='bbox 770 1248 929 1308; x_wconf 86' lang='lat' dir='ltr'>Sarrace-</span> <span class='ocrx_word' id='word_1_99' title='bbox 983 1250 1137 1323; x_wconf 81' lang='lat' dir='ltr'>interfici,</span> <span class='ocrx_word' id='word_1_100' title='bbox 1154 1266 1194 1313; x_wconf 93' lang='lat' dir='ltr'>ac</span> <span class='ocrx_word' id='word_1_101' title='bbox 1211 1265 1270 1328; x_wconf 92' lang='lat' dir='ltr'>per</span> <span class='ocrx_word' id='word_1_102' title='bbox 1289 1266 1339 1323; x_wconf 89' lang='lat' dir='ltr'>se,</span> <span class='ocrx_word' id='word_1_103' title='bbox 1363 1266 1403 1313; x_wconf 90' lang='lat' dir='ltr'>ac</span> <span class='ocrx_word' id='word_1_104' title='bbox 1426 1266 1506 1313; x_wconf 89' lang='lat' dir='ltr'>suos</span> <span class='ocrx_word' id='word_1_105' title='bbox 1534 1252 1654 1313; x_wconf 87' lang='lat' dir='ltr'>contra</span> <span class='ocrx_word' id='word_1_106' title='bbox 1671 1250 1782 1328; x_wconf 88' lang='lat' dir='ltr'>ipsum</span> <span class='ocrx_word' id='word_1_107' title='bbox 1823 1308 1826 1313; x_wconf 75' lang='grc'>,</span> 
     </span>
     <span class='ocr_line' id='line_1_11' title="bbox 129 1341 1784 1427; baseline 0.002 -21"><span class='ocrx_word' id='word_1_108' title='bbox 129 1360 262 1417; x_wconf 92' lang='lat' dir='ltr'>norum,</span> <span class='ocrx_word' id='word_1_109' title='bbox 278 1346 335 1422; x_wconf 92' lang='lat' dir='ltr'>qui</span> <span class='ocrx_word' id='word_1_110' title='bbox 348 1346 460 1423; x_wconf 85' lang='lat' dir='ltr'>partes</span> <span class='ocrx_word' id='word_1_111' title='bbox 468 1345 647 1408; x_wconf 89' lang='lat' dir='ltr'>orientales</span> <span class='ocrx_word' id='word_1_112' title='bbox 661 1342 862 1414; x_wconf 87' lang='lat' dir='ltr'>inhabitant,</span> <span class='ocrx_word' id='word_1_113' title='bbox 873 1341 927 1403; x_wconf 86' lang='lat' dir='ltr'>vel</span> <span class='ocrx_word' id='word_1_114' title='bbox 984 1349 1174 1427; x_wconf 89' lang='lat' dir='ltr'>episcopum</span> <span class='ocrx_word' id='word_1_115' title='bbox 1200 1351 1234 1411; x_wconf 87' lang='lat' dir='ltr'>et</span> <span class='ocrx_word' id='word_1_116' title='bbox 1254 1348 1406 1410; x_wconf 87' lang='lat' dir='ltr'>homines</span> <span class='ocrx_word' id='word_1_117' title='bbox 1431 1352 1504 1424; x_wconf 81' lang='lat' dir='ltr'>etus</span> <span class='ocrx_word' id='word_1_118' title='bbox 1528 1348 1726 1419; x_wconf 87' lang='lat' dir='ltr'>seditiones,</span> <span class='ocrx_word' id='word_1_119' title='bbox 1750 1348 1784 1409; x_wconf 94' lang='lat' dir='ltr'>et</span> 
     </span>
     <span class='ocr_line' id='line_1_12' title="bbox 130 1439 1782 1522; baseline -0.002 -12"><span class='ocrx_word' id='word_1_120' title='bbox 130 1443 394 1505; x_wconf 71' lang='lat' dir='ltr'>transmitterent</span> <span class='ocrx_word' id='word_1_121' title='bbox 419 1457 522 1503; x_wconf 76' lang='lat' dir='ltr'>neree</span> <span class='ocrx_word' id='word_1_122' title='bbox 542 1457 633 1511; x_wconf 77' lang='lat' dir='ltr'>enee,</span> <span class='ocrx_word' id='word_1_123' title='bbox 657 1443 694 1503; x_wconf 81' lang='lat' dir='ltr'>ut</span> <span class='ocrx_word' id='word_1_124' title='bbox 708 1456 767 1518; x_wconf 81' lang='lat' dir='ltr'>ner</span> <span class='ocrx_word' id='word_1_125' title='bbox 785 1439 848 1501; x_wconf 79' lang='lat'>1100</span> <span class='ocrx_word' id='word_1_126' title='bbox 862 1453 926 1499; x_wconf 74' lang='lat' dir='ltr'>vo·</span> <span class='ocrx_word' id='word_1_127' title='bbox 983 1447 1101 1522; x_wconf 85' lang='lat' dir='ltr'>praelia</span> <span class='ocrx_word' id='word_1_128' title='bbox 1122 1460 1189 1507; x_wconf 90' lang='lat' dir='ltr'>non</span> <span class='ocrx_word' id='word_1_129' title='bbox 1204 1444 1335 1507; x_wconf 89' lang='lat' dir='ltr'>desinet</span> <span class='ocrx_word' id='word_1_130' title='bbox 1355 1444 1542 1508; x_wconf 90' lang='lat' dir='ltr'>machinari</span> <span class='ocrx_word' id='word_1_131' title='bbox 1560 1446 1683 1508; x_wconf 90' lang='lat' dir='ltr'>tamin</span> <span class='ocrx_word' id='word_1_132' title='bbox 1705 1460 1782 1506; x_wconf 92' lang='lat' dir='ltr'>mo·</span> 
     </span>
     <span class='ocr_line' id='line_1_13' title="bbox 131 1537 1781 1620; baseline 0 -18"><span class='ocrx_word' id='word_1_133' title='bbox 131 1538 276 1601; x_wconf 87' lang='lat' dir='ltr'>lentibus</span> <span class='ocrx_word' id='word_1_134' title='bbox 299 1539 518 1602; x_wconf 78' lang='lat' dir='ltr'>transfretare</span> <span class='ocrx_word' id='word_1_135' title='bbox 543 1538 578 1600; x_wconf 90' lang='lat' dir='ltr'>in</span> <span class='ocrx_word' id='word_1_136' title='bbox 606 1537 791 1599; x_wconf 84' lang='lat' dir='ltr'>subsidium</span> <span class='ocrx_word' id='word_1_137' title='bbox 814 1539 926 1597; x_wconf 83' lang='lat' dir='ltr'>&#39;rerrae</span> <span class='ocrx_word' id='word_1_138' title='bbox 986 1543 1125 1604; x_wconf 89' lang='lat' dir='ltr'>nasterii</span> <span class='ocrx_word' id='word_1_139' title='bbox 1143 1543 1195 1603; x_wconf 86' lang='lat' dir='ltr'>sni</span> <span class='ocrx_word' id='word_1_140' title='bbox 1212 1558 1310 1620; x_wconf 91' lang='lat' dir='ltr'>quam</span> <span class='ocrx_word' id='word_1_141' title='bbox 1337 1542 1489 1605; x_wconf 84' lang='lat' dir='ltr'>ecclesiae</span> <span class='ocrx_word' id='word_1_142' title='bbox 1510 1544 1699 1619; x_wconf 79' lang='lat' dir='ltr'>Lingonen.</span> <span class='ocrx_word' id='word_1_143' title='bbox 1716 1557 1781 1604; x_wconf 90' lang='lat' dir='ltr'>uon</span> 
     </span>
     <span class='ocr_line' id='line_1_14' title="bbox 131 1632 1782 1716; baseline 0.002 -19"><span class='ocrx_word' id='word_1_144' title='bbox 131 1638 263 1699; x_wconf 82' lang='lat' dir='ltr'>Sanctae</span> <span class='ocrx_word' id='word_1_145' title='bbox 287 1640 396 1714; x_wconf 89' lang='lat' dir='ltr'>major</span> <span class='ocrx_word' id='word_1_146' title='bbox 422 1636 549 1712; x_wconf 75' lang='lat' dir='ltr'>navigii</span> <span class='ocrx_word' id='word_1_147' title='bbox 572 1635 670 1713; x_wconf 87' lang='lat' dir='ltr'>copia</span> <span class='ocrx_word' id='word_1_148' title='bbox 693 1634 877 1711; x_wconf 81' lang='lat' dir='ltr'>pareretur,</span> <span class='ocrx_word' id='word_1_149' title='bbox 894 1632 929 1693; x_wconf 76' lang='lat' dir='ltr'>et</span> <span class='ocrx_word' id='word_1_150' title='bbox 985 1639 1342 1702; x_wconf 84' lang='lat' dir='ltr'>modicamlaesionem.</span> <span class='ocrx_word' id='word_1_151' title='bbox 1360 1640 1454 1702; x_wconf 90' lang='lat' dir='ltr'>Unde</span> <span class='ocrx_word' id='word_1_152' title='bbox 1468 1640 1565 1716; x_wconf 88' lang='lat' dir='ltr'>petiit</span> <span class='ocrx_word' id='word_1_153' title='bbox 1576 1642 1613 1701; x_wconf 91' lang='lat' dir='ltr'>ut</span> <span class='ocrx_word' id='word_1_154' title='bbox 1621 1639 1782 1700; x_wconf 89' lang='lat' dir='ltr'>mulieres</span> 
     </span>
     <span class='ocr_line' id='line_1_15' title="bbox 132 1728 1781 1821; baseline 0.002 -27"><span class='ocrx_word' id='word_1_155' title='bbox 132 1734 327 1795; x_wconf 78' lang='lat' dir='ltr'>sarracenis</span> <span class='ocrx_word' id='word_1_156' title='bbox 357 1733 525 1811; x_wconf 88' lang='lat' dir='ltr'>praedictis</span> <span class='ocrx_word' id='word_1_157' title='bbox 551 1731 804 1796; x_wconf 76' lang='lat' dir='ltr'>subtraheretur</span> <span class='ocrx_word' id='word_1_158' title='bbox 830 1728 951 1821; x_wconf 47' lang='lat' dir='ltr'>auxip</span> <span class='ocrx_word' id='word_1_159' title='bbox 984 1738 1076 1815; x_wconf 90' lang='lat' dir='ltr'>ipsas</span> <span class='ocrx_word' id='word_1_160' title='bbox 1089 1739 1219 1799; x_wconf 88' lang='lat' dir='ltr'>restitui</span> <span class='ocrx_word' id='word_1_161' title='bbox 1231 1737 1389 1806; x_wconf 87' lang='lat' dir='ltr'>libertati,</span> <span class='ocrx_word' id='word_1_162' title='bbox 1398 1739 1431 1799; x_wconf 90' lang='lat' dir='ltr'>et</span> <span class='ocrx_word' id='word_1_163' title='bbox 1439 1735 1614 1815; x_wconf 73' lang='lat' dir='ltr'>praefatum</span> <span class='ocrx_word' id='word_1_164' title='bbox 1627 1736 1781 1799; x_wconf 86' lang='lat' dir='ltr'>abbatem</span> 
     </span>
     <span class='ocr_line' id='line_1_16' title="bbox 133 1829 1782 1911; baseline -0.005 -8"><span class='ocrx_word' id='word_1_165' title='bbox 133 1830 333 1908; x_wconf 69' lang='lat' dir='ltr'>lium2d110d</span> <span class='ocrx_word' id='word_1_166' title='bbox 360 1846 402 1892; x_wconf 72' lang='lat' dir='ltr'>ex</span> <span class='ocrx_word' id='word_1_167' title='bbox 425 1830 489 1892; x_wconf 79' lang='lat'>1100</span> <span class='ocrx_word' id='word_1_168' title='bbox 513 1831 562 1891; x_wconf 81' lang='lat' dir='ltr'>eie</span> <span class='ocrx_word' id='word_1_169' title='bbox 587 1829 761 1906; x_wconf 77' lang='lat' dir='ltr'>pervenire</span> <span class='ocrx_word' id='word_1_170' title='bbox 783 1841 929 1888; x_wconf 73' lang='lat' dir='ltr'>eonsue-</span> <span class='ocrx_word' id='word_1_171' title='bbox 986 1835 1150 1911; x_wconf 91' lang='lat' dir='ltr'>compesci</span> <span class='ocrx_word' id='word_1_172' title='bbox 1173 1848 1193 1895; x_wconf 90' lang='lat' dir='ltr'>a</span> <span class='ocrx_word' id='word_1_173' title='bbox 1213 1834 1444 1896; x_wconf 86' lang='lat' dir='ltr'>molestatione</span> <span class='ocrx_word' id='word_1_174' title='bbox 1462 1849 1523 1894; x_wconf 89' lang='lat' dir='ltr'>sua</span> <span class='ocrx_word' id='word_1_175' title='bbox 1542 1832 1782 1910; x_wconf 89' lang='lat' dir='ltr'>hominumque</span> 
     </span>
     <span class='ocr_line' id='line_1_17' title="bbox 133 1922 1783 2008; baseline 0.004 -21"><span class='ocrx_word' id='word_1_176' title='bbox 133 1928 237 1997; x_wconf 81' lang='lat' dir='ltr'>verat,</span> <span class='ocrx_word' id='word_1_177' title='bbox 263 1927 306 1988; x_wconf 91' lang='lat' dir='ltr'>sit</span> <span class='ocrx_word' id='word_1_178' title='bbox 320 1926 481 2003; x_wconf 90' lang='lat' dir='ltr'>elapsum,</span> <span class='ocrx_word' id='word_1_179' title='bbox 498 1925 718 1987; x_wconf 83' lang='lat' dir='ltr'>Massiliensis</span> <span class='ocrx_word' id='word_1_180' title='bbox 740 1922 931 1999; x_wconf 84' lang='lat' dir='ltr'>cupiditatis</span> <span class='ocrx_word' id='word_1_181' title='bbox 986 1947 1134 2003; x_wconf 74' lang='lat' dir='ltr'>suorum,</span> <span class='ocrx_word' id='word_1_182' title='bbox 1146 1948 1187 1993; x_wconf 79' lang='lat' dir='ltr'>ao</span> <span class='ocrx_word' id='word_1_183' title='bbox 1200 1932 1301 1993; x_wconf 85' lang='lat' dir='ltr'>etiam</span> <span class='ocrx_word' id='word_1_184' title='bbox 1317 1932 1428 2008; x_wconf 90' lang='lat' dir='ltr'>puniri</span> <span class='ocrx_word' id='word_1_185' title='bbox 1439 1946 1498 2008; x_wconf 90' lang='lat' dir='ltr'>pro</span> <span class='ocrx_word' id='word_1_186' title='bbox 1508 1930 1712 2008; x_wconf 88' lang='lat' dir='ltr'>perpetratis</span> <span class='ocrx_word' id='word_1_187' title='bbox 1727 1930 1783 1992; x_wconf 90' lang='lat' dir='ltr'>ho·</span> 
     </span>
     <span class='ocr_line' id='line_1_18' title="bbox 134 2020 1781 2101; baseline -0.002 -16"><span class='ocrx_word' id='word_1_188' title='bbox 134 2023 292 2085; x_wconf 89' lang='lat' dir='ltr'>inebriati</span> <span class='ocrx_word' id='word_1_189' title='bbox 307 2025 647 2097; x_wconf 81' lang='lat' dir='ltr'>veneno,blammona</span> <span class='ocrx_word' id='word_1_190' title='bbox 663 2024 730 2083; x_wconf 86' lang='lat' dir='ltr'>Deo</span> <span class='ocrx_word' id='word_1_191' title='bbox 751 2020 784 2081; x_wconf 91' lang='lat' dir='ltr'>et</span> <span class='ocrx_word' id='word_1_192' title='bbox 797 2020 931 2081; x_wconf 90' lang='lat' dir='ltr'>terrena</span> <span class='ocrx_word' id='word_1_193' title='bbox 987 2028 1131 2090; x_wconf 69' lang='lat' dir='ltr'>micidiis</span> <span class='ocrx_word' id='word_1_194' title='bbox 1157 2028 1353 2091; x_wconf 66' lang='lat' dir='ltr'>saperemus.</span> <span class='ocrx_word' id='word_1_195' title='bbox 1382 2029 1464 2101; x_wconf 79' lang='lat' dir='ltr'>Quia</span> <span class='ocrx_word' id='word_1_196' title='bbox 1488 2043 1570 2089; x_wconf 71' lang='lat' dir='ltr'>vero</span> <span class='ocrx_word' id='word_1_197' title='bbox 1596 2027 1695 2088; x_wconf 79' lang='lat' dir='ltr'>nohis</span> <span class='ocrx_word' id='word_1_198' title='bbox 1717 2043 1781 2088; x_wconf 84' lang='lat' dir='ltr'>non</span> 
     </span>
     <span class='ocr_line' id='line_1_19' title="bbox 133 2117 1781 2202; baseline -0.002 -20"><span class='ocrx_word' id='word_1_199' title='bbox 133 2120 326 2183; x_wconf 77' lang='lat' dir='ltr'>celestibus</span> <span class='ocrx_word' id='word_1_200' title='bbox 334 2136 375 2182; x_wconf 91' lang='lat' dir='ltr'>ac</span> <span class='ocrx_word' id='word_1_201' title='bbox 388 2120 581 2183; x_wconf 86' lang='lat' dir='ltr'>transitoria</span> <span class='ocrx_word' id='word_1_202' title='bbox 590 2120 819 2197; x_wconf 81' lang='lat' dir='ltr'>praeponentes</span> <span class='ocrx_word' id='word_1_203' title='bbox 831 2117 932 2178; x_wconf 73' lang='lat' dir='ltr'>aiter-</span> <span class='ocrx_word' id='word_1_204' title='bbox 986 2126 1134 2188; x_wconf 72' lang='lat' dir='ltr'>00nstitit</span> <span class='ocrx_word' id='word_1_205' title='bbox 1157 2126 1199 2186; x_wconf 71' lang='lat' dir='ltr'>do</span> <span class='ocrx_word' id='word_1_206' title='bbox 1226 2125 1420 2202; x_wconf 69' lang='lat' dir='ltr'>praemissis,</span> <span class='ocrx_word' id='word_1_207' title='bbox 1446 2124 1641 2186; x_wconf 72' lang='lat' dir='ltr'>discretioni</span> <span class='ocrx_word' id='word_1_208' title='bbox 1659 2126 1781 2187; x_wconf 73' lang='lat' dir='ltr'>vestrae</span> 
     </span>
     <span class='ocr_line' id='line_1_20' title="bbox 134 2215 1781 2301; baseline -0.005 -12"><span class='ocrx_word' id='word_1_209' title='bbox 134 2217 198 2289; x_wconf 69' lang='lat' dir='ltr'>nie,</span> <span class='ocrx_word' id='word_1_210' title='bbox 224 2217 307 2279; x_wconf 71' lang='lat' dir='ltr'>duee</span> <span class='ocrx_word' id='word_1_211' title='bbox 332 2233 434 2279; x_wconf 62' lang='grc' dir='ltr'>ΗΜ8</span> <span class='ocrx_word' id='word_1_212' title='bbox 458 2231 649 2294; x_wconf 64' lang='lat' dir='ltr'>illiti)arare</span> <span class='ocrx_word' id='word_1_213' title='bbox 677 2215 829 2277; x_wconf 69' lang='lat' dir='ltr'>nituntur</span> <span class='ocrx_word' id='word_1_214' title='bbox 857 2228 932 2274; x_wconf 70' lang='lat' dir='ltr'>⁰111ss</span> <span class='ocrx_word' id='word_1_215' title='bbox 987 2239 1048 2301; x_wconf 89' lang='lat' dir='ltr'>per</span> <span class='ocrx_word' id='word_1_216' title='bbox 1058 2223 1248 2301; x_wconf 80' lang='lat' dir='ltr'>Apostolica</span> <span class='ocrx_word' id='word_1_217' title='bbox 1260 2222 1383 2299; x_wconf 87' lang='lat' dir='ltr'>scripta</span> <span class='ocrx_word' id='word_1_218' title='bbox 1397 2222 1603 2295; x_wconf 90' lang='lat' dir='ltr'>mandamus,</span> <span class='ocrx_word' id='word_1_219' title='bbox 1618 2223 1781 2300; x_wconf 89' lang='lat' dir='ltr'>quatenus</span> 
     </span>
     <span class='ocr_line' id='line_1_21' title="bbox 135 2310 1819 2398; baseline -0.002 -22"><span class='ocrx_word' id='word_1_220' title='bbox 135 2313 362 2377; x_wconf 84' lang='lat' dir='ltr'>mercimoniis</span> <span class='ocrx_word' id='word_1_221' title='bbox 385 2315 420 2376; x_wconf 92' lang='lat' dir='ltr'>in</span> <span class='ocrx_word' id='word_1_222' title='bbox 438 2313 678 2376; x_wconf 81' lang='lat' dir='ltr'>Alexandriam</span> <span class='ocrx_word' id='word_1_223' title='bbox 697 2310 931 2374; x_wconf 84' lang='lat' dir='ltr'>transmitten—</span> <span class='ocrx_word' id='word_1_224' title='bbox 986 2321 1124 2391; x_wconf 64' lang='lat' dir='ltr'>vocatis,</span> <span class='ocrx_word' id='word_1_225' title='bbox 1134 2320 1192 2398; x_wconf 76' lang='lat' dir='ltr'>qut</span> <span class='ocrx_word' id='word_1_226' title='bbox 1208 2319 1333 2382; x_wconf 72' lang='lat' dir='ltr'>merim</span> <span class='ocrx_word' id='word_1_227' title='bbox 1343 2318 1514 2391; x_wconf 77' lang='lat' dir='ltr'>evocandi,</span> <span class='ocrx_word' id='word_1_228' title='bbox 1524 2320 1558 2380; x_wconf 79' lang='lat' dir='ltr'>et</span> <span class='ocrx_word' id='word_1_229' title='bbox 1567 2319 1693 2380; x_wconf 79' lang='lat' dir='ltr'>auditis</span> <span class='ocrx_word' id='word_1_230' title='bbox 1706 2318 1782 2380; x_wconf 83' lang='lat' dir='ltr'>hinc</span> <span class='ocrx_word' id='word_1_231' title='bbox 1815 2324 1819 2331; x_wconf 88' lang='grc'><em>·</em></span> 
     </span>
     <span class='ocr_line' id='line_1_22' title="bbox 135 2407 1782 2495; baseline -0.007 -23"><span class='ocrx_word' id='word_1_232' title='bbox 135 2410 208 2482; x_wconf 89' lang='lat' dir='ltr'>das,</span> <span class='ocrx_word' id='word_1_233' title='bbox 226 2410 262 2473; x_wconf 90' lang='lat' dir='ltr'>in</span> <span class='ocrx_word' id='word_1_234' title='bbox 284 2410 477 2473; x_wconf 90' lang='lat' dir='ltr'>scandalum</span> <span class='ocrx_word' id='word_1_235' title='bbox 497 2411 530 2473; x_wconf 91' lang='lat' dir='ltr'>et</span> <span class='ocrx_word' id='word_1_236' title='bbox 544 2408 830 2472; x_wconf 86' lang='lat' dir='ltr'>conturbationem</span> <span class='ocrx_word' id='word_1_237' title='bbox 852 2407 934 2468; x_wconf 86' lang='lat' dir='ltr'>iide-</span> <span class='ocrx_word' id='word_1_238' title='bbox 986 2416 1065 2479; x_wconf 66' lang='lat' dir='ltr'>indo</span> <span class='ocrx_word' id='word_1_239' title='bbox 1080 2416 1270 2495; x_wconf 67' lang='lat' dir='ltr'>propositis,</span> <span class='ocrx_word' id='word_1_240' title='bbox 1289 2416 1375 2493; x_wconf 73' lang='lat' dir='ltr'>quod</span> <span class='ocrx_word' id='word_1_241' title='bbox 1391 2418 1518 2493; x_wconf 67' lang='lat' dir='ltr'>justum</span> <span class='ocrx_word' id='word_1_242' title='bbox 1538 2415 1651 2485; x_wconf 60' lang='lat' dir='ltr'>fuerit,</span> <span class='ocrx_word' id='word_1_243' title='bbox 1668 2415 1782 2493; x_wconf 60' lang='lat' dir='ltr'>appel.</span> 
     </span>
     <span class='ocr_line' id='line_1_23' title="bbox 137 2501 1780 2591; baseline -0.004 -13"><span class='ocrx_word' id='word_1_244' title='bbox 137 2507 231 2578; x_wconf 84' lang='lat' dir='ltr'>num,</span> <span class='ocrx_word' id='word_1_245' title='bbox 243 2509 276 2570; x_wconf 79' lang='lat' dir='ltr'>et</span> <span class='ocrx_word' id='word_1_246' title='bbox 290 2506 434 2569; x_wconf 77' lang='lat' dir='ltr'>nostrum</span> <span class='ocrx_word' id='word_1_247' title='bbox 448 2506 571 2568; x_wconf 81' lang='lat' dir='ltr'>Christi</span> <span class='ocrx_word' id='word_1_248' title='bbox 589 2505 747 2581; x_wconf 75' lang='lat' dir='ltr'>gaudium</span> <span class='ocrx_word' id='word_1_249' title='bbox 761 2506 794 2565; x_wconf 80' lang='lat' dir='ltr'>et</span> <span class='ocrx_word' id='word_1_250' title='bbox 808 2501 935 2579; x_wconf 71' lang='lat' dir='ltr'>prorae</span> <span class='ocrx_word' id='word_1_251' title='bbox 989 2516 1115 2577; x_wconf 78' lang='lat' dir='ltr'>ratione</span> <span class='ocrx_word' id='word_1_252' title='bbox 1133 2515 1326 2591; x_wconf 75' lang='lat' dir='ltr'>postposita,</span> <span class='ocrx_word' id='word_1_253' title='bbox 1348 2513 1513 2582; x_wconf 79' lang='lat' dir='ltr'>statuatis,</span> <span class='ocrx_word' id='word_1_254' title='bbox 1529 2511 1704 2583; x_wconf 77' lang='lat' dir='ltr'>facientes,</span> <span class='ocrx_word' id='word_1_255' title='bbox 1720 2514 1780 2574; x_wconf 77' lang='lat' dir='ltr'>ete.</span> 
     </span>
     <span class='ocr_line' id='line_1_24' title="bbox 135 2598 1781 2687; baseline -0.002 -21"><span class='ocrx_word' id='word_1_256' title='bbox 135 2604 218 2666; x_wconf 86' lang='lat' dir='ltr'>tum.</span> <span class='ocrx_word' id='word_1_257' title='bbox 235 2605 315 2664; x_wconf 89' lang='lat' dir='ltr'>Cum</span> <span class='ocrx_word' id='word_1_258' title='bbox 325 2604 428 2680; x_wconf 82' lang='lat' dir='ltr'>igitur</span> <span class='ocrx_word' id='word_1_259' title='bbox 439 2619 482 2664; x_wconf 84' lang='lat' dir='ltr'>ex</span> <span class='ocrx_word' id='word_1_260' title='bbox 491 2603 554 2664; x_wconf 91' lang='lat' dir='ltr'>hoc</span> <span class='ocrx_word' id='word_1_261' title='bbox 567 2616 747 2663; x_wconf 86' lang='lat' dir='ltr'>succursus</span> <span class='ocrx_word' id='word_1_262' title='bbox 760 2598 934 2661; x_wconf 89' lang='lat' dir='ltr'>christiani</span> <span class='ocrx_word' id='word_1_263' title='bbox 989 2611 1081 2685; x_wconf 73' lang='lat' dir='ltr'><strong>Quod</strong></span> <span class='ocrx_word' id='word_1_264' title='bbox 1094 2610 1123 2672; x_wconf 64' lang='lat' dir='ltr'>si</span> <span class='ocrx_word' id='word_1_265' title='bbox 1136 2626 1202 2672; x_wconf 76' lang='lat' dir='ltr'>non</span> <span class='ocrx_word' id='word_1_266' title='bbox 1215 2626 1340 2683; x_wconf 72' lang='lat' dir='ltr'>omnes,</span> <span class='ocrx_word' id='word_1_267' title='bbox 1353 2614 1420 2673; x_wconf 62' lang='lat' dir='ltr'>oto,</span> <span class='ocrx_word' id='word_1_268' title='bbox 1431 2609 1647 2687; x_wconf 72' lang='lat' dir='ltr'>Datumapmi</span> <span class='ocrx_word' id='word_1_269' title='bbox 1663 2608 1781 2672; x_wconf 72' lang='lat' dir='ltr'>Urbem</span> 
     </span>
    </p>
   </div>
   <div class='ocr_carea' id='block_1_3' title="bbox 135 2696 1758 2874">
    <p class='ocr_par' dir='ltr' id='par_1_3' title="bbox 135 2696 1758 2874">
     <span class='ocr_line' id='line_1_25' title="bbox 136 2696 1758 2785; baseline -0.009 -22"><span class='ocrx_word' id='word_1_270' title='bbox 136 2701 304 2763; x_wconf 83' lang='lat' dir='ltr'>exercitus</span> <span class='ocrx_word' id='word_1_271' title='bbox 325 2700 451 2762; x_wconf 89' lang='lat' dir='ltr'>nonsit</span> <span class='ocrx_word' id='word_1_272' title='bbox 467 2699 603 2760; x_wconf 90' lang='lat' dir='ltr'>dubium</span> <span class='ocrx_word' id='word_1_273' title='bbox 617 2698 783 2775; x_wconf 91' lang='lat' dir='ltr'>impediri,</span> <span class='ocrx_word' id='word_1_274' title='bbox 806 2700 840 2759; x_wconf 94' lang='lat' dir='ltr'>et</span> <span class='ocrx_word' id='word_1_275' title='bbox 854 2696 935 2757; x_wconf 91' lang='lat' dir='ltr'>hos·</span> <span class='ocrx_word' id='word_1_276' title='bbox 988 2712 1152 2782; x_wconf 59' lang='lat' dir='ltr'>Veterem,</span> <span class='ocrx_word' id='word_1_277' title='bbox 1169 2710 1200 2770; x_wconf 89' lang='lat'>11</span> <span class='ocrx_word' id='word_1_278' title='bbox 1210 2708 1286 2771; x_wconf 60' lang='lat' dir='ltr'>idus</span> <span class='ocrx_word' id='word_1_279' title='bbox 1302 2707 1609 2785; x_wconf 52' lang='lat' dir='ltr'>sepmmbrqg‚qnn0</span> <span class='ocrx_word' id='word_1_280' title='bbox 1624 2707 1758 2785; x_wconf 49' lang='lat' dir='ltr'>quinto„</span> 
     </span>
     <span class='ocr_line' id='line_1_26' title="bbox 135 2793 937 2874; baseline -0.006 -15"><span class='ocrx_word' id='word_1_281' title='bbox 135 2798 218 2860; x_wconf 75' lang='lat' dir='ltr'>hum</span> <span class='ocrx_word' id='word_1_282' title='bbox 240 2799 446 2859; x_wconf 88' lang='lat' dir='ltr'>commodum</span> <span class='ocrx_word' id='word_1_283' title='bbox 462 2798 710 2874; x_wconf 83' lang='lat' dir='ltr'>proventurum,</span> <span class='ocrx_word' id='word_1_284' title='bbox 730 2793 937 2855; x_wconf 77' lang='lat' dir='ltr'>fraternitati</span> 
     </span>
    </p>
   </div>
   <div class='ocr_carea' id='block_1_4' title="bbox 136 2850 1753 3263">
    <p class='ocr_par' dir='ltr' id='par_1_4' title="bbox 137 2850 1416 2982">
     <span class='ocr_line' id='line_1_27' title="bbox 137 2850 1416 2982; baseline -0.006 -27"><span class='ocrx_word' id='word_1_285' title='bbox 137 2897 204 2956; x_wconf 85' lang='lat' dir='ltr'>tuae</span> <span class='ocrx_word' id='word_1_286' title='bbox 220 2910 279 2972; x_wconf 90' lang='lat' dir='ltr'>per</span> <span class='ocrx_word' id='word_1_287' title='bbox 291 2895 481 2972; x_wconf 81' lang='lat' dir='ltr'>apostolica</span> <span class='ocrx_word' id='word_1_288' title='bbox 497 2894 621 2970; x_wconf 88' lang='lat' dir='ltr'>scripta</span> <span class='ocrx_word' id='word_1_289' title='bbox 640 2891 790 2954; x_wconf 90' lang='lat' dir='ltr'>districte</span> <span class='ocrx_word' id='word_1_290' title='bbox 813 2889 936 2982; x_wconf 74' lang='lat' dir='ltr'>praeci·</span> <span class='ocrx_word' id='word_1_291' title='bbox 1349 2850 1416 2939; x_wconf 76' lang='lat' dir='ltr'>LV</span> 
     </span>
    </p>

    <p class='ocr_par' dir='ltr' id='par_1_5' title="bbox 136 2984 1664 3167">
     <span class='ocr_line' id='line_1_28' title="bbox 136 2984 1664 3070; baseline -0.005 -17"><span class='ocrx_word' id='word_1_292' title='bbox 136 2991 258 3070; x_wconf 92' lang='lat' dir='ltr'>piendo</span> <span class='ocrx_word' id='word_1_293' title='bbox 278 2992 484 3064; x_wconf 85' lang='lat' dir='ltr'>mandamus,</span> <span class='ocrx_word' id='word_1_294' title='bbox 501 2992 663 3068; x_wconf 89' lang='lat' dir='ltr'>qnatenus</span> <span class='ocrx_word' id='word_1_295' title='bbox 678 2990 934 3067; x_wconf 79' lang='lat' dir='ltr'>praesumptores</span> <span class='ocrx_word' id='word_1_296' title='bbox 1119 2987 1171 3047; x_wconf 75' lang='lat' dir='ltr'>Ad</span> <span class='ocrx_word' id='word_1_297' title='bbox 1191 2987 1389 3058; x_wconf 77' lang='lat' dir='ltr'>episcopam</span> <span class='ocrx_word' id='word_1_298' title='bbox 1405 2984 1664 3047; x_wconf 78' lang='lat' dir='ltr'>Mimatensem.</span> 
     </span>
     <span class='ocr_line' id='line_1_29' title="bbox 139 3083 1538 3167; baseline -0.003 -18"><span class='ocrx_word' id='word_1_299' title='bbox 139 3089 315 3167; x_wconf 85' lang='lat' dir='ltr'>praedictos</span> <span class='ocrx_word' id='word_1_300' title='bbox 332 3089 373 3151; x_wconf 88' lang='lat' dir='ltr'>ab</span> <span class='ocrx_word' id='word_1_301' title='bbox 395 3088 586 3166; x_wconf 90' lang='lat' dir='ltr'>hujusmodi</span> <span class='ocrx_word' id='word_1_302' title='bbox 604 3086 791 3150; x_wconf 89' lang='lat' dir='ltr'>temeritate</span> <span class='ocrx_word' id='word_1_303' title='bbox 813 3083 934 3163; x_wconf 91' lang='lat' dir='ltr'>populo</span> <span class='ocrx_word' id='word_1_304' title='bbox 1239 3088 1273 3146; x_wconf 79' lang='lat' dir='ltr'>lt</span> <span class='ocrx_word' id='word_1_305' title='bbox 1290 3086 1436 3161; x_wconf 83' lang='lat' dir='ltr'>septemb..</span> <span class='ocrx_word' id='word_1_306' title='bbox 1452 3088 1538 3145; x_wconf 76' lang='lat' dir='ltr'>lito.</span> 
     </span>
    </p>

    <p class='ocr_par' dir='ltr' id='par_1_6' title="bbox 138 3180 1753 3263">
     <span class='ocr_line' id='line_1_30' title="bbox 138 3180 1753 3263; baseline 0 -15"><span class='ocrx_word' id='word_1_307' title='bbox 138 3185 322 3250; x_wconf 87' lang='lat' dir='ltr'>christiano</span> <span class='ocrx_word' id='word_1_308' title='bbox 352 3185 523 3254; x_wconf 84' lang='lat' dir='ltr'>damnosa,</span> <span class='ocrx_word' id='word_1_309' title='bbox 540 3184 722 3246; x_wconf 89' lang='lat' dir='ltr'>monitione</span> <span class='ocrx_word' id='word_1_310' title='bbox 745 3180 932 3259; x_wconf 86' lang='lat' dir='ltr'>praemissa,</span> <span class='ocrx_word' id='word_1_311' title='bbox 1016 3196 1136 3258; x_wconf 58' lang='lat' dir='ltr'>[negem</span> <span class='ocrx_word' id='word_1_312' title='bbox 1150 3194 1196 3245; x_wconf 81' lang='lat' dir='ltr'>lib.</span> <span class='ocrx_word' id='word_1_313' title='bbox 1210 3195 1242 3253; x_wconf 82' lang='lat' dir='ltr'>v,</span> <span class='ocrx_word' id='word_1_314' title='bbox 1253 3195 1326 3259; x_wconf 82' lang='lat' dir='ltr'>epist.</span> <span class='ocrx_word' id='word_1_315' title='bbox 1338 3194 1392 3244; x_wconf 78' lang='lat' dir='ltr'>tls.</span> <span class='ocrx_word' id='word_1_316' title='bbox 1405 3196 1464 3246; x_wconf 73' lang='lat' dir='ltr'>uss.</span> <span class='ocrx_word' id='word_1_317' title='bbox 1477 3197 1514 3246; x_wconf 67' lang='lat' dir='ltr'>us</span> <span class='ocrx_word' id='word_1_318' title='bbox 1525 3196 1602 3246; x_wconf 75' lang='lat' dir='ltr'>rorte</span> <span class='ocrx_word' id='word_1_319' title='bbox 1611 3195 1647 3247; x_wconf 82' lang='lat' dir='ltr'>du</span> <span class='ocrx_word' id='word_1_320' title='bbox 1657 3197 1753 3263; x_wconf 76' lang='lat' dir='ltr'>rnen]</span> 
     </span>
    </p>
   </div>
   <div class='ocr_carea' id='block_1_5' title="bbox 139 3279 1788 3453">
    <p class='ocr_par' dir='ltr' id='par_1_7' title="bbox 139 3279 1788 3453">
     <span class='ocr_line' id='line_1_31' title="bbox 139 3279 1788 3366; baseline -0.004 -22"><span class='ocrx_word' id='word_1_321' title='bbox 139 3298 200 3360; x_wconf 88' lang='lat' dir='ltr'>per</span> <span class='ocrx_word' id='word_1_322' title='bbox 214 3284 570 3345; x_wconf 83' lang='lat' dir='ltr'>excommunicationis</span> <span class='ocrx_word' id='word_1_323' title='bbox 587 3281 785 3344; x_wconf 89' lang='lat' dir='ltr'>sententiam</span> <span class='ocrx_word' id='word_1_324' title='bbox 805 3279 840 3339; x_wconf 90' lang='lat' dir='ltr'>in</span> <span class='ocrx_word' id='word_1_325' title='bbox 864 3292 936 3354; x_wconf 88' lang='lat' dir='ltr'>per·</span> <span class='ocrx_word' id='word_1_326' title='bbox 989 3291 1104 3351; x_wconf 60' lang='lat' dir='ltr'>ueneat</span> <span class='ocrx_word' id='word_1_327' title='bbox 1119 3299 1160 3361; x_wconf 85' lang='lat' dir='ltr'>ut,</span> <span class='ocrx_word' id='word_1_328' title='bbox 1176 3293 1200 3350; x_wconf 82' lang='lat' dir='ltr'>si</span> <span class='ocrx_word' id='word_1_329' title='bbox 1215 3293 1368 3366; x_wconf 85' lang='lat' dir='ltr'>episcopus</span> <span class='ocrx_word' id='word_1_330' title='bbox 1391 3292 1603 3352; x_wconf 82' lang='lat' dir='ltr'>claromonten.</span> <span class='ocrx_word' id='word_1_331' title='bbox 1620 3309 1674 3366; x_wconf 69' lang='lat' dir='ltr'>pro</span> <span class='ocrx_word' id='word_1_332' title='bbox 1687 3309 1788 3353; x_wconf 58' lang='lat' dir='ltr'>mn.</span> 
     </span>
     <span class='ocr_line' id='line_1_32' title="bbox 141 3377 1786 3453; baseline 0 -12"><span class='ocrx_word' id='word_1_333' title='bbox 141 3380 245 3453; x_wconf 79' lang='lat' dir='ltr'>sonis,</span> <span class='ocrx_word' id='word_1_334' title='bbox 271 3382 305 3442; x_wconf 92' lang='lat' dir='ltr'>et</span> <span class='ocrx_word' id='word_1_335' title='bbox 323 3381 359 3442; x_wconf 90' lang='lat' dir='ltr'>in</span> <span class='ocrx_word' id='word_1_336' title='bbox 381 3381 549 3442; x_wconf 84' lang='lat' dir='ltr'>civitatem</span> <span class='ocrx_word' id='word_1_337' title='bbox 574 3394 689 3440; x_wconf 89' lang='lat' dir='ltr'>eorum</span> <span class='ocrx_word' id='word_1_338' title='bbox 712 3377 935 3438; x_wconf 88' lang='lat' dir='ltr'>arctissimum</span> <span class='ocrx_word' id='word_1_339' title='bbox 1025 3383 1169 3439; x_wconf 86' lang='lat' dir='ltr'>ciliatiooe</span> <span class='ocrx_word' id='word_1_340' title='bbox 1182 3382 1312 3439; x_wconf 82' lang='lat' dir='ltr'>ecclesie</span> <span class='ocrx_word' id='word_1_341' title='bbox 1326 3382 1492 3439; x_wconf 86' lang='lat' dir='ltr'>monasterii</span> <span class='ocrx_word' id='word_1_342' title='bbox 1508 3383 1786 3441; x_wconf 67' lang='lat' dir='ltr'>narniensem·-</span> 
     </span>
    </p>
   </div>
   <div class='ocr_carea' id='block_1_6' title="bbox 139 3470 1785 3844">
    <p class='ocr_par' dir='ltr' id='par_1_8' title="bbox 140 3470 1785 3749">
     <span class='ocr_line' id='line_1_33' title="bbox 140 3470 1767 3554; baseline -0.005 -16"><span class='ocrx_word' id='word_1_343' title='bbox 140 3477 366 3547; x_wconf 87' lang='lat' dir='ltr'>interdictum,</span> <span class='ocrx_word' id='word_1_344' title='bbox 373 3477 503 3540; x_wconf 92' lang='lat' dir='ltr'>sublato</span> <span class='ocrx_word' id='word_1_345' title='bbox 516 3474 693 3554; x_wconf 70' lang='lat' dir='ltr'>cuiuslibet</span> <span class='ocrx_word' id='word_1_346' title='bbox 704 3471 936 3535; x_wconf 90' lang='lat' dir='ltr'>contradictio·</span> <span class='ocrx_word' id='word_1_347' title='bbox 1025 3479 1085 3529; x_wconf 89' lang='lat' dir='ltr'>tum</span> <span class='ocrx_word' id='word_1_348' title='bbox 1100 3470 1261 3542; x_wconf 84' lang='lat' dir='ltr'>adimplere</span> <span class='ocrx_word' id='word_1_349' title='bbox 1271 3484 1329 3527; x_wconf 89' lang='lat' dir='ltr'>non</span> <span class='ocrx_word' id='word_1_350' title='bbox 1342 3471 1494 3540; x_wconf 81' lang='lat' dir='ltr'>curaverit,</span> <span class='ocrx_word' id='word_1_351' title='bbox 1507 3472 1570 3544; x_wconf 87' lang='lat' dir='ltr'>ipse</span> <span class='ocrx_word' id='word_1_352' title='bbox 1581 3480 1767 3544; x_wconf 82' lang='lat' dir='ltr'>exsequatur.</span> 
     </span>
     <span class='ocr_line' id='line_1_34' title="bbox 141 3567 1785 3651; baseline -0.001 -17"><span class='ocrx_word' id='word_1_353' title='bbox 141 3574 195 3634; x_wconf 93' lang='lat' dir='ltr'>nis</span> <span class='ocrx_word' id='word_1_354' title='bbox 217 3575 249 3636; x_wconf 90' lang='lat' dir='ltr'>et</span> <span class='ocrx_word' id='word_1_355' title='bbox 271 3574 508 3651; x_wconf 88' lang='lat' dir='ltr'>appellationis</span> <span class='ocrx_word' id='word_1_356' title='bbox 520 3572 661 3650; x_wconf 88' lang='lat' dir='ltr'>objectu,</span> <span class='ocrx_word' id='word_1_357' title='bbox 685 3583 886 3647; x_wconf 91' lang='lat' dir='ltr'>compescas,</span> <span class='ocrx_word' id='word_1_358' title='bbox 903 3568 934 3629; x_wconf 89' lang='lat' dir='ltr'>et</span> <span class='ocrx_word' id='word_1_359' title='bbox 1030 3569 1213 3640; x_wconf 86' lang='lat' dir='ltr'>Honorius,</span> <span class='ocrx_word' id='word_1_360' title='bbox 1222 3569 1298 3641; x_wconf 78' lang='lat' dir='ltr'>etc,</span> <span class='ocrx_word' id='word_1_361' title='bbox 1315 3567 1502 3630; x_wconf 87' lang='lat' dir='ltr'>venerabili</span> <span class='ocrx_word' id='word_1_362' title='bbox 1515 3569 1611 3631; x_wconf 83' lang='lat' dir='ltr'>fratri</span> <span class='ocrx_word' id='word_1_363' title='bbox 1627 3570 1785 3647; x_wconf 88' lang='lat' dir='ltr'>episcopo</span> 
     </span>
     <span class='ocr_line' id='line_1_35' title="bbox 140 3666 1163 3749; baseline -0.008 -16"><span class='ocrx_word' id='word_1_364' title='bbox 140 3673 298 3749; x_wconf 91' lang='lat' dir='ltr'>quoniam</span> <span class='ocrx_word' id='word_1_365' title='bbox 336 3670 526 3748; x_wconf 80' lang='lat' dir='ltr'>hujusmodi</span> <span class='ocrx_word' id='word_1_366' title='bbox 559 3667 735 3731; x_wconf 87' lang='lat' dir='ltr'>christiani</span> <span class='ocrx_word' id='word_1_367' title='bbox 769 3666 935 3728; x_wconf 83' lang='lat' dir='ltr'>exercitus</span> <span class='ocrx_word' id='word_1_368' title='bbox 991 3666 1163 3727; x_wconf 87' lang='lat' dir='ltr'>Mimaten.</span> 
     </span>
    </p>

    <p class='ocr_par' dir='ltr' id='par_1_9' title="bbox 139 3761 1785 3844">
     <span class='ocr_line' id='line_1_36' title="bbox 139 3761 1785 3844; baseline -0.004 -13"><span class='ocrx_word' id='word_1_369' title='bbox 139 3770 337 3831; x_wconf 85' lang='lat' dir='ltr'>necessitate</span> <span class='ocrx_word' id='word_1_370' title='bbox 355 3768 500 3830; x_wconf 86' lang='lat' dir='ltr'>durante</span> <span class='ocrx_word' id='word_1_371' title='bbox 519 3766 714 3844; x_wconf 84' lang='lat' dir='ltr'>praedictum</span> <span class='ocrx_word' id='word_1_372' title='bbox 725 3761 935 3843; x_wconf 83' lang='lat' dir='ltr'>quadriennii</span> <span class='ocrx_word' id='word_1_373' title='bbox 1028 3761 1785 3826; x_wconf 85' lang='lat' dir='ltr'>Suanobisabbatissaetmouialesmonasterii</span> 
     </span>
    </p>
   </div>
   <div class='ocr_carea' id='block_1_7' title="bbox 18 3857 1791 3943">
    <p class='ocr_par' dir='ltr' id='par_1_10' title="bbox 18 3857 1791 3943">
     <span class='ocr_line' id='line_1_37' title="bbox 18 3857 1791 3943; baseline -0.009 -8"><span class='ocrx_word' id='word_1_374' title='bbox 18 3928 21 3935; x_wconf 85' lang='lat'>.</span> <span class='ocrx_word' id='word_1_375' title='bbox 141 3866 353 3929; x_wconf 86' lang='lat' dir='ltr'>interdictum</span> <span class='ocrx_word' id='word_1_376' title='bbox 374 3865 509 3943; x_wconf 83' lang='lat' dir='ltr'>expedit</span> <span class='ocrx_word' id='word_1_377' title='bbox 530 3863 703 3942; x_wconf 82' lang='lat' dir='ltr'>prorogari</span> <span class='ocrx_word' id='word_1_378' title='bbox 719 3861 871 3924; x_wconf 87' lang='lat' dir='ltr'>omnibus</span> <span class='ocrx_word' id='word_1_379' title='bbox 890 3860 937 3920; x_wconf 91' lang='lat' dir='ltr'>in·</span> <span class='ocrx_word' id='word_1_380' title='bbox 990 3857 1161 3921; x_wconf 89' lang='lat' dir='ltr'>Blasilien.</span> <span class='ocrx_word' id='word_1_381' title='bbox 1184 3858 1409 3920; x_wconf 89' lang='lat' dir='ltr'>insinuatione</span> <span class='ocrx_word' id='word_1_382' title='bbox 1433 3859 1676 3931; x_wconf 87' lang='lat' dir='ltr'>monstrarunt,</span> <span class='ocrx_word' id='word_1_383' title='bbox 1701 3859 1791 3937; x_wconf 92' lang='lat' dir='ltr'>quod</span> 
     </span>
    </p>
   </div>
   <div class='ocr_carea' id='block_1_8' title="bbox 139 3956 1828 5415">
    <p class='ocr_par' dir='ltr' id='par_1_11' title="bbox 139 3956 1828 5037">
     <span class='ocr_line' id='line_1_38' title="bbox 141 3956 1788 4041; baseline -0.006 -16"><span class='ocrx_word' id='word_1_384' title='bbox 141 3962 366 4027; x_wconf 85' lang='lat' dir='ltr'>habitantibus</span> <span class='ocrx_word' id='word_1_385' title='bbox 385 3965 496 4041; x_wconf 91' lang='lat' dir='ltr'>partes</span> <span class='ocrx_word' id='word_1_386' title='bbox 512 3962 695 4023; x_wconf 88' lang='lat' dir='ltr'>maritimas</span> <span class='ocrx_word' id='word_1_387' title='bbox 714 3959 776 4021; x_wconf 88' lang='lat' dir='ltr'>sub</span> <span class='ocrx_word' id='word_1_388' title='bbox 797 3957 938 4020; x_wconf 87' lang='lat' dir='ltr'>anathe-</span> <span class='ocrx_word' id='word_1_389' title='bbox 991 3971 1094 4033; x_wconf 87' lang='lat' dir='ltr'>quum</span> <span class='ocrx_word' id='word_1_390' title='bbox 1113 3969 1232 4017; x_wconf 89' lang='lat' dir='ltr'>eorum</span> <span class='ocrx_word' id='word_1_391' title='bbox 1242 3956 1481 4017; x_wconf 87' lang='lat' dir='ltr'>monasterium</span> <span class='ocrx_word' id='word_1_392' title='bbox 1492 3971 1567 4018; x_wconf 92' lang='lat' dir='ltr'>cum</span> <span class='ocrx_word' id='word_1_393' title='bbox 1589 3956 1788 4032; x_wconf 69' lang='lat' dir='ltr'>adjacentiis</span> 
     </span>
     <span class='ocr_line' id='line_1_39' title="bbox 141 4053 1787 4134; baseline -0.005 -12"><span class='ocrx_word' id='word_1_394' title='bbox 141 4064 228 4125; x_wconf 90' lang='lat' dir='ltr'>mate</span> <span class='ocrx_word' id='word_1_395' title='bbox 241 4061 436 4132; x_wconf 88' lang='lat' dir='ltr'>interdicas,</span> <span class='ocrx_word' id='word_1_396' title='bbox 452 4075 495 4122; x_wconf 88' lang='lat' dir='ltr'>ne</span> <span class='ocrx_word' id='word_1_397' title='bbox 514 4061 550 4121; x_wconf 90' lang='lat' dir='ltr'>in</span> <span class='ocrx_word' id='word_1_398' title='bbox 572 4061 681 4122; x_wconf 89' lang='lat' dir='ltr'>terras</span> <span class='ocrx_word' id='word_1_399' title='bbox 703 4055 936 4134; x_wconf 75' lang='lat' dir='ltr'>predictorum</span> <span class='ocrx_word' id='word_1_400' title='bbox 992 4053 1063 4114; x_wconf 88' lang='lat' dir='ltr'>suis</span> <span class='ocrx_word' id='word_1_401' title='bbox 1075 4053 1120 4115; x_wconf 90' lang='lat' dir='ltr'>sit</span> <span class='ocrx_word' id='word_1_402' title='bbox 1134 4053 1211 4114; x_wconf 86' lang='lat' dir='ltr'>Sedi</span> <span class='ocrx_word' id='word_1_403' title='bbox 1230 4053 1627 4129; x_wconf 80' lang='lat' dir='ltr'>apostolieaeimmediate</span> <span class='ocrx_word' id='word_1_404' title='bbox 1653 4053 1787 4130; x_wconf 86' lang='lat' dir='ltr'>subjec-</span> 
     </span>
     <span class='ocr_line' id='line_1_40' title="bbox 140 4148 1787 4227; baseline -0.005 -8"><span class='ocrx_word' id='word_1_405' title='bbox 140 4157 285 4221; x_wconf 89' lang='lat' dir='ltr'>bostium</span> <span class='ocrx_word' id='word_1_406' title='bbox 311 4158 434 4219; x_wconf 82' lang='lat' dir='ltr'>Christi</span> <span class='ocrx_word' id='word_1_407' title='bbox 459 4156 616 4227; x_wconf 87' lang='lat' dir='ltr'>transire,</span> <span class='ocrx_word' id='word_1_408' title='bbox 639 4155 691 4216; x_wconf 83' lang='lat' dir='ltr'>rel</span> <span class='ocrx_word' id='word_1_409' title='bbox 720 4168 824 4215; x_wconf 83' lang='lat' dir='ltr'>naues</span> <span class='ocrx_word' id='word_1_410' title='bbox 855 4166 937 4213; x_wconf 89' lang='lat' dir='ltr'>suas</span> <span class='ocrx_word' id='word_1_411' title='bbox 990 4153 1073 4221; x_wconf 90' lang='lat' dir='ltr'>tum,</span> <span class='ocrx_word' id='word_1_412' title='bbox 1086 4148 1288 4212; x_wconf 83' lang='lat' dir='ltr'>venerabilis</span> <span class='ocrx_word' id='word_1_413' title='bbox 1303 4149 1407 4211; x_wconf 85' lang='lat' dir='ltr'>irater</span> <span class='ocrx_word' id='word_1_414' title='bbox 1417 4152 1530 4212; x_wconf 87' lang='lat' dir='ltr'>noster</span> <span class='ocrx_word' id='word_1_415' title='bbox 1539 4151 1787 4213; x_wconf 83' lang='lat' dir='ltr'>claromonten.</span> 
     </span>
     <span class='ocr_line' id='line_1_41' title="bbox 139 4246 1797 4329; baseline -0.006 -12"><span class='ocrx_word' id='word_1_416' title='bbox 139 4255 367 4317; x_wconf 89' lang='lat' dir='ltr'>transmittere</span> <span class='ocrx_word' id='word_1_417' title='bbox 397 4269 499 4317; x_wconf 89' lang='lat' dir='ltr'>causa</span> <span class='ocrx_word' id='word_1_418' title='bbox 533 4251 770 4329; x_wconf 77' lang='lat' dir='ltr'>negotiationis</span> <span class='ocrx_word' id='word_1_419' title='bbox 807 4263 937 4325; x_wconf 82' lang='lat' dir='ltr'>praesu·</span> <span class='ocrx_word' id='word_1_420' title='bbox 992 4247 1167 4324; x_wconf 88' lang='lat' dir='ltr'>episcopus</span> <span class='ocrx_word' id='word_1_421' title='bbox 1179 4246 1388 4309; x_wconf 86' lang='lat' dir='ltr'>contendens</span> <span class='ocrx_word' id='word_1_422' title='bbox 1400 4246 1440 4308; x_wconf 92' lang='lat' dir='ltr'>de</span> <span class='ocrx_word' id='word_1_423' title='bbox 1455 4246 1653 4324; x_wconf 87' lang='lat' dir='ltr'>quibusdam</span> <span class='ocrx_word' id='word_1_424' title='bbox 1669 4263 1797 4324; x_wconf 77' lang='lat' dir='ltr'>precu-</span> 
     </span>
     <span class='ocr_line' id='line_1_42' title="bbox 141 4343 1792 4428; baseline -0.004 -15"><span class='ocrx_word' id='word_1_425' title='bbox 141 4353 243 4423; x_wconf 89' lang='lat' dir='ltr'>mant,</span> <span class='ocrx_word' id='word_1_426' title='bbox 264 4366 437 4428; x_wconf 87' lang='lat' dir='ltr'>quousque</span> <span class='ocrx_word' id='word_1_427' title='bbox 458 4350 581 4412; x_wconf 87' lang='lat' dir='ltr'>Christi</span> <span class='ocrx_word' id='word_1_428' title='bbox 600 4349 770 4424; x_wconf 80' lang='lat' dir='ltr'>negotium</span> <span class='ocrx_word' id='word_1_429' title='bbox 789 4348 937 4423; x_wconf 88' lang='lat' dir='ltr'>optatum</span> <span class='ocrx_word' id='word_1_430' title='bbox 992 4343 1177 4406; x_wconf 88' lang='lat' dir='ltr'>rationibus</span> <span class='ocrx_word' id='word_1_431' title='bbox 1199 4347 1233 4406; x_wconf 89' lang='lat' dir='ltr'>et</span> <span class='ocrx_word' id='word_1_432' title='bbox 1246 4343 1334 4417; x_wconf 89' lang='lat' dir='ltr'>aliis,</span> <span class='ocrx_word' id='word_1_433' title='bbox 1357 4359 1431 4406; x_wconf 91' lang='lat' dir='ltr'>cum</span> <span class='ocrx_word' id='word_1_434' title='bbox 1457 4344 1583 4407; x_wconf 92' lang='lat' dir='ltr'>eisdem</span> <span class='ocrx_word' id='word_1_435' title='bbox 1598 4344 1792 4422; x_wconf 89' lang='lat' dir='ltr'>impendere</span> 
     </span>
     <span class='ocr_line' id='line_1_43' title="bbox 142 4441 1793 4525; baseline -0.004 -16"><span class='ocrx_word' id='word_1_436' title='bbox 142 4450 364 4525; x_wconf 89' lang='lat' dir='ltr'>consequatur</span> <span class='ocrx_word' id='word_1_437' title='bbox 384 4447 548 4510; x_wconf 81' lang='lat' dir='ltr'>effectum.</span> <span class='ocrx_word' id='word_1_438' title='bbox 573 4448 691 4509; x_wconf 84' lang='lat' dir='ltr'>Datum</span> <span class='ocrx_word' id='word_1_439' title='bbox 708 4444 794 4522; x_wconf 89' lang='lat' dir='ltr'>apud</span> <span class='ocrx_word' id='word_1_440' title='bbox 817 4441 938 4505; x_wconf 87' lang='lat' dir='ltr'>Urbem</span> <span class='ocrx_word' id='word_1_441' title='bbox 992 4442 1060 4503; x_wconf 90' lang='lat' dir='ltr'>illis</span> <span class='ocrx_word' id='word_1_442' title='bbox 1078 4445 1178 4520; x_wconf 83' lang='lat' dir='ltr'>juxta</span> <span class='ocrx_word' id='word_1_443' title='bbox 1204 4443 1458 4520; x_wconf 79' lang='lat' dir='ltr'>privilegiorum</span> <span class='ocrx_word' id='word_1_444' title='bbox 1480 4457 1616 4503; x_wconf 90' lang='lat' dir='ltr'>suorum</span> <span class='ocrx_word' id='word_1_445' title='bbox 1638 4444 1793 4505; x_wconf 91' lang='lat' dir='ltr'>tenorem</span> 
     </span>
     <span class='ocr_line' id='line_1_44' title="bbox 142 4538 1828 4621; baseline -0.004 -14"><span class='ocrx_word' id='word_1_446' title='bbox 142 4547 306 4618; x_wconf 88' lang='lat' dir='ltr'>Veterem,</span> <span class='ocrx_word' id='word_1_447' title='bbox 323 4546 421 4608; x_wconf 89' lang='lat' dir='ltr'>tertio</span> <span class='ocrx_word' id='word_1_448' title='bbox 434 4545 509 4605; x_wconf 90' lang='lat' dir='ltr'>idus</span> <span class='ocrx_word' id='word_1_449' title='bbox 522 4543 796 4621; x_wconf 89' lang='lat' dir='ltr'>septemb.,anno</span> <span class='ocrx_word' id='word_1_450' title='bbox 809 4539 936 4618; x_wconf 88' lang='lat' dir='ltr'>quinto.</span> <span class='ocrx_word' id='word_1_451' title='bbox 994 4542 1203 4603; x_wconf 88' lang='lat' dir='ltr'>sacramenta</span> <span class='ocrx_word' id='word_1_452' title='bbox 1226 4539 1456 4602; x_wconf 89' lang='lat' dir='ltr'>ecclesiastica</span> <span class='ocrx_word' id='word_1_453' title='bbox 1470 4538 1673 4603; x_wconf 81' lang='lat' dir='ltr'>contradicit</span> <span class='ocrx_word' id='word_1_454' title='bbox 1686 4541 1722 4602; x_wconf 91' lang='lat' dir='ltr'>et</span> <span class='ocrx_word' id='word_1_455' title='bbox 1732 4555 1792 4601; x_wconf 88' lang='lat' dir='ltr'>oc·</span> <span class='ocrx_word' id='word_1_456' title='bbox 1825 4539 1828 4549; x_wconf 87' lang='grc'><strong>“</strong></span> 
     </span>
     <span class='ocr_line' id='line_1_45' title="bbox 184 4630 1793 4717; baseline -0.004 -12"><span class='ocrx_word' id='word_1_457' title='bbox 184 4647 220 4705; x_wconf 94' lang='lat' dir='ltr'>ln</span> <span class='ocrx_word' id='word_1_458' title='bbox 230 4643 381 4705; x_wconf 93' lang='lat' dir='ltr'>eumdem</span> <span class='ocrx_word' id='word_1_459' title='bbox 396 4642 528 4703; x_wconf 92' lang='lat' dir='ltr'>modum</span> <span class='ocrx_word' id='word_1_460' title='bbox 542 4641 699 4717; x_wconf 89' lang='lat' dir='ltr'>scriptum</span> <span class='ocrx_word' id='word_1_461' title='bbox 716 4640 767 4700; x_wconf 87' lang='lat' dir='ltr'>est</span> <span class='ocrx_word' id='word_1_462' title='bbox 782 4638 939 4714; x_wconf 91' lang='lat' dir='ltr'>episcopo</span> <span class='ocrx_word' id='word_1_463' title='bbox 994 4639 1129 4701; x_wconf 84' lang='lat' dir='ltr'>cesione</span> <span class='ocrx_word' id='word_1_464' title='bbox 1152 4635 1375 4698; x_wconf 89' lang='lat' dir='ltr'>contentionis</span> <span class='ocrx_word' id='word_1_465' title='bbox 1404 4630 1721 4713; x_wconf 74' lang='lat' dir='ltr'>n.1qusmodl,illata</span> <span class='ocrx_word' id='word_1_466' title='bbox 1751 4652 1793 4698; x_wconf 80' lang='lat' dir='ltr'>ex</span> 
     </span>
     <span class='ocr_line' id='line_1_46' title="bbox 144 4732 1793 4818; baseline -0.004 -16"><span class='ocrx_word' id='word_1_467' title='bbox 144 4745 301 4803; x_wconf 87' lang='lat' dir='ltr'>Portuen.</span> <span class='ocrx_word' id='word_1_468' title='bbox 321 4740 520 4818; x_wconf 73' lang='lat' dir='ltr'>Apostolicae</span> <span class='ocrx_word' id='word_1_469' title='bbox 534 4738 629 4800; x_wconf 89' lang='lat' dir='ltr'>Sedis</span> <span class='ocrx_word' id='word_1_470' title='bbox 643 4737 765 4813; x_wconf 79' lang='lat' dir='ltr'>legato,</span> <span class='ocrx_word' id='word_1_471' title='bbox 783 4735 941 4796; x_wconf 80' lang='lat' dir='ltr'>starchi·</span> <span class='ocrx_word' id='word_1_472' title='bbox 996 4738 1089 4813; x_wconf 91' lang='lat' dir='ltr'>parte</span> <span class='ocrx_word' id='word_1_473' title='bbox 1124 4748 1185 4794; x_wconf 89' lang='lat' dir='ltr'>sua</span> <span class='ocrx_word' id='word_1_474' title='bbox 1219 4732 1380 4794; x_wconf 85' lang='lat' dir='ltr'>violentia</span> <span class='ocrx_word' id='word_1_475' title='bbox 1409 4733 1550 4808; x_wconf 82' lang='lat' dir='ltr'>sanguis</span> <span class='ocrx_word' id='word_1_476' title='bbox 1581 4733 1619 4794; x_wconf 85' lang='lat' dir='ltr'>in</span> <span class='ocrx_word' id='word_1_477' title='bbox 1648 4734 1793 4796; x_wconf 87' lang='lat' dir='ltr'>ecclesia</span> 
     </span>
     <span class='ocr_line' id='line_1_47' title="bbox 146 4828 1793 4916; baseline -0.005 -16"><span class='ocrx_word' id='word_1_478' title='bbox 146 4839 247 4916; x_wconf 89' lang='lat' dir='ltr'>episc.</span> <span class='ocrx_word' id='word_1_479' title='bbox 263 4840 406 4901; x_wconf 87' lang='lat' dir='ltr'>Januen.</span> <span class='ocrx_word' id='word_1_480' title='bbox 996 4832 1108 4894; x_wconf 83' lang='lat' dir='ltr'>Sancti</span> <span class='ocrx_word' id='word_1_481' title='bbox 1126 4829 1264 4892; x_wconf 86' lang='lat' dir='ltr'>Martini</span> <span class='ocrx_word' id='word_1_482' title='bbox 1276 4829 1479 4892; x_wconf 85' lang='lat' dir='ltr'>consistente</span> <span class='ocrx_word' id='word_1_483' title='bbox 1497 4828 1585 4891; x_wconf 85' lang='lat' dir='ltr'>inira</span> <span class='ocrx_word' id='word_1_484' title='bbox 1605 4829 1793 4893; x_wconf 82' lang='lat' dir='ltr'>claustrum</span> 
     </span>
     <span class='ocr_line' id='line_1_48' title="bbox 499 4927 1793 5037; baseline -0.003 -45"><span class='ocrx_word' id='word_1_485' title='bbox 499 4949 586 5037; x_wconf 68' lang='lat' dir='ltr'>HV</span> <span class='ocrx_word' id='word_1_486' title='bbox 995 4928 1143 5007; x_wconf 79' lang='lat' dir='ltr'>ejusdem</span> <span class='ocrx_word' id='word_1_487' title='bbox 1163 4927 1358 4989; x_wconf 88' lang='lat' dir='ltr'>monasterii</span> <span class='ocrx_word' id='word_1_488' title='bbox 1380 4930 1432 4989; x_wconf 92' lang='lat' dir='ltr'>est</span> <span class='ocrx_word' id='word_1_489' title='bbox 1447 4928 1585 4988; x_wconf 83' lang='lat' dir='ltr'>eilhsus.</span> <span class='ocrx_word' id='word_1_490' title='bbox 1609 4927 1695 4999; x_wconf 88' lang='lat' dir='ltr'>Quia</span> <span class='ocrx_word' id='word_1_491' title='bbox 1712 4942 1793 4990; x_wconf 82' lang='lat' dir='ltr'>rere</span> 
     </span>
    </p>

    <p class='ocr_par' dir='ltr' id='par_1_12' title="bbox 911 5024 1795 5415">
     <span class='ocr_line' id='line_1_49' title="bbox 995 5024 1794 5102; baseline -0.003 -14"><span class='ocrx_word' id='word_1_492' title='bbox 995 5025 1208 5088; x_wconf 89' lang='lat' dir='ltr'>reconciliari</span> <span class='ocrx_word' id='word_1_493' title='bbox 1224 5024 1367 5087; x_wconf 88' lang='lat' dir='ltr'>ecclesia</span> <span class='ocrx_word' id='word_1_494' title='bbox 1381 5025 1454 5102; x_wconf 91' lang='lat' dir='ltr'>ipsa</span> <span class='ocrx_word' id='word_1_495' title='bbox 1466 5026 1551 5100; x_wconf 80' lang='lat' dir='ltr'>eget,</span> <span class='ocrx_word' id='word_1_496' title='bbox 1566 5027 1603 5086; x_wconf 88' lang='lat' dir='ltr'>et</span> <span class='ocrx_word' id='word_1_497' title='bbox 1615 5040 1719 5102; x_wconf 89' lang='lat' dir='ltr'>super</span> <span class='ocrx_word' id='word_1_498' title='bbox 1732 5026 1794 5086; x_wconf 94' lang='lat' dir='ltr'>hoc</span> 
     </span>
     <span class='ocr_line' id='line_1_50' title="bbox 996 5121 1794 5200; baseline -0.005 -13"><span class='ocrx_word' id='word_1_499' title='bbox 996 5128 1028 5187; x_wconf 91' lang='lat' dir='ltr'>et</span> <span class='ocrx_word' id='word_1_500' title='bbox 1036 5124 1127 5197; x_wconf 85' lang='lat' dir='ltr'>aliis,</span> <span class='ocrx_word' id='word_1_501' title='bbox 1136 5139 1202 5186; x_wconf 90' lang='lat' dir='ltr'>non</span> <span class='ocrx_word' id='word_1_502' title='bbox 1215 5123 1312 5184; x_wconf 91' lang='lat' dir='ltr'>debet</span> <span class='ocrx_word' id='word_1_503' title='bbox 1320 5123 1407 5184; x_wconf 90' lang='lat' dir='ltr'>idem</span> <span class='ocrx_word' id='word_1_504' title='bbox 1418 5121 1593 5199; x_wconf 88' lang='lat' dir='ltr'>episcopus</span> <span class='ocrx_word' id='word_1_505' title='bbox 1600 5122 1642 5183; x_wconf 89' lang='lat' dir='ltr'>ad</span> <span class='ocrx_word' id='word_1_506' title='bbox 1655 5121 1794 5200; x_wconf 72' lang='lat' dir='ltr'>praedic·</span> 
     </span>
     <span class='ocr_line' id='line_1_51' title="bbox 996 5219 1795 5298; baseline -0.009 -12"><span class='ocrx_word' id='word_1_507' title='bbox 996 5225 1065 5286; x_wconf 92' lang='lat' dir='ltr'>tum</span> <span class='ocrx_word' id='word_1_508' title='bbox 1081 5222 1229 5285; x_wconf 80' lang='lat' dir='ltr'>osticium</span> <span class='ocrx_word' id='word_1_509' title='bbox 1241 5220 1295 5282; x_wconf 92' lang='lat' dir='ltr'>sui</span> <span class='ocrx_word' id='word_1_510' title='bbox 1311 5219 1532 5281; x_wconf 88' lang='lat' dir='ltr'>ministerium</span> <span class='ocrx_word' id='word_1_511' title='bbox 1545 5219 1726 5296; x_wconf 76' lang='lat' dir='ltr'>denegare,</span> <span class='ocrx_word' id='word_1_512' title='bbox 1739 5220 1795 5298; x_wconf 89' lang='lat' dir='ltr'>qui</span> 
     </span>
     <span class='ocr_line' id='line_1_52' title="bbox 911 5316 1794 5415; baseline -0.003 -34"><span class='ocrx_word' id='word_1_513' title='bbox 911 5356 942 5415; x_wconf 60' lang='lat' dir='ltr'>d,</span> <span class='ocrx_word' id='word_1_514' title='bbox 998 5335 1071 5381; x_wconf 90' lang='lat' dir='ltr'>eam</span> <span class='ocrx_word' id='word_1_515' title='bbox 1093 5335 1231 5381; x_wconf 84' lang='lat' dir='ltr'>servare</span> <span class='ocrx_word' id='word_1_516' title='bbox 1253 5318 1375 5380; x_wconf 87' lang='lat' dir='ltr'>debent</span> <span class='ocrx_word' id='word_1_517' title='bbox 1396 5317 1433 5378; x_wconf 85' lang='lat' dir='ltr'>ln</span> <span class='ocrx_word' id='word_1_518' title='bbox 1445 5319 1517 5378; x_wconf 86' lang='lat' dir='ltr'>suis</span> <span class='ocrx_word' id='word_1_519' title='bbox 1528 5316 1659 5380; x_wconf 87' lang='lat' dir='ltr'>actibus</span> <span class='ocrx_word' id='word_1_520' title='bbox 1677 5317 1794 5395; x_wconf 78' lang='lat' dir='ltr'>gravi·</span> 
     </span>
    </p>
   </div>
   <div class='ocr_carea' id='block_1_9' title="bbox 143 5071 939 5148">
    <p class='ocr_par' dir='ltr' id='par_1_13' title="bbox 143 5071 939 5148">
     <span class='ocr_line' id='line_1_53' title="bbox 143 5071 939 5148; baseline -0.016 -6"><span class='ocrx_word' id='word_1_521' title='bbox 143 5079 196 5141; x_wconf 80' lang='lat' dir='ltr'>Ad</span> <span class='ocrx_word' id='word_1_522' title='bbox 207 5080 386 5148; x_wconf 70' lang='lat' dir='ltr'>damnum,</span> <span class='ocrx_word' id='word_1_523' title='bbox 397 5075 596 5147; x_wconf 70' lang='lat' dir='ltr'>crclrtdiac„</span> <span class='ocrx_word' id='word_1_524' title='bbox 609 5073 642 5135; x_wconf 82' lang='lat' dir='ltr'>et</span> <span class='ocrx_word' id='word_1_525' title='bbox 654 5071 787 5134; x_wconf 69' lang='lat' dir='ltr'>corner.</span> <span class='ocrx_word' id='word_1_526' title='bbox 800 5074 939 5134; x_wconf 69' lang='lat' dir='ltr'>macen.</span> 
     </span>
    </p>
   </div>
   <div class='ocr_carea' id='block_1_10' title="bbox 114 5176 904 5345">
    <p class='ocr_par' dir='ltr' id='par_1_14' title="bbox 114 5176 904 5345">
     <span class='ocr_line' id='line_1_54' title="bbox 399 5176 693 5250; baseline -0.01 -14"><span class='ocrx_word' id='word_1_527' title='bbox 399 5179 433 5236; x_wconf 75' lang='lat'>{2</span> <span class='ocrx_word' id='word_1_528' title='bbox 451 5177 592 5250; x_wconf 75' lang='lat' dir='ltr'>septemb.</span> <span class='ocrx_word' id='word_1_529' title='bbox 614 5176 693 5235; x_wconf 76' lang='lat' dir='ltr'>ltro.</span> 
     </span>
     <span class='ocr_line' id='line_1_55' title="bbox 114 5269 904 5345; baseline -0.016 -12"><span class='ocrx_word' id='word_1_530' title='bbox 114 5288 116 5293; x_wconf 59' lang='lat'><strong><em>⁴</em></strong></span> <span class='ocrx_word' id='word_1_531' title='bbox 183 5274 358 5345; x_wconf 62' lang='lat' dir='ltr'>[Regemdib.</span> <span class='ocrx_word' id='word_1_532' title='bbox 370 5273 401 5334; x_wconf 82' lang='lat' dir='ltr'>V,</span> <span class='ocrx_word' id='word_1_533' title='bbox 414 5273 489 5340; x_wconf 88' lang='lat' dir='ltr'>epist.</span> <span class='ocrx_word' id='word_1_534' title='bbox 502 5274 555 5324; x_wconf 78' lang='lat' dir='ltr'>lle.</span> <span class='ocrx_word' id='word_1_535' title='bbox 567 5275 626 5325; x_wconf 75' lang='lat' dir='ltr'>llas.</span> <span class='ocrx_word' id='word_1_536' title='bbox 635 5272 756 5324; x_wconf 66' lang='lat' dir='ltr'>Laierte</span> <span class='ocrx_word' id='word_1_537' title='bbox 766 5271 800 5322; x_wconf 90' lang='lat' dir='ltr'>du</span> <span class='ocrx_word' id='word_1_538' title='bbox 811 5269 904 5334; x_wconf 72' lang='lat' dir='ltr'>rheti]</span> 
     </span>
    </p>
   </div>
   <div class='ocr_carea' id='block_1_11' title="bbox 146 5359 1796 5513">
    <p class='ocr_par' dir='ltr' id='par_1_15' title="bbox 146 5359 1796 5513">
     <span class='ocr_line' id='line_1_56' title="bbox 146 5359 910 5436; baseline -0.014 -9"><span class='ocrx_word' id='word_1_539' title='bbox 146 5368 262 5428; x_wconf 88' lang='lat' dir='ltr'>blaudat</span> <span class='ocrx_word' id='word_1_540' title='bbox 272 5367 355 5424; x_wconf 87' lang='lat' dir='ltr'>eisut</span> <span class='ocrx_word' id='word_1_541' title='bbox 365 5363 401 5422; x_wconf 90' lang='lat' dir='ltr'>de</span> <span class='ocrx_word' id='word_1_542' title='bbox 411 5362 535 5436; x_wconf 87' lang='lat' dir='ltr'>querelis</span> <span class='ocrx_word' id='word_1_543' title='bbox 549 5361 676 5435; x_wconf 87' lang='lat' dir='ltr'>episcopi</span> <span class='ocrx_word' id='word_1_544' title='bbox 688 5359 881 5434; x_wconf 78' lang='lat' dir='ltr'>lingonensis</span> <span class='ocrx_word' id='word_1_545' title='bbox 893 5373 910 5415; x_wconf 89' lang='lat' dir='ltr'>a</span> 
     </span>
     <span class='ocr_line' id='line_1_57' title="bbox 182 5416 1796 5513; baseline -0.012 -9"><span class='ocrx_word' id='word_1_546' title='bbox 182 5461 283 5504; x_wconf 83' lang='lat' dir='ltr'>sersus</span> <span class='ocrx_word' id='word_1_547' title='bbox 309 5443 442 5502; x_wconf 85' lang='lat' dir='ltr'>abbatem</span> <span class='ocrx_word' id='word_1_548' title='bbox 462 5442 648 5501; x_wconf 82' lang='lat' dir='ltr'>Pulteriarum</span> <span class='ocrx_word' id='word_1_549' title='bbox 671 5439 799 5510; x_wconf 85' lang='lat' dir='ltr'>audiant,</span> <span class='ocrx_word' id='word_1_550' title='bbox 815 5447 844 5498; x_wconf 90' lang='lat' dir='ltr'>et</span> <span class='ocrx_word' id='word_1_551' title='bbox 869 5437 943 5513; x_wconf 90' lang='lat' dir='ltr'>quod</span> <span class='ocrx_word' id='word_1_552' title='bbox 997 5418 1110 5488; x_wconf 56' lang='lat' dir='ltr'>meme</span> <span class='ocrx_word' id='word_1_553' title='bbox 1124 5416 1211 5494; x_wconf 77' lang='lat' dir='ltr'>(1¹10d</span> <span class='ocrx_word' id='word_1_554' title='bbox 1221 5417 1256 5478; x_wconf 77' lang='lat'>¹¹¹</span> <span class='ocrx_word' id='word_1_555' title='bbox 1269 5417 1397 5478; x_wconf 60' lang='lat' dir='ltr'>tamum</span> <span class='ocrx_word' id='word_1_556' title='bbox 1412 5417 1796 5491; x_wconf 63' lang='lat' dir='ltr'>1³0⁰·90280101008811m</span> 
     </span>
    </p>
   </div>
   <div class='ocr_carea' id='block_1_12' title="bbox 181 5511 1799 5702">
    <p class='ocr_par' dir='ltr' id='par_1_16' title="bbox 181 5511 1799 5702">
     <span class='ocr_line' id='line_1_58' title="bbox 181 5511 1795 5600; baseline -0.007 -16"><span class='ocrx_word' id='word_1_557' title='bbox 181 5526 290 5600; x_wconf 80' lang='lat' dir='ltr'>iustum</span> <span class='ocrx_word' id='word_1_558' title='bbox 302 5523 395 5594; x_wconf 84' lang='lat' dir='ltr'>luerit,</span> <span class='ocrx_word' id='word_1_559' title='bbox 409 5529 546 5582; x_wconf 85' lang='lat' dir='ltr'>statuant.</span> <span class='ocrx_word' id='word_1_560' title='bbox 998 5514 1050 5576; x_wconf 91' lang='lat' dir='ltr'>sui</span> <span class='ocrx_word' id='word_1_561' title='bbox 1066 5512 1243 5576; x_wconf 80' lang='lat' dir='ltr'>occasione</span> <span class='ocrx_word' id='word_1_562' title='bbox 1259 5512 1441 5590; x_wconf 87' lang='lat' dir='ltr'>prorumpi,</span> <span class='ocrx_word' id='word_1_563' title='bbox 1457 5511 1565 5575; x_wconf 79' lang='lat' dir='ltr'>eidem</span> <span class='ocrx_word' id='word_1_564' title='bbox 1587 5512 1714 5576; x_wconf 88' lang='lat' dir='ltr'>nostris</span> <span class='ocrx_word' id='word_1_565' title='bbox 1731 5513 1795 5575; x_wconf 91' lang='lat' dir='ltr'>da·</span> 
     </span>
     <span class='ocr_line' id='line_1_59' title="bbox 190 5609 1799 5702; baseline -0.007 -16"><span class='ocrx_word' id='word_1_566' title='bbox 190 5623 356 5686; x_wconf 85' lang='lat' dir='ltr'>Honorius</span> <span class='ocrx_word' id='word_1_567' title='bbox 391 5623 578 5702; x_wconf 86' lang='lat' dir='ltr'>episcopus,</span> <span class='ocrx_word' id='word_1_568' title='bbox 608 5622 684 5690; x_wconf 76' lang='lat' dir='ltr'>etc„</span> <span class='ocrx_word' id='word_1_569' title='bbox 707 5619 837 5682; x_wconf 92' lang='lat' dir='ltr'>dilectis</span> <span class='ocrx_word' id='word_1_570' title='bbox 866 5616 945 5678; x_wconf 88' lang='lat' dir='ltr'>tiliis</span> <span class='ocrx_word' id='word_1_571' title='bbox 999 5629 1073 5675; x_wconf 91' lang='lat' dir='ltr'>mus</span> <span class='ocrx_word' id='word_1_572' title='bbox 1093 5611 1213 5673; x_wconf 89' lang='lat' dir='ltr'>litteris</span> <span class='ocrx_word' id='word_1_573' title='bbox 1227 5612 1262 5673; x_wconf 87' lang='lat' dir='ltr'>in</span> <span class='ocrx_word' id='word_1_574' title='bbox 1278 5609 1455 5682; x_wconf 70' lang='lat' dir='ltr'>mandans,</span> <span class='ocrx_word' id='word_1_575' title='bbox 1469 5611 1506 5671; x_wconf 87' lang='lat' dir='ltr'>ut</span> <span class='ocrx_word' id='word_1_576' title='bbox 1529 5609 1605 5679; x_wconf 84' lang='lat' dir='ltr'>sine</span> <span class='ocrx_word' id='word_1_577' title='bbox 1623 5611 1799 5688; x_wconf 85' lang='lat' dir='ltr'>pravitate</span> 
     </span>
    </p>
   </div>
   <div class='ocr_carea' id='block_1_13' title="bbox 0 0 1943 6180">
    <p class='ocr_par' dir='ltr' id='par_1_17' title="bbox 0 0 1943 6180">
     <span class='ocr_line' id='line_1_60' title="bbox 0 0 1943 6180; baseline 0 0"><span class='ocrx_word' id='word_1_578' title='bbox 0 0 1943 6180; x_wconf 95' lang='lat' dir='ltr'> </span> 
     </span>
    </p>
   </div>
  </div>
 </body>
</html>
