3774 6186
127 266 200 347 511,

128 427 214 487 olen.
226 425 336 487 ordini
347 428 529 502 spontanea
540 425 745 501 professione
754 428 921 496 tenentur,

128 525 164 583 in
180 525 359 585 monacbos
383 525 484 585 vestri
510 524 703 585 monasterii
727 525 920 595 admittatis,

130 621 195 681 nisi
223 619 334 682 forsan
356 622 464 696 ipsum
488 622 726 682 monasterium
752 623 786 682 in
813 624 923 697 poste-

127 734 202 778 rum
223 719 371 794 ejusdem
407 718 534 778 ordinis
558 719 721 794 receperit
748 719 920 791 instituta;

127 815 213 890 quod
243 816 272 875 si
300 815 405 891 aliqui
419 815 504 875 tales
527 815 572 874 ibi
596 816 769 876 suntiorte
784 816 919 891 recepti,

126 928 184 973 eos
210 913 251 972 ad
280 927 340 972 sua
370 913 571 973 monasteria
599 914 787 974 remittatis.
831 915 921 973 Nulli

84 1061 90 1070 .
126 1024 217 1083 ergo,
243 1010 319 1081 etc„
343 1014 466 1071 nostrae
490 1010 697 1071 inhibitionis
726 1011 920 1084 infringere.

128 1107 163 1165 Si
176 1105 250 1182 quis
260 1109 381 1177 autem,
398 1108 460 1167 etc.
475 1109 592 1167 Datum
613 1109 698 1184 apud
717 1108 836 1168 Urbem
852 1112 920 1168 Ve-

120 1205 242 1274 terem,
266 1204 393 1264 decimo
414 1205 510 1266 tertio
530 1204 688 1265 kalendas
712 1205 919 1282 septembris,

126 1301 354 1375 annoquinto.

440 1444 608 1529 XXVlll

130 1585 178 1644 att
190 1586 347 1657 priorem
377 1586 409 1645 et
424 1586 628 1645 conventum
648 1528 918 1647 cluniasensem.

391 1707 423 1763 al
440 1714 554 1778 august.
573 1707 652 1762 1220.

178 1820 297 1883 [liegest.,
310 1820 354 1869 lib.
365 1821 394 1877 V,
405 1821 478 1883 epist.
494 1820 532 1869 lo.
542 1822 598 1870 llss.
611 1821 647 1871 La
655 1823 729 1870 Porta
742 1823 776 1871 du
785 1823 878 1883 Thell]

125 1925 257 1998 Indulget
274 1927 317 1982 eis
343 1934 372 1982 ut
387 1927 450 1998 ipsi.
468 1941 521 1982 nec
540 1928 666 1998 ipsorum
681 1926 792 1994 iratres,
809 1930 837 1983 in
851 1943 920 1984 cau·

161 2028 222 2068 sum
240 2028 289 2085 per
312 2013 421 2069 litteras
442 2014 619 2085 apostolicas
633 2013 707 2070 trabi
725 2016 844 2085 possint,
868 2015 921 2070 nisi

161 2103 190 2158 in
216 2102 316 2158 litteris
345 2103 426 2158 istius
449 2102 535 2171 modi,
563 2117 662 2158 eorum
684 2103 792 2159 ordinis
815 2104 922 2160 mentio

162 2205 297 2262 expresse
312 2189 384 2247 iacta
401 2189 492 2246 luerit.

166 2299 345 2370 Honorius,
373 2302 449 2370 etc,
483 2299 613 2360 dilectis
646 2299 725 2359 filiis
758 2300 861 2376 priori
890 2303 922 2362 et

128 2397 304 2457 conventui
320 2396 510 2457 cluniacen.

165 2496 282 2555 Vestra
299 2493 393 2553 nobis
406 2493 562 2554 discretio
574 2494 784 2570 supplicavit,
796 2496 832 2555 ut
847 2511 921 2554 cum

127 2590 279 2650 nonnulli
304 2606 375 2661 vos,
401 2592 433 2651 et
452 2589 572 2651 iratres
598 2594 727 2651 vestros
745 2592 781 2651 in
800 2592 921 2651 vestris

126 2687 278 2747 ecclesiis
296 2687 513 2746 consistentes
545 2687 735 2762 frequenter
757 2687 922 2747 malitiose

127 2783 267 2858 fatigent
283 2799 341 2859 per
364 2783 492 2843 litteras
519 2784 709 2858 generales,
739 2799 839 2860 super
860 2785 922 2844 boc

126 2880 351 2955 apostolicum
377 2880 535 2940 adbibere
560 2880 743 2940 remedium
765 2881 923 2956 dignare-

128 2994 202 3036 mur
223 2999 230 3036 :
252 2994 312 3037 nos
336 2977 439 3051 igitur
466 2978 614 3038 volentes
642 2993 756 3038 eorum
785 2978 921 3038 obviare

125 3075 273 3145 malitiae,
291 3090 330 3134 ac
344 3077 463 3134 vestrae
484 3075 659 3150 providere
680 3075 794 3151 quieti,
812 3078 922 3136 aucto·

126 3172 225 3232 ritate
237 3172 331 3233 vobis
346 3173 558 3248 praesentium
574 3172 793 3247 indulgemus,
804 3175 919 3244 utvos,

126 3269 181 3330 vel
196 3270 254 3329 alii
276 3268 397 3329 fratres
420 3270 533 3340 vestri,
547 3270 635 3330 trabi
650 3286 716 3329 non
737 3270 869 3343 possitis
886 3271 921 3329 in

126 3382 261 3426 causam
280 3382 339 3442 per
353 3367 482 3427 litteras
495 3367 701 3441 apostolicas
710 3367 836 3426 ordinis
851 3382 922 3426 ves·

125 3464 168 3524 tri
189 3464 356 3523 mentione
376 3480 442 3523 non
470 3463 581 3524 habita
611 3463 651 3522 de
674 3465 795 3524 caetero
816 3464 922 3539 impe-

125 3559 921 3634 trandas.Nullierg0,etc.,nostraeconcessionis

126 3655 319 3730 infringere.
338 3657 372 3715 Si
386 3657 459 3732 quis
476 3658 598 3727 autem,
613 3660 676 3716 etc.
698 3659 815 3717 Datum
835 3656 920 3732 apud

128 3751 248 3812 Urbem
265 3754 427 3823 Veterem,
446 3754 506 3812 Xll
528 3751 689 3812 kalendas
712 3752 918 3828 septembris,

125 3849 351 3925 annoquinto.

459 3982 585 4068 XXIX

151 4119 202 4177 Ad
217 4119 423 4188 conradum,
439 4119 668 4179 Portttcrtsettt
685 4120 890 4191 episcopam,

382 4219 421 4275 A.
437 4219 471 4276 S.
494 4216 656 4291 tapetum.

388 4328 420 4384 tl
438 4336 551 4400 august.
574 4328 651 4386 1220.

153 4437 287 4504 [bouquet
298 4438 398 4489 limueil
409 4437 452 4487 des
461 4439 526 4488 llist.
535 4439 602 4496 lllX,
614 4438 673 4497 70&
684 4439 792 4499 begeat,
803 4437 847 4486 lib.
856 4438 887 4498 V,

456 4519 532 4582 epist.
547 4518 600 4581 tlt]

121 4606 237 4666 bloodat
261 4616 291 4666 ut
305 4623 392 4680 super
412 4606 570 4664 malefactis
585 4607 697 4664 comitis
715 4606 850 4663 Tolosani
866 4606 916 4663 ad·

155 4714 255 4757 versus
267 4699 433 4772 episcopum
445 4698 631 4754 bitterensem
640 4704 669 4753 et
684 4697 836 4753 ecclesiam
852 4696 916 4770 ejus

155 4789 368 4861 inquisitionem
384 4786 468 4846 iaciat
485 4793 514 4844 et
524 4786 696 4844 sententiam
713 4785 820 4843 reddat.

159 4898 326 4959 Honorius
337 4898 648 4974 episcopusservus
662 4911 833 4955 servorum
845 4893 915 4965 Dei,

118 4996 303 5058 venerabili
330 4995 427 5057 fratri
443 4995 599 5072 episcopo
615 4992 803 5064 Portuensi,
825 4995 864 5052 Α.
882 4993 915 5053 S.

118 5092 238 5171 legato,
256 5096 397 5158 salutem
414 5096 447 5157 et
463 5094 681 5173 apostolicam
712 5091 918 5154 benedictio-

117 5208 207 5256 nem.

137 5293 173 5353 ln
189 5296 303 5357 nostra
325 5293 525 5357 constitutus
541 5291 720 5367 praesentia
736 5285 915 5350 venerabi-

114 5387 156 5449 lis
172 5392 276 5457 frater
289 5398 415 5465 noster,
430 5389 634 5452 Biterrensis
656 5387 832 5464 episcopus
855 5383 914 5462 (1),

113 5489 211 5553 uobis
241 5493 396 5572 exposuit
417 5486 663 5566 conquerendo,
682 5485 768 5562 quod
795 5482 916 5543 nobilis

148 5597 190 5668 (l)
212 5599 375 5659 bernardus
387 5597 422 5656 de
436 5594 589 5654 corciaco.

743 268 918 327 Honorati
941 268 985 325 111
1007 270 1154 329 OPERA.

1713 276 1760 336 ab

978 427 1030 486 vir
1053 427 1271 505 amalricus)
1300 446 1411 489 comes
1436 429 1624 490 Tolosanus
1649 434 1681 492 et
1701 437 1756 505 sui,

978 525 1161 585 munitione
1175 526 1214 586 de
1230 526 1405 596 casiliaco,
1422 543 1522 602 quam
1538 529 1668 602 magnis
1687 531 1756 590 aedi·

977 622 1134 683 beaverat
1149 623 1345 698 sumptibus,
1360 639 1420 699 pro
1431 640 1492 684 sua
1507 623 1680 685 voluntate
1693 626 1756 687 des-

977 721 1096 786 tructa,
1126 720 1286 796 quasdam
1314 721 1429 781 domos
1452 723 1526 797 ejus
1547 722 1632 782 sitas
1653 722 1754 786 ibiden

977 816 1130 877 incendio
1154 818 1379 888 devastarunt,
1406 818 1610 878 abducentes
1626 819 1754 883 indesm

976 915 1009 974 et
1023 915 1341 974 suorumbominum
1363 915 1535 986 animalia,
1561 917 1597 976 et
1621 917 1752 980 resalias

977 1015 1194 1088 asportantes.
1223 1016 1328 1084 Quum
1354 1017 1464 1073 autem
1491 1012 1659 1089 quondam
1679 1016 1752 1076 rice·

976 1121 1085 1165 comes
1113 1107 1313 1167 Biterrensis
1339 1107 1392 1182 pia
1425 1106 1668 1167 deliberatione
1694 1124 1753 1170 con-

976 1203 1125 1273 cesserit,
1154 1206 1200 1273 ut,
1228 1204 1370 1264 ecclesia
1401 1203 1442 1263 de
1472 1204 1583 1263 leudis
1611 1203 1653 1264 ad
1679 1222 1753 1268 snum

977 1300 1242 1361 vicecomitatum
1279 1301 1531 1377 spectantibus,
1568 1317 1752 1380 quoeunque

972 1400 1063 1473 iusto
1093 1398 1189 1458 titulo
1224 1399 1297 1474 ipso
1322 1399 1531 1474 irrequisito,
1564 1401 1676 1474 posset
1706 1416 1752 1462 ac·

976 1495 1121 1570 quirere,
1149 1495 1292 1556 ididem
1321 1511 1431 1556 comes
1458 1511 1524 1556 non
1550 1496 1685 1571 patitur,
1707 1514 1752 1559 nec

977 1592 1153 1668 quidquam
1169 1592 1275 1653 eidem
1299 1593 1416 1652 donari
1433 1593 1596 1667 permittit
1610 1593 1751 1662 ecclesia,

976 1692 1034 1749 aut
1057 1689 1165 1760 vendi,
1183 1689 1235 1750 vel
1264 1690 1299 1748 in
1325 1691 1523 1751 testamento
1548 1691 1707 1766 relinqui;
1725 1696 1751 1752 et

977 1786 1207 1847 cumcustodia
1217 1786 1361 1847 clavium
1371 1787 1591 1862 quarumdam
1602 1790 1752 1862 portarum

977 1885 1123 1944 civitatis
1141 1867 1305 1959 pertineat
1326 1883 1366 1944 ad
1383 1884 1548 1954 eumdem,
1574 1899 1683 1945 comes
1698 1884 1754 1960 ipso

978 1995 1078 2056 super
1091 1981 1153 2041 boc
1167 1980 1280 2055 gravis
1295 1983 1345 2040 est
1361 1981 1391 2040 ei
1408 1980 1589 2056 plurimum
1604 1983 1638 2040 et
1650 1981 1754 2042 moles·

977 2082 1041 2145 tus,
1063 2079 1281 2155 approprians
1301 2077 1365 2137 sibi
1385 2077 1532 2147 seudum,
1553 2076 1640 2153 quod
1655 2076 1755 2138 nobilis

977 2175 1029 2234 vir
1044 2173 1224 2252 R(ogerus)
1241 2175 1280 2235 de
1294 2174 1410 2236 Bitteri
1428 2172 1562 2235 tenebat
1577 2173 1621 2235 ab
1632 2174 1753 2236 ecclesia

978 2272 1180 2349 supradicta.

1017 2371 1183 2430 Praeterea
1199 2386 1298 2447 super
1313 2370 1455 2447 quodam
1471 2386 1608 2431 nemore
1622 2373 1678 2432 aut
1688 2370 1750 2447 qui·

976 2466 1114 2526 busdam
1129 2467 1295 2543 lapidibus
1312 2483 1415 2543 grave
1438 2468 1596 2529 damnum
1620 2467 1751 2528 ecclesia

976 2564 1137 2640 irrogavit
1152 2565 1270 2635 eidem,
1288 2568 1320 2625 et
1348 2580 1450 2641 super
1464 2568 1543 2640 iure
1557 2564 1645 2641 quod
1658 2564 1752 2625 eaden

976 2661 1074 2722 babet
1085 2661 1227 2722 ecclesia
1246 2663 1279 2721 in
1295 2663 1448 2739 pedagio,
1465 2661 1550 2733 foro,
1566 2661 1663 2722 leuda
1676 2664 1752 2737 etja-

976 2759 1082 2829 daica‚
1113 2760 1145 2820 et
1173 2774 1273 2834 super
1297 2759 1531 2834 jurisdictione
1568 2759 1750 2826 Judaeomn,

976 2855 1065 2915 villis
1089 2855 1129 2915 de
1156 2855 1328 2916 Vircleriis
1353 2857 1386 2916 et
1409 2855 1566 2928 Badonis‚
1592 2857 1705 2917 castris
1723 2854 1751 2914 de

976 2952 1148 3023 Cerviano,
1165 2952 1295 3012 Casulis
1309 2956 1342 3014 et
1354 2955 1547 3030 Remejano‚
1565 2953 1682 3024 leudis,
1698 2970 1750 3029 poe

976 3049 1180 3110 sessionibus
1195 3048 1236 3110 de
1252 3050 1421 3119 Divisano,
1434 3055 1467 3111 ei
1477 3050 1583 3112 Podio
1599 3052 1748 3119 Franceto,

976 3148 1009 3206 et
1028 3146 1159 3216 debitis,
1177 3145 1358 3222 injuriatur
1376 3147 1495 3219 eidem,
1520 3146 1666 3209 indebite
1678 3163 1749 3208 con·

977 3241 1126 3317 pellendo
1142 3259 1254 3303 coram
1270 3259 1305 3303 se
1320 3243 1473 3304 homines
1498 3245 1692 3306 biterrensis
1706 3258 1748 3303 ec·

976 3340 1085 3399 clasiae
1113 3339 1261 3415 litigare,
1285 3356 1325 3401 ac
1352 3342 1516 3416 exigendo
1556 3344 1625 3403 tam
1651 3342 1689 3402 ab
1712 3340 1749 3399 bis

976 3452 1072 3512 quam
1095 3452 1114 3497 a
1137 3438 1269 3497 clericis
1299 3438 1368 3498 suis
1391 3437 1524 3510 tallias,
1557 3439 1707 3501 collectas
1727 3436 1751 3494 et

976 3534 1354 3604 exactionesindebitas,
1372 3537 1408 3596 ut
1435 3550 1493 3595 eos
1519 3552 1622 3613 super
1636 3549 1749 3613 posses·

976 3630 1125 3690 sionibus
1138 3633 1171 3691 et
1186 3631 1284 3691 rebus
1304 3632 1381 3693 aliis
1402 3633 1622 3695 molestando.
1636 3633 1681 3694 Ad
1695 3633 1748 3692 bac

976 3727 1132 3803 praelatus
1146 3744 1256 3789 comes
1273 3729 1308 3789 in
1332 3730 1515 3790 Biterrensi
1540 3731 1674 3792 civitate
1684 3742 1750 3806 pra-

865 3871 870 3879 .
975 3839 1074 3885 eones
1084 3825 1237 3896 instituit,
1250 3824 1396 3887 bannum
1410 3827 1504 3903 ponit
1511 3829 1545 3888 et
1551 3829 1689 3897 relaxat,
1697 3825 1749 3901 ipso

975 3923 1105 3998 pemtus
1131 3923 1337 3996 inconsulto,
1366 3940 1440 3985 cum
1466 3924 1532 3986 hoo
1557 3922 1749 3987 communitor

975 4021 1140 4096 pertineat
1155 4020 1195 4079 ad
1217 4020 1415 4097 utrumque;
1432 4023 1465 4083 et
1476 4036 1519 4082 ne
1530 4021 1665 4083 bladum
1679 4023 1749 4098 ejus·

975 4117 1048 4177 dem
1064 4117 1211 4193 episcopi
1233 4119 1266 4178 et
1292 4118 1490 4180 clericorum
1519 4135 1656 4181 suorum
1676 4116 1749 4180 eitra

974 4230 1068 4274 suam
1092 4214 1261 4275 deleratur
1294 4215 1484 4288 dioecesim,
1515 4232 1582 4278 non
1610 4216 1748 4277 rationem

974 4327 1126 4388 sequens,
1138 4312 1194 4371 sed
1207 4310 1349 4384 libitum,
1363 4313 1542 4385 interdicit,
1555 4315 1589 4375 et
1599 4312 1750 4390 quemdam

974 4411 1045 4483 ejus
1059 4408 1234 4478 vicarium,
1257 4408 1393 4484 injuriis
1409 4409 1515 4485 primo
1527 4412 1562 4471 et
1575 4407 1750 4471 verberibus

975 4505 1181 4576 lacessitum,
1215 4506 1344 4566 carceri
1381 4506 1596 4583 mancipavit.
1635 4509 1752 4580 Insuper

973 4601 1080 4662 dictus
1093 4617 1203 4662 comes
1215 4605 1248 4663 et
1263 4603 1327 4673 sui,
1344 4619 1384 4664 ac
1399 4603 1532 4681 quidam
1544 4603 1604 4665 alii
1620 4605 1691 4665 suis
1703 4615 1751 4663 no·

973 4699 1117 4759 minibus
1130 4700 1349 4776 exprimendi,
1363 4697 1464 4778 super
1477 4701 1577 4763 biset
1595 4702 1674 4763 aliis
1683 4700 1754 4777 epis-

973 4813 1090 4873 copum
1106 4797 1215 4872 ipsum
1224 4800 1256 4859 et
1271 4798 1447 4859 ecclesiam
1460 4814 1555 4859 suam
1571 4797 1753 4876 multiplici-

972 4894 1033 4953 bus
1050 4894 1234 4954 moliuntur
1258 4895 1421 4956 molestiis
1436 4893 1590 4970 fatigare.
1608 4896 1756 4968 Quocirca

973 4989 1175 5052 fraternitati
1187 4992 1251 5052 tuae
1265 5008 1325 5068 per
1338 4990 1528 5068 apostolica
1543 4993 1667 5070 scripta
1684 5007 1758 5053 man·

972 5089 1100 5159 damus,
1118 5090 1292 5164 quatenus,
1310 5089 1461 5165 partibus
1470 5092 1674 5161 convocatis,
1686 5086 1758 5167 quod

968 5185 1757 5263 justumluerit,appellationeremota,decernas,

972 5283 1098 5343 iaciens
1113 5283 1198 5359 quod
1221 5284 1419 5358 decreveris,
1436 5285 1525 5345 etc...
1547 5286 1668 5347 Datum
1683 5281 1758 5360 apud

973 5379 1095 5441 Urbem
1109 5383 1272 5451 Veterem,
1298 5383 1359 5443 Xll
1382 5379 1545 5443 kalendas
1561 5382 1758 5459 septembris,

972 5478 1182 5556 pontitlcatus
1192 5479 1297 5540 nostri
1308 5494 1397 5539 anno
1411 5478 1538 5555 quinto.
