3774 6186
192 362 254 430 no

190 527 377 593 venerabili
391 528 486 591 lratrl
499 528 654 607 episcopo
666 528 826 594 Gervasio
841 530 874 592 et
885 528 985 592 dilec·
1038 529 1083 591 sit
1094 528 1335 591 mercatoribus
1344 530 1554 607 supradictis.
1564 534 1835 597 contradictores

191 628 235 690 tis
248 626 326 689 liliis
340 626 452 689 abbati
467 628 500 688 et
517 627 623 706 priori
641 628 755 691 Sancti
768 628 905 691 Martini
922 629 985 691 Sa·
1039 627 1068 687 si
1083 627 1140 704 qui
1155 626 1288 699 luerint,
1300 627 1376 699 etc,
1393 644 1453 705 per
1468 644 1646 693 censuram
1660 633 1836 694 ecelesias·

811 368 989 431 HONORII
1009 370 1056 431 111
1075 369 1222 434 OPERA.
1773 377 1836 439 756

190 725 330 802 giensis,
343 722 496 797 salutem,
511 726 574 787 etc.

231 821 405 894 Querelam
420 822 622 885 venerabilis
633 821 746 885 fratris
762 823 867 885 nostri
879 825 985 885 Seno-

189 919 306 983 nensis
327 919 570 998 archiepiscopi
590 921 788 998 recepimus,
809 920 986 983 continen-

190 1016 258 1079 tem
272 1017 369 1094 quod,
386 1033 487 1094 quum
506 1018 658 1080 homines
677 1018 719 1080 de
743 1019 901 1091 Pruvino,
923 1020 985 1079 Se-

190 1114 351 1175 nonensis
376 1113 546 1186 diaecesis,
576 1115 678 1176 salvis
703 1114 856 1176 omnibus
883 1113 983 1177 rebus

190 1210 275 1282 suis,
289 1210 381 1272 soliti
394 1216 472 1274 suni
484 1211 587 1273 libere
602 1211 643 1273 ad
660 1213 784 1275 terram
798 1212 984 1289 archiepis-

190 1308 266 1385 copi
285 1323 320 1370 se
335 1307 528 1382 transferre,
552 1311 586 1372 et
604 1308 652 1370 ibi
666 1324 702 1372 se
717 1310 901 1371 consistere
922 1309 982 1370 sub

190 1405 339 1485 1111111111
343 1406 580 1485 jurisdictione
590 1408 717 1483 securi,
729 1407 852 1468 nobilis
863 1407 984 1468 mulier

190 1503 360 1566 comitissa
383 1504 573 1582 Campaniae
604 1504 755 1567 homines
779 1505 878 1583 huJus
904 1504 981 1572 loci,

190 1601 366 1679 quominus
381 1601 572 1679 hujusmodi
585 1601 738 1665 libertate
750 1602 933 1675 struantur,
946 1602 982 1664 in

188 1713 291 1776 grave
303 1699 464 1776 impendit
473 1699 703 1777 praejudicinm
718 1701 868 1762 ecelesiae
883 1702 983 1761 Sene

188 1796 304 1859 nensis
322 1818 329 1858 :
346 1796 433 1858 unde
454 1797 529 1859 fleri
548 1797 612 1858 sibi
634 1813 654 1858 a
677 1797 772 1859 uobis
796 1813 897 1875 snper
919 1797 981 1860 hoc

183 1893 349 1970 justitiam
366 1894 556 1971 postulavit.
574 1895 668 1957 Unde
688 1895 883 1958 discretioni
898 1910 981 1959 ves-

187 1991 248 2051 trae
263 2007 323 2067 per
334 1991 523 2068 apostolica
538 1992 661 2070 scripta
676 1991 883 2066 mandamus,
897 2009 981 2070 qua-

187 2088 296 2158 tenus,
322 2088 471 2165 partibus
500 2091 702 2162 convocatis,
730 2088 886 2160 audiatis,
916 2092 978 2152 etc.

186 2184 306 2247 Datum
325 2186 492 2261 Laterani,
513 2186 674 2250 kalendas
692 2187 822 2267 aprilis,
845 2187 981 2265 pontifl-

186 2281 280 2344 catus
296 2284 400 2346 nostri
415 2300 503 2347 anno
517 2285 643 2363 quinto.

511 2490 659 2578 ccclx

323 2634 376 2694 Ad
392 2634 561 2694 decertum
578 2635 839 2694 Virduneasem.

480 2754 494 2811 l
510 2753 591 2825 april.
606 2754 685 2812 llil.

186 2887 189 2891 ·
216 2867 335 2932 [Regest.,
351 2867 395 2918 lib.
406 2868 437 2926 V,
453 2867 527 2933 epist
537 2866 661 2918 11011111.
675 2867 842 2919 LaPcrtsdu
854 2866 947 2930 vieti]

72 3009 73 3013 =
185 2975 304 3034 Mandat
321 2977 348 3033 ei
364 2983 395 3033 ut
409 2975 618 3049 primiceriatus
636 2976 773 3034 Maiensis
787 2974 913 3034 redditus
931 2989 980 3034 se«.

220 3065 360 3137 qucstrari
379 3061 480 3134 iaciat,
499 3063 592 3122 donec
610 3063 815 3122 mercatoribus
836 3065 941 3124 senen.
963 3078 978 3122 a

220 3151 323 3225 quibus
342 3153 520 3225 primicerius
543 3154 679 3211 ldeteasis
698 3153 757 3226 jam
778 3151 835 3210 lato
855 3150 977 3222 iunctus,

218 3248 348 3298 mutuum
367 3250 481 3299 centum
501 3241 691 3315 quadraginta
714 3255 874 3298 marcarum
896 3255 982 3300 acce-1

219 3336 310 3403 perat,
327 3329 503 3387 satisfactum
519 3329 613 3388 luerit.

222 3447 403 3520 Honorius,
417 3447 493 3520 etc,
506 3446 627 3509 dilecto
640 3446 709 3509 tilio
725 3446 852 3510 decano
861 3447 980 3510 Virdu·

183 3544 292 3606 nensi.

223 3641 371 3704 Dilectus
385 3640 651 3704 lilinsJocelinus
662 3643 783 3705 Meten.
796 3642 977 3705 canonicus

182 3739 302 3802 humili
318 3738 413 3801 nobis
427 3738 654 3800 insinuatione
669 3739 877 3813 monstravit,
891 3739 978 3819 quod

181 3837 278 3900 bonae
288 3837 457 3900 memoriae
468 3837 978 3915 ll.‚primiceriusMeten.,apud

184 3934 302 3999 Sedem
329 3935 553 4013 Apostolicam
580 3951 641 4013 pro
670 3935 739 3996 suis
768 3936 801 3998 et
826 3934 977 3997 ecclesiae

183 4034 304 4097 Meten.
332 4034 475 4111 negotiis
504 4033 702 4095 constitutus
731 4049 751 4096 a
779 4032 978 4110 quibusdam

181 4131 423 4195 mercatoribus
443 4134 562 4194 Senen.
580 4132 729 4193 mutuum
744 4130 877 4193 centnm
889 4145 976 4207 qua-

182 4230 337 4310 draginta
351 4245 540 4291 marearum
555 4230 693 4306 accepit,
709 4244 768 4306 pro
785 4227 903 4306 quibus
915 4226 979 4288 sol·

182 4329 300 4390 vendis
312 4329 400 4390 idem
414 4327 595 4388 canonicus
606 4326 646 4387 ad
658 4341 773 4402 preces
787 4324 893 4403 ipsius
908 4325 979 4402 pri-

181 4425 311 4487 micerii
331 4424 479 4503 praefatis
499 4422 738 4485 mercatoribus
763 4437 798 4483 se
821 4421 979 4483 astrinxit
1010 4494 1013 4499 ¹

181 4523 318 4587 vinculo
333 4522 536 4601 juramenti;
563 4535 666 4597 quare
689 4519 785 4581 nobis
807 4518 978 4580 humiliter

181 4620 392 4699 supplicavit.
401 4620 438 4682 ut
450 4634 550 4696 super
564 4617 628 4679 hoc
643 4616 708 4679 sibi
722 4616 898 4696 providere
913 4616 979 4677 mi-

181 4719 395 4782 sericorditer
427 4719 652 4795 dignaremur.
683 4717 734 4777 Ne
762 4715 864 4792 igitur
888 4714 977 4776 idem

183 4817 365 4880 canonicus
387 4816 464 4878 inde
485 4815 633 4893 patiatur
654 4814 863 4892 dispendium
889 4813 977 4874 unde

182 4915 365 4995 promeruit
385 4915 539 4992 gratiam,
563 4927 647 4974 neve
671 4912 801 4973 reatum
827 4911 978 4972 incurrat

181 5014 323 5093 perjurii
338 5029 438 5091 quum
458 5028 525 5074 uon
547 5010 669 5072 habeat
687 5009 775 5070 unde
795 5008 900 5086 possit
915 5024 978 5086 pe-

182 5113 315 5175 caniam
330 5112 438 5189 ipsam
458 5110 588 5171 solvere
602 5107 755 5171 terminis
775 5107 976 5177 constitutis,

1038 724 1155 797 ticam,
1186 723 1408 802 appellatione
1440 726 1642 805 postposita,
1677 746 1833 807 compes·

1038 821 1152 883 cende.
1177 824 1295 883 Datum
1314 821 1484 895 Laterani,
1511 823 1675 888 kalendas
1700 828 1828 906 aprilis,

1038 918 1250 997 pontificatus
1266 920 1372 982 nostri
1387 937 1475 984 auno
1490 922 1617 999 quinto.

1369 1098 1496 1185 dedi

1142 1240 1195 1300 Ad
1212 1240 1494 1303 suessionensem
1513 1245 1724 1318 episcopum.

1330 1363 1344 1419 1
1360 1362 1441 1435 april.
1460 1364 1537 1421 1111.

1062 1475 1183 1541 [Regest.,
1195 1475 1240 1526 lib.
1253 1474 1286 1538 V,
1299 1476 1372 1541 epist.
1383 1475 1440 1527 sss.
1452 1478 1511 1527 llss.
1526 1478 1563 1528 La
1576 1477 1654 1528 Porta
1668 1478 1703 1528 da
1716 1478 1807 1544 111111]

1085 1580 1214 1640 Absolvit
1227 1596 1294 1641 eum
1309 1581 1510 1641 abinterdicto
1524 1583 1600 1656 quod
1615 1585 1784 1642 incurrerat.

1075 1699 1253 1771 Honorius,
1274 1699 1351 1770 etc..
1371 1699 1556 1763 venerabili
1576 1699 1712 1762 tratri...
1731 1702 1823 1762 Sues-

1037 1795 1165 1857 sionen.
1179 1797 1346 1873 episcopo.

1075 1896 1124 1954 Ex
1138 1893 1233 1971 parte
1249 1894 1306 1955 tua
1322 1892 1384 1955 luit
1402 1892 1498 1955 nobis
1513 1894 1689 1956 humiliter
1705 1895 1822 1971 suppli-

1036 1990 1164 2063 catum,
1189 1990 1228 2053 ut
1251 2006 1327 2051 cum
1352 1991 1388 2051 in
1413 1992 1573 2069 quosdam
1599 1991 1822 2054 malefactores

1035 2088 1101 2150 tuae
1116 2088 1269 2149 dioecesis
1283 2103 1345 2166 pro
1357 2088 1532 2151 manifesta
1548 2088 1678 2150 offensa
1692 2105 1820 2151 excom-

1034 2185 1272 2248 municationis
1286 2186 1486 2247 sententiam
1503 2186 1740 2264 promulgaris,
1760 2202 1823 2248 mo-

1035 2283 1162 2344 nitione
1176 2282 1286 2344 debita
1297 2298 1363 2344 non
1376 2284 1560 2360 praemissa,
1576 2284 1694 2346 contra
1710 2285 1821 2346 statuta

1035 2380 1175 2442 concilii
1189 2380 1368 2457 generalis,
1383 2381 1470 2458 quod
1485 2381 1534 2443 sic
1552 2381 1588 2441 in
1608 2381 1742 2458 aliquos
1756 2396 1823 2443 sen·

1034 2477 1172 2540 tentiam
1191 2477 1435 2554 proferentibus
1452 2493 1512 2555 per
1533 2493 1683 2540 mensam
1700 2479 1823 2555 ingres-

1034 2590 1107 2635 sum
1133 2575 1284 2636 ecclesiae
1307 2574 1487 2647 interdicit,
1511 2575 1545 2637 et
1563 2575 1719 2651 neglecto
1742 2576 1823 2651 post-

1033 2670 1166 2732 modum
1192 2671 1383 2748 hujusmodi
1403 2671 1625 2734 celebraveris
1652 2673 1822 2734 interdicto

1033 2769 1142 2829 tecum
1157 2768 1372 2845 dignaremur
1385 2785 1487 2847 super
1495 2769 1559 2831 hoc
1569 2769 1823 2832 misericorditer

1034 2866 1239 2943 dispensare.
1250 2868 1319 2929 Nos
1330 2882 1409 2944 ergo
1419 2866 1638 2939 attendentes,
1654 2867 1821 2944 quodcum

1031 2963 1151 3041 sponte
1167 2962 1329 3025 confessis
1352 2963 1466 3026 mitius
1483 2963 1528 3025 sit
1548 2964 1728 3040 agendum,
1744 2966 1775 3025 et
1787 2963 1822 3024 ad

1034 3060 1252 3135 devotionem,
1267 3077 1365 3138 111111
1379 3061 1420 3122 ad
1434 3064 1618 3124 Romanam
1633 3063 1821 3133 Ecclesiam,

1033 3159 1067 3220 et
1079 3160 1227 3221 nostram
1241 3160 1331 3236 geris
1346 3174 1521 3237 personam
1536 3159 1682 3220 debitum
1697 3174 1823 3236 respec-

1032 3256 1101 3319 tum
1121 3255 1292 3330 habentes
1314 3257 1423 3319 tecum
1439 3272 1538 3334 super
1556 3257 1621 3319 hoc
1640 3256 1683 3319 de
1699 3255 1824 3318 miseri·

1033 3355 1159 3426 cordia,
1176 3371 1249 3432 quae
1264 3354 1493 3432 superexaltat
1500 3353 1640 3431 judicio,
1655 3354 1823 3431 dispensa-

1033 3468 1117 3525 mus,
1140 3453 1362 3530 injungentes,
1385 3453 1421 3512 ut
1441 3467 1461 3513 a
1481 3452 1745 3529 praesumptione
1766 3451 1823 3511 bu·

1029 3550 1175 3628 jusmodi
1189 3550 1231 3612 de
1249 3552 1372 3612 caetero
1391 3565 1511 3613 caveas
1532 3549 1723 3625 diligenter,
1739 3564 1821 3626 prae-

1033 3648 1148 3710 sertim
1163 3664 1264 3725 quum
1278 3663 1322 3710 ex
1331 3647 1520 3724 ignorantia
1533 3648 1622 3724 juris
1636 3662 1706 3708 non
1719 3645 1820 3723 possis

1034 3745 1278 3823 quomodolibet
1299 3746 1467 3818 excusari,
1487 3744 1599 3822 utpote
1624 3744 1680 3806 vir
1708 3742 1820 3821 praedi-

1031 3844 1085 3905 tus
1114 3843 1254 3904 scientia
1284 3842 1482 3905 litterarum.
1510 3844 1629 3904 Datum
1655 3840 1815 3910 Laterani,

1033 3940 1337 4023 kalendasaprilis,
1350 3956 1438 4002 anno
1453 3940 1578 4025 qmnto.

1356 4116 1508 4205 cccxl
1606 4160 1610 4167 =

1032 4261 1084 4322 Ad
1097 4261 1276 4332 decanum,
1297 4261 1523 4322 cedorcrtum
1536 4260 1571 4321 et
1587 4261 1633 4320 H.
1649 4257 1817 4321 1111111111

1125 4358 1283 4434 neattpto
1296 4360 1501 4419 carzoateum
1517 4359 1735 4422 Remensem.

1323 4479 1341 4538 1
1356 4479 1440 4553 april.
1454 4479 1532 4537 till.

1065 4595 1186 4660 [Regest.,
1198 4593 1245 4646 lih.
1256 4594 1287 4655 V,
1301 4593 1375 4660 epist.
1385 4593 1441 4645 tlt).
1451 4594 1509 4645 blss.
1520 4594 1557 4644 La
1568 4594 1645 4644 Porta
1655 4593 1690 4644 du
1703 4591 1792 4656 Thali]

1061 4702 1191 4774 Praecipit
1205 4703 1248 4760 eis
1263 4709 1294 4760 ut
1307 4700 1517 4760 thesaurarium
1536 4700 1751 4774 Lingonensem
1764 4697 1796 4755 ab

1076 4788 1238 4848 infestando
1249 4790 1425 4863 Lingoneusi
1440 4789 1576 4863 episeopo
1586 4796 1780 4862 compescant.

1072 4909 1253 4979 Honorius,
1270 4907 1346 4979 etc,
1363 4907 1493 4969 dilectis
1507 4906 1588 4967 tiliis
1600 4906 1741 4978 decano,
1757 4903 1821 4968 cel-

1033 5006 1170 5079 larario,
1184 5008 1218 5068 et
1231 5008 1273 5067 Η.
1286 5005 1329 5066 de
1348 5006 1469 5069 Sancto
1491 5004 1645 5081 Remigio
1659 5002 1824 5067 canonicis

1034 5108 1200 5167 Senonen.

181 5210 376 5273 discretioni
391 5210 456 5270 tuae
472 5222 532 5284 per
545 5207 736 5284 apostolica
752 5205 875 5283 scripta
888 5220 980 5265 man·
1073 5206 1237 5264 Perverse
1257 5201 1438 5263 obstinatio
1455 5203 1489 5262 et
1505 5199 1675 5262 obstinata
1688 5213 1824 5277 perver-

183 5309 302 5370 damus
312 5307 475 5386 quatenus
485 5307 668 5383 proventus
679 5302 937 5381 primiceriatus,
948 5304 980 5364 et
1034 5301 1115 5363 sitas
1136 5299 1341 5362 thesaurarii
1362 5300 1545 5375 Lingonen.
1575 5300 1771 5374 exposcunt,
1794 5296 1827 5358 ut

183 5408 326 5468 aliorum
340 5403 577 5466 beneficiorum
592 5402 699 5480 ipsius
714 5402 897 5479 primicerii
908 5403 980 5462 sive
1034 5398 1224 5476 frequentes
1246 5398 1450 5460 destinemus
1464 5395 1596 5458 litteras
1610 5397 1726 5458 contra
1742 5410 1826 5466 eum,

182 5504 338 5569 vacantia
359 5504 427 5574 fiat,
446 5503 519 5564 sive
534 5501 634 5563 etiam
646 5503 716 5577 jam
732 5500 855 5562 collata
874 5498 979 5561 iacias
1034 5497 1068 5559 et
1082 5497 1115 5557 in
1131 5496 1246 5558 morbo
1266 5496 1482 5573 experiamur
1500 5493 1698 5565 cauterium,
1715 5493 1750 5553 in
1765 5506 1828 5568 quo

184 5601 386 5681 sequestrari
406 5600 544 5671 tamdiu,
561 5600 595 5661 et
614 5614 689 5660 cum
709 5598 883 5674 diligentia
903 5613 981 5658 cus-
1034 5595 1199 5657 medicina
1212 5610 1280 5656 non
1293 5592 1448 5671 provenit
1461 5592 1694 5657 fomentorum.
1715 5590 1750 5651 Si
1761 5589 1834 5666 qui-

181 5702 294 5775 todiri,
311 5700 416 5763 donec
431 5699 472 5761 de
486 5698 575 5762 sorte
592 5712 654 5760 sua
676 5696 755 5759 inde
770 5695 979 5759 satisfactum
1035 5694 1111 5757 dem
1133 5692 1286 5757 eumdem
1307 5690 1564 5757 tluesaurarium·
1582 5704 1672 5766 saepe
1691 5687 1832 5751 lecimus
