3774 6186
113 314 173 377 sau
731 319 907 382 souonu
928 321 973 381 111
995 285 1143 385 orsas.
1692 320 1742 384 sso

113 474 788 556 quibuslibetdecedentibusdimittuntur.
797 480 911 543 Liceat
964 482 1075 560 pellat.
1091 483 1182 554 Quod
1193 482 1221 544 si
1235 482 1344 543 iacere
1354 479 1508 552 noluerit,
1525 478 1742 543 sicutexcom-

113 576 224 637 autem
244 575 403 638 fratribus
427 575 628 653 supradictis
650 594 723 651 eos,
750 579 807 656 qui
822 577 908 655 apud
964 581 1168 642 manicatum
1182 579 1312 643 faciatis
1327 577 1368 641 ab
1380 577 1533 640 omnibus
1547 576 1740 642 evitariiia·

113 670 203 750 ipsos
214 673 376 749 elegerint
388 674 535 750 sepeliri,
556 675 596 735 ad
610 675 853 737 consessionem
869 675 909 736 de
963 679 1044 750 tum,
1060 679 1124 740 etc.

114 771 253 832 occultis
279 771 423 848 peccatis
449 772 598 849 recipere
634 788 693 851 per
719 773 909 834 sacerdotes

114 883 193 929 suos
207 867 239 929 et
254 884 313 945 per
324 868 458 930 eosdem
470 870 540 931 iliis
551 870 708 933 viaticum
717 871 909 931 ministrare

113 962 214 1039 atque
240 977 316 1024 oum
341 978 440 1025 cruce
467 965 501 1026 et
528 964 740 1041 processione
772 964 813 1027 ad
841 980 910 1026 ooe-
1324 929 1396 1016 XV

114 1058 289 1121 motorium
322 1077 418 1121 sunm
439 1076 580 1140 corpora
606 1077 722 1124 eorum
749 1061 910 1124 liberast
965 1081 1015 1140 Λα
1029 1078 1608 1156 mpsstmpmetpatresnospttaiis
1621 1081 1735 1146 saiwis

114 1155 187 1217 sine
200 1157 436 1235 impedimento
454 1159 649 1226 tumulanda
670 1158 812 1222 deferre.
837 1162 908 1221 Da·
1135 1179 1262 1238 Marsae
1288 1177 1584 1239 praemonueram.

114 1254 274 1328 tum,etc.
1126 1305 1263 1371 [stamus
1282 1304 1589 1370 numerosus]

467 1436 561 1523 XIV
964 1421 1107 1479 Honorius
1127 1422 1168 1479 111
1195 1419 1288 1478 ordini
1308 1418 1484 1479 Theuionico
1507 1420 1650 1490 concedit,
1673 1422 1738 1480 utin

998 1510 1082 1566 terris
1096 1508 1131 1566 de
1145 1511 1366 1567 sarracenorum
1385 1509 1518 1566 manibus
1532 1516 1582 1566 aut
1599 1523 1648 1582 per
1664 1511 1741 1582 ipsum

321 1587 375 1646 Aci
387 1587 523 1648 eosdem
534 1587 708 1661 proeioios.
999 1597 1105 1667 ereptis
1118 1604 1167 1655 aut
1177 1597 1231 1668 ipsi
1243 1596 1367 1666 donatis,
1377 1597 1461 1655 iiceat
1474 1596 1568 1666 utilas,
1577 1604 1679 1667 castra,
1690 1613 1740 1654 ora·

295 1712 432 1777 [32th
442 1713 516 1773 isid„
526 1729 552 1779 p.
562 1712 618 1773 339,
629 1728 655 1765 n,
665 1712 734 1778 tii]
999 1685 1083 1755 toria,
1096 1685 1260 1742 coemeteria
1273 1691 1450 1743 construere.

117 1825 261 1886 Honorius
285 1830 326 1887 iii
345 1827 426 1901 iubet
446 1829 592 1900 prelatos,
615 1843 652 1886 ne
675 1828 778 1885 naues
803 1827 911 1887 ordinis
1005 1820 1171 1881 Honorius
1180 1819 1366 1897 episcopus,
1379 1820 1747 1892 servusscrvorumitei

152 1915 319 1974 iheutonioi
339 1917 435 1974 violati
450 1931 566 1988 prorsus
580 1917 744 1975 testimonio
756 1917 911 1975 destituan-
965 1916 1095 1977 dilectis
1109 1916 1226 1978 filiis...
1242 1917 1401 1993 magistro
1421 1917 1454 1978 et
1467 1916 1629 1978 fratribus
1645 1917 1749 1977 domus

152 2002 400 2072 iur,devioientia
416 2004 910 2077 asuspectisparociiiauiscensnra
965 2013 1139 2090 hospitalis
1168 2015 1297 2075 sanctae
1333 2013 1449 2074 Mapiae
1478 2013 1752 2075 ’theutonicorum

152 2093 346 2151 ecclesiastica
366 2093 509 2168 proposita
527 2094 725 2167 purgatorium
743 2094 861 2167 exigere
869 2093 912 2167 ju·
964 2110 1252 2187 ffirosopymjtanp,
1265 2109 1417 2176 saputem⁸
1434 2112 1497 2172 etc,

154 2189 328 2241 mmmmm·
1004 2207 1132 2269 Vestris
1147 2198 1211 2283 piis
1220 2206 1497 2284 postulationibus
1512 2206 1666 2269 inclinati
1687 2222 1754 2268 ano

157 2307 826 2385 Honoriusepiscopus,serrusservorum
837 2307 908 2379 Dei,
964 2306 1098 2366 toritate
1122 2303 1216 2365 vobis
1231 2304 1445 2380 praesentium
1468 2303 1702 2380 indulgemus,
1725 2306 1755 2366 ut

117 2404 366 2467 uenerabilibus
403 2405 562 2467 iratribus
590 2405 851 2482 archiepiscopis
879 2406 912 2466 et
965 2403 1000 2464 in
1030 2402 1141 2473 terris,
1172 2417 1266 2478 quas,
1303 2401 1402 2461 dante
1430 2401 1588 2473 Domino,
1618 2402 1753 2478 populus

117 2501 374 2581 episcopis,etc.,
399 2503 538 2565 salutem
568 2502 601 2564 et
625 2501 913 2580 apostolicambe-
966 2500 1206 2561 christianusa
1228 2501 1488 2560 sarracenorum
1503 2499 1668 2575 eripuerit
1687 2514 1755 2558 ma·

115 2597 350 2662 sedictionem.
966 2596 1074 2667 nibus,
1085 2596 1113 2655 si
1129 2595 1170 2655 ad
1185 2611 1245 2657 vos
1260 2579 1468 2673 postmodnm
1476 2598 1569 2673 justo
1585 2596 1685 2657 titulo
1698 2595 1758 2657 fue·

159 2697 398 2771 significarunt
426 2696 522 2758 nobis
550 2695 662 2757 dilecti
697 2695 759 2755 diii
791 2694 911 2756 iratres
965 2693 1034 2754 rint
1054 2692 1228 2764 devolutae,
1256 2693 1356 2755 accis
1378 2693 1489 2765 etiam,
1507 2709 1592 2771 quas
1612 2709 1673 2755 vos
1698 2693 1757 2771 ipsi

116 2789 293 2867 hospitalis
323 2795 452 2855 sanctae
483 2792 599 2852 Mariae
631 2791 912 2852 Theutonicorum
965 2790 1089 2851 eisdem
1109 2789 1242 2851 auferre
1262 2790 1413 2867 poteritis
1435 2790 1647 2862 sarracenis,
1664 2790 1758 2852 villas

116 2886 423 2965 Hierosolymitani‚
439 2888 526 2966 quod
549 2888 682 2965 quidam
701 2904 816 2949 eorum
830 2904 911 2949 ver·
965 2890 998 2950 et
1021 2889 1130 2950 castra
1157 2886 1251 2949 vobis
1270 2887 1438 2949 aediflcare
1459 2887 1572 2961 liceat,
1589 2887 1757 2957 ecclesias,

116 2981 225 3045 berati
240 2986 419 3063 aliquando
432 2986 466 3047 et
479 2986 646 3048 vulnerati
661 2985 827 3048 interdum
842 2985 914 3048 des·
966 2986 1112 3047 oratoria
1124 2985 1157 3046 et
1171 2984 1361 3046 coemeteria
1376 2983 1542 3045 fabricare
1554 2983 1597 3045 ad
1608 3000 1696 3060 opus
1709 2984 1760 3044 iio·

117 3081 911 3160 tituunturtestibusetprobareviolentiamnon
965 3084 1092 3144 minum
1116 3082 1316 3143 morantium
1340 3082 1375 3142 in
1402 3080 1546 3156 eisdem3
1579 3083 1760 3143 statuentes

117 3179 266 3241 valentes
276 3181 401 3243 nullam
413 3183 453 3242 de
463 3182 734 3244 malefactoribus
744 3181 910 3259 justitiam
967 3182 1112 3257 insuper,
1125 3182 1161 3242 ut
1182 3178 1341 3256 praedicta
1362 3178 1474 3239 omnia
1489 3177 1551 3239 suh
1564 3178 1760 3255 apostolica

117 3280 373 3355 consequuntur.
403 3279 561 3341 volentes
585 3279 691 3354 igitur
716 3295 818 3356 super
848 3279 912 3340 hoc
967 3278 1061 3340 Sedis
1074 3279 1229 3339 etnostra
1244 3276 1450 3353 protectione
1464 3276 1661 3337 consistant.
1672 3274 1762 3337 Nulli

117 3374 243 3436 eisdem
264 3375 422 3436 iratribus
435 3378 573 3452 paterna
588 3376 813 3437 sollicitudine
832 3390 913 3451 pro-
966 3391 1045 3451 ergo
1061 3375 1196 3436 omnino
1211 3373 1381 3434 homiuum
1397 3372 1497 3434 liceat
1507 3372 1594 3434 hanc
1607 3374 1762 3449 paginam

117 3471 243 3545 videre,
265 3473 476 3534 universitati
502 3473 623 3534 vestras
642 3488 702 3549 per
722 3472 911 3549 apostolica
966 3474 1088 3533 nostrae
1107 3471 1344 3541 concessionis,
1361 3469 1610 3531 constitutionis
1634 3471 1668 3531 et
1681 3485 1762 3546 pro-

118 3570 242 3647 scripta
257 3570 453 3631 mandamus
473 3572 572 3646 atque
584 3569 806 3645 praecipimus,
829 3584 912 3647 qua·
965 3569 1117 3631 tectionis
1140 3568 1323 3644 infringere
1347 3567 1401 3627 vei
1426 3567 1457 3628 ei
1481 3582 1568 3627 ausu
1583 3567 1765 3628 temerario

116 3668 214 3730 tenus
227 3669 366 3744 quisque
380 3669 526 3728 vestrum
541 3666 781 3747 parochianum
800 3682 906 3738 sunm,
966 3667 1141 3727 contraire.
1157 3665 1280 3743 Siquis
1295 3664 1406 3726 autem
1420 3664 1483 3724 hoo
1499 3664 1669 3726 attentare
1680 3680 1766 3742 prae·

72 3780 76 3785 ·
119 3765 176 3842 qui
190 3764 231 3825 de
246 3765 310 3826 hoc
322 3766 497 3841 suspectus
509 3763 693 3825 habeturet
703 3764 790 3825 sama
804 3779 910 3826 uexa-
961 3763 1150 3840 sumpserit,
1166 3762 1430 3837 indignationem
1441 3762 1681 3838 omnipotentis
1705 3760 1766 3823 Dei

116 3861 219 3934 bitur,
240 3863 269 3923 si
293 3862 446 3924 convinci
465 3861 661 3939 nequiverit,
685 3862 721 3923 ut
742 3877 777 3922 se
792 3861 910 3938 purget
962 3861 1175 3923 etbeatorum
1185 3859 1276 3921 Petri
1290 3857 1430 3920 etPauii
1445 3858 1674 3935 apostolorum
1686 3861 1763 3937 eJus

118 3975 179 4040 per
201 3960 371 4037 proprium
387 3960 623 4037 juramentum,
639 3958 789 4026 districte
812 3974 908 4022 com·
962 3973 999 4020 se
1013 3955 1376 4023 noueritincursurum.
1393 3955 1523 4028 natum,
1540 3955 1605 4017 etc.
