3774 6186
43 338 81 356 ,·
129 294 188 354 ote

130 454 315 518 severella
341 455 485 530 propter,
511 450 625 513 dilecti
644 451 677 512 in
693 452 833 514 Domino
848 451 920 522 11111,

129 553 251 616 vestris
260 551 360 631 justis
375 548 654 628 postulatIonibus
668 551 763 625 grato
779 566 923 612 concur-

130 655 241 714 rentes
257 665 407 719 assensu,
424 663 583 724 personas
598 649 631 710 et
652 647 827 709 ecclesiam
843 664 922 708 ves-

129 751 215 811 tram
226 764 300 809 curn
313 746 465 808 omnibus
475 745 584 816 bonis,
595 761 669 822 quae
683 746 716 806 in
732 745 924 822 praesentia-

78 898 88 913 ,,
130 864 202 908 rum
218 843 461 907 rationabiliter
472 843 628 921 possidet,
643 845 701 905 aut
712 843 748 904 in
763 842 921 913 futurum,

125 945 226 1023 Justis
252 943 376 1014 modis,
405 943 585 1020 praestante
618 941 772 1012 Domino,
803 942 924 1018 poterit

130 1042 281 1119 adipisci,
321 1039 381 1102 sub
402 1040 489 1102 beati
510 1039 600 1101 Petri
613 1041 645 1100 et
660 1040 773 1100 nostra
788 1041 922 1115 protec-

129 1141 220 1203 tione
243 1139 456 1215 suscipimus.
479 1137 675 1214 specialiter
697 1139 808 1197 autem
833 1135 926 1196 deci·

130 1254 211 1308 mas,
235 1239 353 1306 terras,
379 1235 535 1310 terragia,
563 1250 679 1310 aquas,
700 1234 843 1305 vinaria,
865 1249 926 1295 ne-

131 1350 235 1406 mora,
253 1335 358 1411 prata,
372 1333 533 1404 redditus,
549 1332 787 1408 possessiones,
804 1333 837 1393 et
857 1331 924 1392 3113

131 1432 217 1494 hona
230 1431 351 1497 vestra,
374 1431 460 1492 sicut
482 1445 522 1490 ea
536 1430 648 1490 omnia
660 1431 749 1506 iuste
764 1447 803 1491 ac
828 1429 924 1505 paci-

132 1530 193 1591 tlce
209 1528 395 1606 possidetis,
417 1526 511 1589 voltis
535 1529 568 1588 et
593 1542 652 1604 per
673 1544 732 1588 vos
751 1527 858 1588 eidem
875 1542 926 1588 ec·

132 1627 243 1688 clesiae
266 1628 385 1687 vestrae
408 1625 605 1686 auctoritate
628 1625 818 1702 apostolica
845 1640 926 1685 con-

133 1723 314 1794 firmamus,
343 1723 376 1784 et
401 1722 575 1798 praesentis
604 1721 719 1797 scripti
741 1721 926 1798 patrocinio

133 1821 383 1881 communimus.
407 1819 499 1880 Nulli
519 1834 598 1895 ergo
629 1819 800 1880 bominum
828 1818 927 1879 lineat

133 1919 220 1981 banc
234 1917 389 1994 paginam
405 1920 527 1979 nostrae
543 1918 770 1994 protectionis,
794 1918 826 1977 et
846 1931 927 1977 con·

133 2015 329 2076 firmationis
350 2013 544 2089 intringere,
574 2013 627 2076 vel
655 2014 686 2075 ei
714 2030 799 2075 ausu
822 2015 927 2074 teme-

133 2114 226 2175 rario
245 2114 423 2174 contraire.

174 2212 211 2272 Si
230 2211 304 2288 quis
329 2212 439 2271 autem
462 2209 524 2270 boc
546 2210 711 2271 attentare
738 2224 925 2286 praesump-

133 2308 225 2380 serit,
255 2307 519 2383 indignationem
545 2307 780 2384 omnipotentis
811 2306 869 2367 Dei
894 2306 928 2366 et

133 2405 306 2466 beatorum
328 2404 417 2466 Petri
438 2406 470 2466 el
490 2403 586 2465 Pauli
608 2404 833 2480 apostolorum
854 2405 926 2479 ejus

132 2501 673 2565 senoveritincursurum.l)atum
683 2500 928 2571 viterbiivka·

133 2599 248 2661 lendas
273 2599 467 2670 decembris,
490 2597 701 2676 pontificatus
720 2598 825 2660 nostri
840 2611 927 2658 anno

134 2696 262 2773 quinto.

466 2884 593 2971 CVIII

192 3037 244 3095 Ad
262 3037 471 3108 Plrtttpptott,
494 3038 713 3095 Prattcorum
739 3045 868 3109 regem,

110 3212 129 3241 ,
385 3173 420 3231 11
442 3172 575 3232 novemb.
597 3173 675 3232 1220.

163 3308 375 3374 inaequabiles.
390 3307 433 3358 des
447 3308 550 3364 Hister,
566 3312 584 3356 t.
599 3306 667 3364 XIX,
681 3322 706 3372 p.
721 3305 775 3357 711.
790 3304 897 3370 Itegest,

407 3388 451 3438 lib.
464 3390 495 3445 V,
508 3388 582 3451 epist.
593 3387 659 3450 tte]

132 3501 202 3559 Cum
219 3496 403 3568 magistratus
419 3503 448 3551 et
464 3495 585 3567 populus
600 3495 780 3560 Parmenses,
798 3493 825 3547 in
845 3492 926 3548 cleri·

168 3601 217 3643 cos
232 3583 430 3651 deosculantes,
447 3582 583 3639 Ecclesia
602 3580 745 3637 mandatis
759 3589 788 3637 et
801 3580 930 3637 censuris

168 3689 227 3731 non
241 3672 432 3738 flecterentur,
454 3671 606 3737 Honorius,
627 3669 662 3725 nd
685 3668 929 3741 comprimendam

168 3776 267 3820 eorum
280 3761 506 3827 contumaciam,
522 3773 622 3830 regem
637 3766 730 3829 rogat,
743 3765 773 3814 ut
786 3765 928 3815 mereato-

168 3867 229 3909 rum
246 3857 274 3907 et
288 3849 486 3906 Parmensium
507 3848 627 3903 aliorum
642 3845 718 3903 bona
734 3848 762 3904 in
778 3862 869 3920 regno
884 3848 928 3904 ln·

168 3948 253 3998 ronta
270 3937 354 3995 iaciat
370 3938 405 3994 ad
420 3945 533 4009 tempus
545 3935 675 3993 detineri.

174 4066 340 4130 Honorius
356 4064 543 4141 episcopus,
558 4062 732 4142 carissimo
749 4063 782 4122 in
798 4063 929 4125 Christo

134 4169 202 4229 lilio
217 4164 383 4241 Philippo,
410 4164 611 4222 Francorum
627 4160 697 4235 regi
720 4160 854 4233 illustri,
873 4178 929 4222 sa-

134 4266 245 4327 lutem.

173 4363 260 4424 Dirae
285 4355 491 4418 crudelitatis
515 4355 716 4426 immanitas,
741 4371 839 4432 quam
864 4355 927 4416 viri

133 4459 239 4537 iniqui
254 4457 294 4517 N.
308 4455 465 4531 potestas,
475 4449 661 4513 consiliarii
672 4455 705 4514 et
720 4454 860 4529 populus
876 4454 927 4513 ci-

132 4558 245 4622 vitatIs
262 4550 465 4621 Parmensis,
489 4550 524 4609 in
546 4549 770 4611 venerabilem
793 4550 927 4612 tratrem

133 4647 926 4726 nostrumepiscopumetclerumcivitatisipsius,

132 4755 191 4819 Dei
201 4749 329 4828 abjecta
339 4745 832 4824 reverentia,praesumpserunt
843 4763 928 4808 ausu

48 4924 51 4933 ,
133 4850 260 4916 nefario
276 4860 445 4915 exercere,
467 4860 531 4905 non
552 4843 683 4905 videtur
703 4845 842 4906 multum
857 4845 929 4906 dis-

133 4946 252 5014 similis
278 4958 298 5004 a
321 4943 496 5004 tormentis
523 4944 556 5005 et
577 4942 780 5003 cruciatibus
808 4942 927 5020 quibus

132 5049 220 5110 Nero
235 5038 358 5114 aliique
378 5037 512 5114 tyranni
535 5038 691 5113 leguntur
711 5038 745 5097 in
762 5038 926 5114 principio

132 5136 299 5207 nascentis
315 5135 471 5195 Ecclesiae
484 5138 617 5197 sanctos
630 5136 752 5197 Christi
764 5139 926 5212 martyres

130 5236 304 5304 afflixisse,
331 5248 425 5301 cum,
441 5232 470 5290 si
495 5232 674 5308 diligenter
701 5231 785 5293 velis
811 5233 926 5310 culpas

131 5332 301 5403 attendere
317 5330 543 5404 utrorumque,
564 5330 746 5391 deteriores
759 5329 827 5390 illis
841 5345 926 5407 quo-

131 5439 206 5501 dam
231 5427 327 5489 modo
349 5425 514 5497 videntur,
538 5443 577 5488 eo
600 5428 757 5488 videlicet
772 5427 857 5504 quod
872 5429 928 5488 tu·

134 5537 199 5601 tine
215 5528 265 5588 est
280 5526 366 5584 riam
382 5522 530 5585 veritatis
544 5541 609 5586 uon
620 5539 817 5600 agnoscere,
828 5540 925 5601 quam

743 292 917 354 HONORII
939 293 984 354 III
1006 294 1154 354 OPERA.

1684 329 1692 337 -
1721 295 1779 352 sto

978 454 1052 528 post
1075 453 1222 529 agnitam
1239 455 1390 515 retroire.
1411 452 1525 530 Nuper
1545 453 1693 531 quidem,
1709 454 1779 530 ipso

977 551 1132 628 episcopo
1155 551 1343 627 accepimns
1366 550 1550 624 intimante,
1579 552 1681 628 quod,
1707 569 1778 612 cunt

978 647 1088 708 dilecti
1103 647 1163 708 filii
1181 647 1282 709 abbas
1298 648 1553 710 Nonantulanus
1568 652 1603 710 et
1624 649 1780 718 conjudi-

977 762 1032 806 ces
1048 746 1111 816 sui,
1135 745 1278 822 delegati
1303 762 1322 806 a
1347 744 1454 819 nobis,
1470 747 1505 807 in
1527 749 1727 824 potestatem
1749 751 1780 809 et

978 844 1188 904 consiliarios
1217 844 1425 920 supradictos
1454 844 1779 906 excommunicatio-

978 941 1030 1001 nis
1046 942 1128 1002 3113
1144 941 1312 1002 civitatem
1328 946 1434 1019 ipsam
1450 942 1619 1004 interdicti
1641 945 1779 1003 senten-

978 1040 1070 1109 tiam,
1099 1039 1251 1115 exigente
1270 1040 1411 1116 justitia,
1440 1040 1698 1117 promulgarint,
1724 1057 1779 1116 pro

979 1152 1018 1198 eo
1033 1136 1119 1214 quod
1136 1138 1333 1199 seutentiam
1357 1154 1416 1214 pro
1441 1139 1615 1199 Parmensi
1639 1139 1779 1199 ecclesia

979 1237 1095 1295 contra
1120 1250 1178 1295 eos
1197 1234 1297 1297 latam
1320 1251 1340 1296 a
1363 1235 1458 1296 noble
1478 1237 1662 1297 observare
1687 1236 1779 1295 nole-

979 1330 1070 1403 bant,
1089 1334 1206 1393 contra
1218 1335 1445 1409 juramentum
1459 1334 1544 1410 quod
1561 1334 1700 1395 circiter
1712 1336 1777 1395 tre-

980 1430 1065 1490 centi
1079 1428 1142 1490 3131
1159 1430 1199 1490 de
1211 1430 1413 1492 consiIIariis
1442 1432 1587 1493 civitatis
1617 1432 1725 1507 ipsius
1741 1433 1776 1492 de

979 1527 1096 1587 stando
1127 1527 1292 1589 mandatis
1326 1529 1448 1590 nostris
1476 1529 1676 1606 praestitisse
1705 1546 1776 1590 nos-

980 1627 1109 1696 cuntur,
1140 1627 1264 1687 temere
1278 1626 1460 1699 venientes,
1491 1627 1599 1689 dictus
1620 1629 1771 1703 potestas,

980 1720 1145 1784 diabolico
1157 1722 1268 1784 lurore
1278 1723 1434 1801 repletus,
1452 1727 1488 1787 ut
1502 1727 1615 1803 posset
1629 1726 1666 1785 in
1683 1725 1772 1785 cleri·

980 1835 1037 1880 cos
1077 1821 1215 1882 liberius
1254 1821 1427 1894 desaevire,
1467 1836 1488 1884 a
1516 1826 1715 1900 juramento
1745 1823 1770 1883 itt

980 1918 1134 1992 ingressu
1155 1916 1208 1976 sui
1227 1916 1400 1993 regiminis
1422 1918 1573 1994 praestito
1596 1918 1640 1979 ab
1656 1919 1769 1990 eodem,

981 2012 1767 2092 quoIpsumepisoopum,ecclesiasatquecleruru

981 2109 1157 2173 tenebatur
1167 2110 1546 2189 detendereapraedictis
1562 2113 1764 2183 consiliariis,

982 2209 1244 2285 praesumptuose
1273 2209 1398 2271 1331333
1419 2226 1455 2271 33
1477 2211 1609 2272 absolvi
1625 2209 1669 2289 (si
1685 2211 1768 2271 abso-

982 2307 1064 2368 lutio
1084 2306 1151 2367 dici
1172 2305 1305 2384 potest),
1322 2307 1382 2368 sub
1402 2309 1492 2370 certa
1515 2323 1615 2385 poena
1637 2308 1766 2369 inhibuit

982 2403 1112 2465 civibus
1138 2404 1341 2477 memoratis,
1367 2421 1409 2466 33
1431 2407 1623 2468 3331333133
1642 2406 1760 2477 inirent,

982 2516 1056 2562 cum
1070 2501 1214 2573 clericis,
1232 2502 1285 2563 vel
1302 2503 1350 2563 eis
1366 2503 1400 2564 13
1413 2503 1524 2580 aliquo
1548 2503 1759 2570 subvenirent,

983 2601 1017 2659 et
1032 2615 1073 2660 ne
1086 2600 1236 2676 ipsorum
1254 2600 1448 2661 clericorum
1463 2602 1694 2677 permitterent
1706 2602 1760 2661 ric·

982 2697 1087 2757 tualia
1099 2698 1273 2767 tuaoinari,
1291 2700 1324 2759 et
1337 2713 1439 2774 panes
1453 2697 1487 2758 13
1508 2697 1617 2758 furnis
1641 2699 1760 2774 decoqui

983 2797 1041 2856 aut
1051 2795 1152 2855 etiarn
1161 2793 1281 2856 barbas
1293 2795 1376 2866 radi,
1387 2798 1420 2857 et
1429 2811 1472 2857 ne
1483 2796 1609 2873 aliquis
1622 2796 1656 2857 in
1666 2812 1760 2857 eorum

982 2893 1133 2953 domibus
1170 2892 1345 2965 habitaret,
1376 2908 1483 2970 neque
1512 2893 1554 2955 ad
1589 2894 1759 2955 molendina

983 2991 1131 3067 ipsorum
1159 2991 1332 3068 quisquam
1356 2992 1530 3053 accederet
1556 2992 1629 3052 sive
1645 2991 1757 3052 furnos:

924 3156 927 3161 ,
985 3089 1134 3148 31313333
1154 3088 1290 3165 insuper
1305 3088 1350 3160 ut,
1371 3088 1400 3149 si
1421 3091 1568 3164 aegrotus
1590 3089 1759 3166 311331313-

984 3200 1060 3245 rare
1076 3186 1302 3262 praesumeret,
1319 3185 1404 3264 quod
1425 3187 1593 3249 mandatis
1609 3189 1706 3248 staret
1722 3201 1758 3244 e:-

984 3283 1107 3353 clesiae,
1125 3298 1164 3343 ac
1184 3283 1368 3354 decederet,
1397 3283 1430 3344 in
1450 3284 1663 3361 sterquilinIo
1683 3286 1755 3343 erim

985 3379 1189 3457 sepulturam
1229 3379 1376 3442 fidelium
1409 3384 1611 3458 poneretur;
1642 3382 1670 3442 si
1698 3395 1756 3439 rem

984 3478 1151 3549 evaderet,
1170 3477 1420 3554 publicarentur
1441 3478 1554 3539 omnIa
1572 3476 1659 3539 bona
1683 3480 1755 3553 ejust

984 3576 1167 3653 positisque
1189 3574 1380 3636 custodibus
1404 3575 1439 3635 in
1460 3575 1625 3646 ecclesiis,
1656 3572 1756 3652 prelati

984 3673 1085 3744 cives,
1103 3674 1137 3734 in
1153 3673 1341 3750 epIsoopale
1354 3672 1513 3749 palatium
1527 3674 1702 3743 irruentes,
1711 3672 1756 3730 ric·

983 3772 1098 3842 tualia,
1114 3771 1227 3843 libros,
1245 3787 1373 3849 pannos
1390 3772 1548 3849 usquead
1559 3773 1676 3834 altaris
1689 3771 1757 3830 rela-

984 3869 1074 3928 mina
1094 3870 1344 3946 asportarunt...
1363 3866 1411 3948 (et
1432 3873 1567 3944 reliquo
1588 3869 1756 3944 baptisterii

984 3965 1172 4044 apellatio.)

1025 4063 1108 4134 Quia
1134 4062 1236 4138 igitur
1254 4065 1355 4124 tantae
1380 4065 1652 4144 praesumptIonis
1672 4062 1756 4125 auda·

984 4161 1069 4220 oIam
1097 4161 1328 4236 equanimiter
1347 4162 1416 4238 pati
1437 4178 1503 4224 non
1526 4179 1698 4240 possumus
1714 4172 1756 4219 na·

984 4257 1155 4329 debemus,
1181 4273 1223 4318 ne
1253 4255 1359 4335 (quod
1389 4259 1512 4339 absitt)
1544 4262 1757 4335 sacrilegorum

983 4355 1153 4415 temeritas
1181 4356 1331 4416 transeat
1358 4355 1435 4417 31113
1466 4357 1502 4416 13
1531 4358 1722 4434 exemplum,
1737 4351 1759 4410 si

984 4452 1182 4512 remanserit
1208 4452 1385 4528 impunita,
1416 4456 1635 4516 serenitatem
1656 4453 1758 4528 region

983 4549 1164 4625 rogandam
1182 4548 1337 4609 duximus
1348 4555 1381 4611 31
1391 4550 1593 4612 hortandam
1607 4555 1758 4628 quaeris

983 4646 1209 4721 cumdignum
1237 4646 1280 4708 sit
1304 4648 1339 4707 ut
1359 4664 1441 4724 quos
1465 4649 1527 4709 Dei
1550 4644 1761 4711 timoranalo

982 4761 1048 4806 non
1070 4746 1214 4816 revocat,
1235 4746 1340 4806 metus
1364 4746 1481 4807 saltem
1501 4763 1611 4823 poenae
1632 4745 1762 4810 coercent

982 4840 1189 4918 temporalis,
1214 4838 1301 4902 bona
1326 4846 1550 4904 mercatorum
1587 4847 1621 4907 et
1642 4845 1762 4906 alioruin

983 4937 1212 4999 Parmensium
1228 4953 1301 5015 quae
1324 4939 1460 5001 interra
1474 4943 1532 5002 tua
1549 4942 1694 5004 inveniri
1706 4953 1764 5000 coo

980 5037 1103 5112 tigerit,
1120 5038 1188 5097 tam
1203 5035 1259 5095 diu
1273 5035 1377 5096 facias
1399 5037 1557 5110 detineri,
1582 5040 1687 5102 donec
1704 5034 1763 5113 ipsi,

981 5135 1009 5195 si
1021 5133 1104 5195 forte
1117 5132 1180 5194 sibi
1191 5133 1344 5195 tribuerit
1355 5137 1490 5196 vexatio
1502 5137 1720 5204 intellectum,
1732 5131 1764 5193 31

980 5231 1327 5293 ecclesiaemandatum
1335 5232 1552 5306 redierint,et
1563 5232 1766 5298 satisfecerint

981 5327 1128 5406 plenede
1142 5327 1294 5388 omnibus
1309 5331 1521 5405 supradictis.
1543 5335 1666 5395 Datum
1689 5332 1768 5392 1313·

981 5427 1066 5496 rani,
1084 5427 1141 5485 XV
1166 5425 1326 5485 kalendas
1350 5426 1549 5502 decembris,
1575 5432 1767 5509 pontificatus

985 5523 1089 5584 nostri
1106 5537 1194 5581 auno
1205 5523 1329 5598 quinto.
