3774 6186
118 272 176 335 601

112 432 203 493 tores
219 430 308 491 circa
321 430 480 492 virtutum
496 428 661 506 plantaria
681 427 838 492 debemus
853 430 908 491 di·

113 526 300 603 ligentioris
321 527 459 589 culturae
473 543 513 588 ac
531 542 620 588 curae
642 526 786 589 studium
807 528 908 589 adbi-

112 623 202 696 bere,
227 624 391 687 novellam
412 624 649 701 plantationem
666 627 809 687 vestram
833 640 910 687 rore

114 723 312 799 1666161166
335 722 451 798 gratiae
474 721 617 797 irrigare
639 722 853 798 proponimus
877 725 910 783 et

114 819 361 881 foecunditatem
383 818 545 880 bonorum
563 834 710 895 operum,
732 834 797 896 qua
818 819 911 894 viget

113 917 155 978 ad
171 931 318 993 praesens
333 916 366 978 et
379 915 504 991 vigebit
522 916 634 978 diviua
655 916 787 978 favente
801 916 909 992 gratia

114 1014 149 1075 in
165 1013 321 1085 futurum,
338 1013 507 1089 vigilantis
522 1029 612 1074 curae
626 1012 794 1090 impendio
812 1011 911 1089 adju·

114 1126 205 1172 vare.
219 1111 411 1187 eapropter,
428 1109 541 1172 dilecti
556 1110 591 1171 in
602 1110 741 1171 Domino
751 1110 824 1181 tilii,
838 1124 910 1170 ves·

115 1208 175 1271 tris
198 1208 298 1286 justis
331 1206 608 1284 postulationibus
644 1206 825 1268 clementer
848 1222 910 1267 an-

115 1306 247 1366 nuimus
262 1305 294 1366 et
308 1303 440 1365 domum
453 1307 597 1366 vestram
610 1320 669 1365 seu
684 1303 859 1381 hospitale,
872 1303 908 1363 in

115 1418 180 1479 quo
198 1402 278 1462 estis
297 1401 337 1462 ad
358 1401 417 1462 Dei
438 1401 569 1465 laudem
591 1403 625 1463 et
647 1401 788 1477 gloriam
811 1403 909 1477 atque

116 1497 343 1560 defensionem
357 1514 491 1560 suorum
501 1498 648 1560 fidelium
660 1499 692 1560 et
704 1497 909 1559 liberandam

116 1595 239 1657 Christi
254 1595 435 1656 Ecclesiam
447 1595 651 1672 congregati,
668 1611 742 1657 cum
758 1593 910 1656 omnibus

114 1692 381 1769 possessionibus
406 1695 439 1754 et
459 1691 555 1754 bonis
579 1693 661 1763 suis,
676 1707 750 1769 quae
773 1692 808 1752 in
823 1707 911 1768 prae-

113 1791 299 1851 sentiarum
313 1790 460 1866 legitime
482 1789 604 1852 babere
627 1789 839 1864 cognoscitur
853 1789 911 1850 aut

113 1886 312 1948 infuturum
331 1887 545 1948 concessione
563 1886 767 1964 pontificum,
787 1885 911 1947 libera·

114 1983 208 2045 litate
227 1999 343 2059 regum
363 1982 416 2044 vel
428 1984 626 2060 principum,
644 1982 809 2044 oblatione
823 1982 909 2044 tide-

114 2079 198 2141 lium
225 2095 285 2140 seu
305 2080 382 2141 aliis
401 2080 500 2157 166116
515 2080 622 2140 modis
643 2080 821 2157 praestante
845 2081 911 2140 Do-

114 2178 205 2238 mino
228 2177 350 2254 poterit
375 2177 527 2253 adipisci,
555 2176 616 2238 sub
649 2176 738 2238 beati
762 2176 852 2239 Petri
878 2176 911 2237 61

114 2275 230 2336 nostra
246 2274 450 2349 protectione
468 2274 665 2350 suscipimus
683 2274 717 2335 et
737 2272 910 2349 praesentis

114 2371 230 2446 scripti
246 2370 422 2447 privilegio
442 2371 694 2443 communimus,
716 2371 908 2441 statuentes,

114 2469 152 2529 ut
188 2468 355 2544 perpetuis
384 2467 569 2544 futurisque
608 2467 812 2545 temporibus
849 2466 909 2527 sub

114 2564 425 2641 apostolicaesedis
444 2565 548 2627 tutela
563 2566 596 2627 et
616 2564 808 2627 defensione
830 2580 910 2626 con-

744 272 971 333 EPISTOLAE.
995 274 1073 333 nte.
1098 272 1136 333 V.

1700 279 1761 341 602

963 431 1117 508 amajori
1137 432 1170 493 61
1191 432 1317 494 saniori
1339 449 1453 496 eorum
1468 436 1573 512 parte,
1598 436 1652 514 qui
1669 453 1760 515 prae-

965 528 1254 604 ponendusfuerit,
1268 531 1421 606 eligatur.
1439 535 1544 595 Porro
1555 533 1638 594 nulli
1653 535 1763 596 eccle-

965 624 1110 686 siasticae
1129 626 1326 688 saecularive
1340 645 1491 704 personae
1506 629 1689 706 infringere
1707 632 1761 693 vel

964 722 1115 784 minuere
1129 722 1230 784 liceat
1243 726 1499 787 consuetudines
1514 727 1555 787 ad
1570 728 1690 788 vestrae
1704 743 1762 789 re-

964 818 1099 894 ligionis
1118 821 1152 882 61
1167 820 1269 881 oflicii
1285 820 1529 884 observantiam
1554 839 1573 884 a
1599 825 1761 900 magistro

964 919 997 977 et
1018 915 1176 978 tratribus
1202 917 1382 980 salubriter
1409 919 1586 982 institutas.
1617 922 1760 984 Easdem

964 1028 1094 1090 quoque
1126 1015 1381 1077 consuetudines
1417 1031 1436 1077 a
1463 1015 1557 1078 vobis
1589 1017 1760 1094 aliquanto

963 1111 1111 1185 tempore
1126 1109 1318 1173 observatas
1334 1115 1366 1173 et
1381 1113 1504 1189 scripto
1518 1111 1676 1182 firmatas,
1693 1115 1760 1176 nisi

964 1205 1005 1266 ab
1024 1222 1074 1279 eo,
1092 1209 1148 1283 qui
1168 1209 1328 1284 magister
1346 1209 1505 1280 extiterit,
1531 1212 1760 1274 consentiente

963 1305 1074 1365 tamen
1086 1305 1213 1366 saniori
1228 1308 1321 1382 parte
1335 1307 1483 1384 capituli,
1501 1323 1566 1369 non
1585 1307 1684 1370 liceat
1698 1309 1762 1369 im-

964 1401 1099 1462 mutari.
1832 1406 1836 1411 ’

1004 1497 1223 1560 Prohibemus
1238 1500 1374 1578 insuper
1388 1503 1422 1564 61
1439 1502 1637 1564 omnimodis
1651 1503 1758 1565 inter-

964 1594 1115 1665 dicimus,
1140 1611 1182 1656 ne
1205 1596 1272 1658 ulla
1294 1598 1522 1659 ecclesiastica
1546 1599 1760 1661 saecularisve

965 1706 1106 1766 persona
1133 1706 1153 1751 a
1179 1693 1338 1769 magistro
1367 1698 1399 1756 et
1425 1694 1583 1756 fratribus
1611 1696 1761 1772 ejusdem

965 1787 1080 1849 domus
1095 1788 1231 1864 exigere
1250 1790 1371 1852 audeat
1392 1791 1580 1863 fidelitates,
1597 1792 1759 1865 hominia,

961 1887 1151 1961 juramenta
1175 1902 1234 1948 seu
1258 1888 1453 1950 securitates
1472 1889 1630 1966 reliquas,
1653 1904 1762 1967 quaea

965 1982 1181 2044 saecularibus
1202 1982 1465 2062 frequentantur.
1486 1985 1659 2047 Fratribus
1678 2001 1762 2063 quo·

965 2095 1028 2155 que
1040 2080 1159 2142 vestris
1175 2082 1249 2157 post
1263 2081 1383 2143 factam
1395 2083 1430 2142 in
1443 2083 1539 2143 domo
1552 2082 1664 2143 vestra
1678 2098 1759 2159 pro-

964 2175 1143 2238 fessionem
1156 2179 1190 2239 et
1203 2178 1351 2240 habitum
1365 2179 1537 2255 religionis
1552 2178 1759 2256 assumptum

965 2274 1153 2335 revertendi
1164 2275 1205 2335 ad
1219 2276 1376 2336 saeculum
1388 2291 1519 2336 omnem
1531 2276 1760 2337 interdicimus

965 2368 1155 2432 facultatem
1182 2388 1244 2433 nec
1267 2372 1368 2433 alicui
1400 2388 1514 2435 eorum
1539 2372 1589 2434 fas
1615 2374 1660 2434 sit
1684 2376 1759 2450 post

964 2467 1084 2529 factam
1107 2468 1347 2546 professionem
1371 2471 1404 2532 et
1431 2470 1534 2531 semel
1558 2471 1762 2547 assumptam

965 2581 1096 2626 crucem
1119 2565 1269 2627 habitum
1292 2567 1411 2629 vestrae
1436 2568 1676 2645 professionnis
1697 2567 1760 2629 ab·

116 2663 246 2723 sistant.
272 2662 452 2724 statuimus
475 2663 587 2735 etiam,
614 2663 649 2724 ut
667 2662 748 2723 ordo
770 2662 909 2723 fratrum
960 2662 1066 2738 licere
1092 2662 1145 2723 vel
1171 2663 1212 2723 ad
1243 2663 1346 2724 alium
1372 2664 1481 2725 locum
1517 2665 1656 2741 majoris
1689 2664 1761 2725 sive

121 2759 302 2835 Hospitalis
317 2759 610 2836 Hierosolymitani
633 2759 722 2820 circa
746 2773 909 2835 pauperes

115 2859 149 2918 61
162 2857 322 2924 infirmos,
334 2856 415 2918 ordo
429 2872 509 2917 vero
520 2855 658 2917 fratrum
670 2856 798 2917 militiae
813 2858 910 2916 Tem·

117 2954 164 3030 pli
179 2955 269 3015 circa
284 2953 422 3015 clericos
438 2955 470 3014 et
487 2954 609 3014 milites
628 2968 668 3013 ac
689 2953 775 3014 alios
790 2951 910 3013 fratres

112 3053 211 3128 juxta
235 3050 476 3112 institutionem
501 3050 617 3112 domus
640 3053 760 3111 vestrae
787 3064 908 3126 perpe-

115 3150 183 3210 tuis
198 3147 320 3209 ibidem
333 3146 537 3224 temporibus
552 3146 756 3209 observetur.
774 3141 823 3208 Ad
838 3146 911 3207 haec

116 3247 303 3316 statuimus,
333 3246 380 3317 61,
406 3261 481 3305 cum
510 3260 569 3321 pro
596 3244 719 3306 tuenda
745 3243 909 3305 catholica

116 3342 264 3405 Ecclesia
280 3344 377 3413 6166,
399 3343 538 3419 quaeest
555 3341 616 3402 sub
636 3356 841 3419 paganorum
856 3343 911 3418 ty·

115 3440 267 3511 66666116,
291 3439 332 3501 16
346 3440 493 3517 ipsorum
513 3439 673 3517 spurcitia
688 3438 833 3500 eruenda
858 3439 912 3498 in-

115 3537 243 3614 trepide
257 3536 424 3607 laboretis,
441 3536 541 3598 liceat
555 3535 648 3598 vobis
663 3535 768 3597 libere
781 3536 815 3596 in
832 3551 910 3596 usus

116 3637 244 3696 vestros
260 3635 453 3695 convertere
472 3648 523 3705 ea,
538 3649 610 3711 quae
630 3633 670 3693 16
685 3633 801 3709 spoliis
817 3634 910 3710 ipso-

116 3748 190 3793 rum
222 3731 377 3807 ceperitis
403 3745 623 3808 paganorum
652 3731 696 3801 et,
725 3745 766 3791 ne
792 3730 833 3790 16
858 3730 911 3790 116

117 3833 232 3892 666166
247 3828 333 3889 66116
354 3830 501 3890 vestrum
517 3828 700 3904 portionem
715 3827 817 3888 alicui
833 3826 911 3888 dare

117 3926 293 4001 cogamini,
322 3924 545 4004 probibemus.
585 3924 745 3986 Praesenti
781 3938 911 4001 quoque

117 4023 249 4085 decreto
267 4022 447 4093 sancimus,
469 4023 505 4082 61
521 4020 640 4083 fratres
662 4021 697 4081 in
715 4020 812 4082 domo
835 4036 912 4081 ves-

116 4123 167 4182 tra
183 4122 251 4181 Deo
265 4119 447 4181 servientes
463 4120 553 4180 caste
568 4119 600 4180 et
616 4119 689 4179 sine
710 4117 845 4195 proprio
860 4117 912 4179 vi·

117 4218 196 4279 6661
216 4219 250 4279 61
269 4215 509 4294 professionem
525 4231 619 4277 suam
636 4216 735 4277 dictis
756 4216 789 4276 et
809 4215 912 4277 mori-

116 4314 179 4376 bus
194 4313 446 4391 comprobantes
465 4313 623 4389 magistro
641 4329 702 4375 suo
716 4313 774 4375 aut
793 4312 912 4390 quibus

116 4413 189 4490 ipse
200 4412 395 4489 praeceperit
406 4411 547 4487 subjecti
560 4414 592 4473 et
613 4410 803 4473 obedientes
816 4410 910 4471 exis-

116 4512 198 4573 tant.
217 4512 393 4578 Praeterea,
410 4509 684 4587 quemadmodum
709 4508 823 4568 domus
840 4508 911 4583 ipsa

117 4608 239 4669 vestrae
259 4608 382 4668 sanctae
404 4606 624 4668 institutionis
645 4609 678 4667 et
697 4605 823 4667 ordinis
839 4604 912 4666 fons

115 4707 148 4767 et
161 4704 255 4780 origo
272 4719 345 4765 esse
360 4703 553 4780 promeruit,
580 4704 628 4765 ita
649 4703 797 4764 omnium
816 4703 910 4763 loco-

117 4817 192 4863 rum
206 4801 333 4863 adeam
349 4800 582 4877 pertinentium
594 4804 693 4877 caput
707 4801 740 4862 et
754 4800 912 4875 magistra

117 4901 152 4960 iu
167 4899 361 4977 perpetuum
377 4896 550 4959 habeatur.
566 4897 615 4959 Ad
631 4898 702 4958 baec
718 4897 912 4973 adJicientes

117 4996 340 5074 praecipimus,
362 4997 407 5066 ut,
429 4994 571 5055 obeunte
585 4998 618 5055 te
641 4995 675 5054 in
693 4994 840 5065 Domino,
865 4993 912 5054 tili

118 5095 318 5164 Hermanno,
336 5092 451 5153 domus
462 5095 532 5167 jam
554 5092 650 5153 dictae
670 5092 837 5166 magister,
859 5091 912 5152 vel

119 5194 250 5254 tuorum
270 5189 418 5268 quolibet
437 5205 676 5260 successorum,
696 5189 807 5250 nullus
823 5192 914 5266 ejus-

117 5290 192 5350 dem
207 5289 324 5350 domus
339 5287 495 5349 fratribus
513 5289 723 5364 praeponatur
742 5288 808 5347 nisi
821 5286 912 5347 mili-

118 5387 200 5448 taris
215 5389 249 5448 et
261 5384 421 5461 religiosa
436 5399 589 5461 persona,
607 5400 680 5460 quae
695 5385 839 5446 vestram
858 5399 914 5445 re·

119 5484 276 5560 ligionem
300 5484 334 5544 et
359 5480 507 5543 habitum
532 5481 576 5543 sit
597 5480 756 5557 professa,
785 5496 845 5542 nec
872 5480 913 5542 ab

117 5581 195 5661 aliis
210 5582 275 5645 nisi
293 5580 334 5643 ab
356 5578 509 5641 omuibus
526 5578 684 5641 fratribus
704 5579 838 5640 insimul
862 5578 912 5640 vel

965 2758 1104 2819 minoris
1128 2758 1302 2835 religionis
1324 2759 1460 2822 obtentu
1482 2761 1597 2822 invitis
1616 2761 1687 2822 sive
1708 2761 1763 2821 in·

965 2856 1126 2917 consultis
1144 2856 1301 2918 fratribus
1316 2858 1373 2918 aut
1386 2872 1425 2917 eo
1438 2857 1494 2934 qui
1511 2858 1669 2933 magister
1681 2858 1764 2919 exti-

966 2953 1044 3014 terit
1056 2953 1217 3028 migrare;
1234 2954 1383 3031 nullique
1401 2954 1637 3016 ecclesiasticae
1657 2972 1761 3017 saecu·

964 3048 1071 3110 larive
1094 3065 1245 3126 personae
1272 3051 1362 3127 ipsos
1388 3051 1559 3127 suscipere
1585 3052 1686 3114 liceat
1707 3053 1761 3113 vel

967 3146 1089 3207 tenere.
1106 3148 1193 3208 Sane
1208 3145 1359 3208 laborum
1375 3150 1570 3219 vestrorum,
1588 3166 1670 3225 quos
1683 3165 1758 3227 pro·

966 3244 1048 3320 priis
1081 3242 1233 3304 manibus
1263 3247 1321 3305 aut
1354 3242 1539 3321 sumptibus
1563 3247 1683 3318 colitis,
1720 3247 1761 3308 16

966 3340 1230 3417 possessionibus
1254 3340 1376 3402 habitis
1398 3343 1475 3403 ante
1495 3343 1678 3404 Concilium
1700 3359 1760 3420 ge-

966 3437 1090 3507 nerale,
1107 3436 1220 3497 66616
1236 3438 1420 3498 vestrorum
1438 3437 1633 3499 animalium
1651 3440 1760 3500 nutri·

966 3533 1086 3594 mentis
1107 3534 1219 3594 nullus
1240 3549 1260 3595 a
1284 3533 1379 3595 vobis
1397 3534 1543 3596 decimas
1559 3535 1694 3611 exigere
1708 3536 1761 3597 661

966 3632 1164 3708 extorquere
1202 3633 1391 3708 praesumat.
1423 3631 1471 3692 11
1508 3632 1580 3694 haec
1615 3633 1762 3695 decimas

966 3743 1048 3804 quas
1074 3728 1213 3790 consilio
1240 3732 1272 3790 et
1298 3744 1437 3790 assensu
1463 3729 1693 3807 episcoporum
1721 3732 1763 3792 de

966 3840 1065 3884 manu
1081 3825 1278 3887 clericorum
1295 3826 1348 3886 vel
1370 3826 1532 3887 laicorum
1551 3825 1674 3889 habere
1696 3844 1760 3904 po·
1800 3868 1806 3875 -

965 3921 1084 3993 teritis,
1099 3938 1223 3999 quasve
1243 3922 1527 3984 consentientibus
1546 3924 1713 4001 episcopis
1729 3928 1763 3988 et

967 4032 1080 4079 eorum
1094 4018 1225 4079 clericis
1242 4019 1435 4095 acquiretis,
1453 4020 1649 4082 auctoritate
1667 4022 1760 4082 vobis

966 4115 1155 4191 Apostolica
1171 4115 1416 4176 confirmamus.
1435 4117 1477 4178 Ut
1489 4119 1599 4177 autem
1614 4117 1708 4179 vobis
1720 4119 1763 4179 ad

967 4227 1081 4273 curam
1098 4213 1286 4276 animarum
1303 4215 1489 4274 vestrarum
1507 4215 1540 4275 et
1560 4215 1678 4276 salutis
1691 4215 1765 4292 ple·

966 4310 1150 4372 nitudinem
1167 4310 1251 4371 nibil
1272 4311 1358 4373 desit
1372 4313 1470 4388 atque
1485 4313 1692 4374 sacramenta
1707 4329 1765 4375 ec-

967 4407 1155 4469 clesiastica
1183 4408 1217 4470 61
1245 4409 1361 4470 116166
1389 4408 1500 4471 officia
1528 4412 1639 4471 vestro
1667 4427 1764 4473 sacro

967 4505 1106 4580 collegio
1122 4505 1326 4567 commodius
1345 4507 1480 4569 valeant
1497 4506 1661 4578 exhiberi,
1681 4524 1763 4570 sau-

967 4603 1083 4674 cimus,
1101 4603 1137 4664 ut
1158 4603 1258 4665 liceat
1276 4603 1370 4665 vobis
1393 4605 1549 4666 honestos
1568 4605 1708 4667 clericos
1731 4608 1765 4668 61

967 4700 1156 4762 sacerdotes
1185 4701 1365 4762 secundum
1395 4704 1498 4762 Deum
1532 4703 1691 4778 quantum
1721 4703 1763 4764 61

967 4800 1111 4859 vestram
1136 4798 1309 4859 scientiam
1340 4798 1509 4860 ordinatos
1535 4798 1764 4876 undecumque

967 4895 1082 4957 advos
1097 4896 1268 4957 venientes
1283 4896 1453 4971 suscipere
1468 4898 1501 4957 et
1513 4898 1580 4957 tam
1596 4896 1630 4957 in
1643 4896 1765 4974 princi·

967 4991 1035 5068 pali
1049 4992 1145 5052 domo
1161 4994 1270 5052 vestra
1283 5007 1382 5067 quam
1397 4990 1497 5052 etiam
1513 4991 1547 5051 in
1562 4991 1762 5055 obedientiis

967 5091 1000 5150 61
1026 5088 1108 5149 16616
1135 5087 1275 5149 subditis
1303 5087 1472 5149 vobiscum
1503 5087 1638 5161 babere,
1665 5089 1765 5150 dum-

968 5186 1075 5256 modo,
1092 5185 1121 5246 si
1140 5201 1159 5247 e
1178 5185 1289 5247 vicino
1304 5186 1381 5257 siut,
1401 5201 1459 5247 eos
1478 5202 1498 5246 6
1516 5187 1659 5264 propriis
1675 5188 1766 5264 epis-

967 5284 1059 5360 copis
1080 5284 1254 5361 expetatis,
1273 5283 1438 5360 iidemque
1452 5283 1537 5344 nulli
1557 5284 1617 5344 alii
1632 5283 1764 5360 profes-

968 5381 1056 5442 sioni
1071 5381 1123 5444 vel
1138 5380 1250 5442 ordini
1272 5380 1409 5443 obnoxii
1431 5382 1614 5443 teneantur.
1641 5382 1765 5453 Quodsi

968 5478 1115 5555 episcopi
1139 5494 1197 5539 eos
1221 5477 1316 5539 vobis
1333 5479 1514 5540 concedere
1536 5477 1620 5539 forte
1647 5480 1766 5541 nolue-

969 5577 1045 5647 rint,
1059 5576 1277 5637 nihilominus
1287 5577 1398 5638 16666
1411 5575 1544 5638 eosdem
1560 5577 1770 5653 suscipiendi
