3774 6186
1076 106 1129 151 't

97 302 149 367 lsi
708 296 1117 361 namnetensem.
1261 252 1268 261 ¹
1530 303 1537 313 ·
1676 296 1737 358 aas

97 461 129 520 ut
139 459 336 521 illedemum
347 458 544 535 praepositus
554 455 733 518 baberetur
743 457 777 517 iu
787 471 887 533 quem
938 439 1119 525 canonicis,
1142 457 1198 533 qui
1218 457 1308 517 circa
1332 457 1395 517 boc
1417 455 1731 532 nondeliqnerunt,
1819 476 1822 481 ·

97 571 219 628 omnes,
235 557 376 636 palpare
387 558 495 632 major
508 556 541 616 et
555 555 669 615 sanior
681 554 883 615 conveniret.
939 554 1003 631 ipsi
1019 553 1168 616 ecclesia
1190 554 1231 614 de
1254 555 1433 630 praeposito
1459 569 1519 631 per
1537 553 1735 616 electionem

97 654 215 715 Verum
230 655 406 729 antequam
420 651 616 713 scrutinium
628 651 749 712 iactum
761 650 884 711 esset...
941 652 1187 722 canonicorum,
1209 650 1338 712 sublato
1358 651 1592 728 appellationis
1617 649 1733 713 obsta-

97 748 195 810 abbas
211 749 358 826 ejusdem
374 749 451 820 loci,
464 764 530 810 non
546 748 716 824 requisitis
732 749 888 809 volunta·
941 749 1028 819 culo,
1054 749 1220 825 provideri
1244 746 1414 819 iacientes,
1438 748 1524 826 quod
1545 748 1737 810 decreveri-

97 845 182 907 ibus
210 845 438 921 singulorum,
464 861 525 906 nec
548 846 704 906 revocata
727 844 888 920 potestate
941 846 985 907 tis
999 861 1059 923 per
1072 861 1247 907 censuram
1259 846 1531 916 ecclesiasticam,
1542 846 1739 923 appellatio·

97 943 202 1005 ,ribus
217 959 376 1005 concessa
389 942 429 1004 de
444 942 651 1018 singulorum
664 940 889 1003 voluntatibus
943 943 1132 1014 remmota,
1150 942 1290 1004 tirmiter
1301 941 1483 1005 observari.
1499 943 1612 1005 Testes
1624 945 1736 1007 autern

97 1040 315 1118 aquirendis,
336 1043 373 1100 Ρ.
388 1041 540 1115 nepotem
562 1055 670 1109 sunm,
684 1039 829 1099 nondum
854 1038 888 1099 in
943 1040 1000 1117 qui
1015 1039 1138 1101 luerint
1150 1040 1323 1111 nominati,
1339 1040 1368 1100 si
1387 1056 1423 1101 se
1435 1041 1554 1117 gratia,
1578 1040 1665 1112 odio,
1683 1041 1736 1101 vel
1843 1112 1849 1125 ἱ

97 1139 200 1200 ueris
216 1136 389 1200 ordinibus
409 1137 636 1206 coustitutum,
653 1136 708 1197 oui
723 1135 764 1196 ad
779 1135 891 1210 digni·
942 1138 1062 1199 timore
1077 1136 1312 1208 subtraxerint,
1333 1152 1474 1199 censura
1492 1137 1606 1208 simili,
1623 1138 1739 1215 appel-

97 1238 198 1297 atem
221 1234 410 1310 hujusmodi
434 1233 645 1295 obtinendam
661 1248 723 1294 nec
737 1232 888 1302 scientia,
944 1235 1067 1297 latione
1088 1236 1250 1307 cessante,
1276 1236 1402 1310 cogatis
1423 1234 1556 1297 veritati
1581 1234 1736 1297 testimo·

97 1333 146 1394 rel
162 1330 600 1405 aliameritasuffragantur
614 1331 648 1391 iu
664 1328 888 1407 praepositum,
945 1333 1037 1393 nium
1063 1332 1249 1409 perbibere.
1280 1331 1370 1404 Quod
1395 1331 1423 1391 si
1447 1346 1513 1393 nou
1543 1348 1659 1393 omnes
1685 1332 1739 1392 bis

97 1427 322 1491 'evolantibus
343 1427 376 1487 id
393 1427 458 1488 sibi
475 1442 576 1488 carne
600 1428 633 1488 et
647 1427 822 1502 sanguine,
836 1427 890 1487 te·
945 1430 1165 1506 exsequendis
1186 1430 1349 1491 interesse
1370 1429 1555 1505 potueritis,
1577 1429 1642 1490 duo
1657 1444 1738 1491 ves-

97 1541 189 1587 nere
215 1524 411 1596 nominavit,
434 1539 508 1586 cum
535 1525 568 1585 id
590 1524 631 1584 ad
655 1525 764 1601 ipsum
779 1520 892 1584 necde
945 1530 1032 1587 trum
1046 1541 1084 1587 ea
1095 1526 1554 1601 nibilominusexsaquantur.
1565 1527 1637 1587 Dat.
1650 1526 1737 1603 apud

100 1638 183 1693 ure,
205 1637 266 1683 nec
287 1621 328 1683 de
346 1620 585 1683 cousuetudine
611 1622 716 1697 ipsius
741 1619 892 1682 ecolesiae
947 1622 1067 1685 Urbem
1080 1624 1243 1690 Veterem,
1255 1624 1315 1683 xil
1327 1621 1487 1682 kalendas
1501 1623 1644 1698 augusti,
1657 1638 1741 1699 pon.

97 1719 291 1795 pertineret.
309 1717 403 1779 Unde
416 1717 480 1779 luit
493 1733 513 1779 a
527 1717 673 1794 praeiatis
691 1721 838 1787 cantore,
860 1717 894 1776 et
946 1721 1090 1783 tilicatus
1105 1720 1210 1781 nostri
1223 1735 1310 1780 auno
1325 1721 1453 1797 quarto.

97 1816 168 1877 uris
187 1815 229 1877 ad
243 1816 390 1876 nostram
414 1814 617 1876 audientiam
634 1815 837 1890 appellatum
861 1813 894 1873 et

97 1913 129 1973 in
159 1912 296 1973 octavas
318 1911 522 1972 Pentecostis
554 1911 716 1971 terminus
746 1911 893 1986 ipsorum
1233 1917 1457 2004 CLXXXIV

97 2008 313 2085 appellationi
338 2007 505 2084 praefixus.
531 2007 595 2069 Sed
610 2007 718 2069 dictus
738 2010 774 2068 P.
803 2006 894 2067 iuni-

97 2107 171 2167 tens
194 2104 414 2166 nominationi
427 2103 616 2180 hujusmodi
626 2104 824 2181 quibusdam
834 2118 893 2163 oa·
1290 2164 1295 2174 ,
1330 2165 1346 2178 η

97 2201 345 2277 nomentanus
357 2200 423 2262 1001
439 2200 685 2263 squalentibus
701 2200 776 2268 sur.
792 2203 836 2272 et,
850 2204 893 2262 re
1182 2271 1188 2282 ,
1241 2165 1348 2282 ripn
1362 2165 1440 2224 ¹³²⁰·

97 2302 211 2361 mum
222 2300 415 2367 wimannus,
434 2298 655 2370 cantantibus,
672 2298 893 2374 appellatione
1086 2272 1133 2337 [ne
1145 2272 1228 2335 ΡΨ
1243 2272 1345 2322 ¹³¹b¹¹⁰²·
1358 2271 1519 2329 asemona..
1531 2271 1600 2337 ⁶¹⁵²]

97 2394 300 2471 mntgmptg
313 2395 424 2455 sedem
439 2395 757 2471 praepogmstipatus
772 2395 892 2456 militi.
947 2377 1086 2438 Ordinarii
1095 2378 1292 2451 delinquentes
1302 2377 1441 2478 parochos
1452 2379 1740 2477 Pramonstratcnsoa

97 2491 172 2561 bus,
188 2493 223 2553 et
232 2492 308 2552 aliis
321 2491 417 2553 laicis
432 2492 616 2569 occupavit,
633 2496 666 2554 et
679 2492 894 2554 administra·
1071 2467 1108 2524 ⁰⁶
1128 2468 1282 2525 ⁰¹³⁰⁸²f¹¹¹¹¹
1299 2481 1426 2525 ΜΨ
1442 2475 1615 2539 mamm·

98 2589 184 2653 tioni
205 2590 329 2651 temere
350 2604 385 2650 se
407 2589 557 2664 ingessit,
586 2606 628 2650 ne
650 2594 766 2651 contra
787 2590 893 2665 ipsius
988 2585 1657 2660 Honoriusepiscopus,servusservorum
1666 2585 1741 2653 Dei,

99 2686 296 2749 electionem
308 2685 435 2762 aliquid
461 2685 566 2759 lieret,
578 2688 788 2764 appellando,
808 2689 840 2748 et
859 2686 893 2747 in
948 2682 1194 2745 venerabilibus
1220 2680 1378 2742 iratribus
1410 2680 1577 2741 universis
1601 2681 1739 2745 archie-

100 2785 218 2846 octava
243 2782 332 2845 beati
352 2783 477 2845 tuliani
500 2784 715 2861 appellationi
733 2800 803 2845 suae
825 2787 896 2844 ter-
949 2780 1093 2858 piscopis
1107 2783 1141 2840 et
1158 2779 1333 2855 episcopis,
1351 2778 1391 2839 ad
1417 2795 1499 2854 quos
1524 2779 1642 2841 litteras
1668 2779 1741 2843 istas

101 2881 228 2945 minum
243 2880 456 2957 praefigendo.
479 2881 572 2942 Unde
586 2881 693 2943 dictus
716 2882 842 2952 cautor,
863 2884 896 2942 et
950 2875 1170 2954 pervenerint,
1188 2875 1376 2937 salutemet
1398 2875 1615 2951 apostolicam
1639 2875 1743 2940 bene·

946 2052 998 2113 Ad
1011 2053 1282 2127 archiepiscopos
1296 2051 1330 2112 et
1350 2055 1523 2127 opesopes
1539 2055 1731 2114 ursinarsos.

105 2991 182 3053 pars
204 2992 265 3037 sua
288 2975 384 3036 uobis
405 2974 575 3038 humiliter
597 2978 836 3054 supplicarunt,
861 2979 896 3037 ut
950 2975 1139 3036 dictionem.

104 3073 895 3150 electionemtaliterdetactopraesumptamirri-
990 3072 1108 3133 Dilecti
1135 3071 1194 3131 tllii
1216 3071 1318 3132 abbas
1346 3073 1672 3135 Praemonstratensis
1702 3089 1742 3135 aa

104 3174 168 3233 tam
184 3171 387 3242 nuntianter,
401 3174 434 3232 et
446 3175 639 3233 revocantes
654 3172 814 3249 quidquid
823 3176 897 3247 post
950 3169 1008 3233 alii
1024 3168 1160 3229 abbates
1174 3169 1300 3230 ordinis
1316 3168 1366 3228 sui
1383 3185 1494 3230 coram
1516 3168 1612 3229 nobis
1634 3187 1741 3247 expo-

103 3268 359 3346 appellationem
384 3268 425 3328 ad
452 3285 512 3329 nos
536 3269 766 3345 interpositam
787 3270 897 3331 extitit
951 3283 1031 3329 nere
1046 3268 1255 3337 curaverunt,
1273 3266 1447 3343 quodcum
1469 3266 1621 3328 canonici
1647 3271 1741 3344 ejus-

102 3367 310 3436 arenarum,
326 3381 364 3426 ac
379 3381 436 3426 eos
453 3367 509 3443 qui
525 3368 639 3428 contra
655 3366 794 3428 sormam
807 3360 896 3426 Cotr—
951 3365 1025 3426 dem
1040 3364 1167 3426 ordinis
1180 3366 1420 3425 commorantes
1444 3365 1479 3424 in
1498 3364 1744 3441 parochialibus

102 3462 173 3523 ciiii
201 3462 244 3522 ad
273 3462 462 3539 hujusmodi
491 3464 686 3525 electionem
718 3465 896 3541 procedere
951 3461 1102 3524 ecclesiis
1117 3461 1158 3522 ad
1175 3462 1264 3538 ipsos
1276 3460 1512 3537 spectantibus,
1528 3463 1640 3540 aliquo
1662 3479 1743 3525 casu

103 3562 396 3637 praesumpserunt,
408 3560 551 3635 eligendi
560 3562 722 3637 potestate
738 3562 800 3622 hac
812 3562 895 3632 rice,
951 3560 1157 3636 delinquunt,
1175 3558 1221 3620 ita
1237 3557 1323 3635 quod
1334 3558 1506 3635 expediret
1515 3576 1572 3621 eos
1585 3561 1626 3621 ad
1637 3559 1744 3622 claus-

103 3655 283 3718 secundum
296 3657 443 3733 eJusdem
465 3659 598 3718 concilii
611 3661 745 3728 statuta,
759 3658 897 3735 privan-
952 3660 1039 3720 trum
1052 3672 1147 3717 suum
1162 3657 1354 3733 recepturos
1377 3657 1588 3734 disciplinam
1617 3658 1744 3720 ordinis

102 3754 160 3825 tes,
177 3768 218 3814 ac
231 3753 317 3813 alias
330 3754 504 3829 punientes
518 3755 700 3815 secundum
718 3757 897 3816 canonicas
952 3754 1102 3816 revocari
1119 3775 1126 3813 :
1141 3754 1274 3830 quidam
1290 3755 1435 3815 vestrum
1452 3755 1625 3830 indiguum
1645 3755 1743 3818 lavo-

103 3850 303 3921 auctiones,
329 3850 405 3911 aliis
425 3852 565 3928 quinon
590 3852 800 3928 deliquerunt
826 3853 897 3929 ipso
952 3867 1022 3913 rem
1051 3850 1278 3926 impendentes
1309 3850 1445 3919 eisdem,
1479 3852 1569 3928 ipsos
1598 3853 1743 3914 retinere

103 3947 897 4024 negotio,eligendipersonamhujusmodioillcio
952 3949 1116 4009 conantur
1129 3946 1163 4007 in
1177 3947 1270 4018 locis,
1287 3946 1456 4024 inquibus
1479 3952 1646 4024 nequeunt
1664 3950 1744 4011 abs-

103 4047 352 4119 congrueutem,
365 4043 555 4106 facultatem
568 4046 705 4108 liberam
717 4047 897 4108 concedere
953 4062 1016 4123 que
1035 4043 1191 4105 scandalo
1207 4046 1240 4106 et
1263 4043 1480 4104 ecelesiarum
1499 4046 1647 4121 ipsarum
1671 4046 1744 4108 dis·

103 4139 327 4217 dignaremur.
354 4141 437 4215 Quia
458 4159 537 4204 vero
551 4143 648 4205 nobis
664 4160 730 4206 non
750 4146 899 4207 constitit
952 4143 1072 4221 peudio
1087 4141 1296 4203 commorari.
1307 4140 1356 4201 Ad
1371 4140 1443 4202 baec
1461 4142 1549 4203 euim
1573 4142 1608 4204 in
1628 4159 1744 4205 eorum

103 4236 140 4300 de
154 4237 354 4315 praemissis
373 4239 565 4302 discretioni
584 4243 704 4303 vestrm
719 4241 760 4302 de
773 4242 899 4304 utrius-
953 4240 1092 4317 aliquos,
1110 4239 1244 4315 propter
1258 4252 1336 4298 suos
1356 4253 1525 4307 excessus,
1551 4256 1746 4303 excommu-

101 4350 163 4411 que
175 4335 281 4412 partis
294 4338 546 4412 procuratorum
560 4353 779 4415 assensu‚per
792 4342 899 4415 Apos-
952 4337 1131 4399 nicationis
1157 4336 1355 4397 senteutiam
1392 4337 1650 4413 promulgantes,
1689 4355 1745 4402 re-

100 4432 202 4495 tolica
217 4432 340 4509 scripta
355 4433 561 4506 mandamus,
579 4437 742 4512 quatenus
758 4437 896 4506 vocatis,
952 4435 1068 4496 laxare
1083 4449 1148 4495 non
1164 4432 1264 4495 vultis
1279 4433 1440 4504 eamdem,
1451 4434 1516 4495 nisi
1527 4451 1624 4512 poena
1640 4452 1745 4513 pecu·

98 4529 155 4606 qui
170 4530 310 4605 propter
323 4528 386 4589 boc
401 4528 525 4592 inerint
538 4532 710 4604 evocandi,
726 4536 761 4594 at
774 4532 898 4594 auditis
952 4532 1060 4593 niaria
1080 4531 1298 4608 praecedente.
1328 4529 1470 4608 Ideoque
1494 4533 1746 4597 universitatem

97 4620 268 4689 hincinde
277 4627 467 4702 propositis,
481 4628 510 4687 si
523 4627 616 4689 vobis
630 4630 787 4705 praedicta
800 4644 899 4691 cons·
951 4633 1096 4691 vestram
1109 4627 1291 4703 rogandam
1306 4626 1462 4689 duximus
1478 4631 1512 4690 et
1535 4630 1744 4703 monendam,

97 4723 207 4785 titerit
221 4737 295 4783 esse
304 4739 396 4796 vera,
410 4725 613 4811 electionem,
620 4727 725 4801 ipsam
741 4729 897 4804 tanquam
952 4743 1012 4803 per
1023 4726 1213 4803 apostolica
1228 4724 1352 4800 scripta
1364 4725 1572 4796 mandantes,
1582 4729 1746 4803 quatenus

97 4818 136 4883 de
157 4820 249 4880 tacto
264 4822 499 4896 praesumptam
521 4822 683 4885 nuntietis
707 4823 840 4886 irritam
864 4829 899 4886 et
951 4840 1053 4902 quum
1080 4823 1160 4885 dicti
1186 4821 1333 4889 abbates,
1362 4821 1447 4882 tales
1483 4822 1525 4883 ad
1563 4824 1747 4887 claustrum

97 4915 253 4988 inanem,
285 4921 481 4981 revocantes
506 4920 542 4980 in
575 4921 706 4981 irritum
740 4922 898 4998 quidquid
952 4924 1087 4999 propter
1101 4919 1295 4981 scandalum
1316 4920 1349 4980 et
1373 4918 1591 4982 ecclesiarum
1611 4921 1749 5000 dispen-

97 5018 174 5090 post
187 5013 446 5090 appellationem
471 5032 492 5078 a
514 5018 680 5093 praedietis
703 5022 849 5091 cantore,
866 5022 900 5080 et
952 5018 1043 5079 dium
1056 5017 1257 5088 evitandum,
1281 5031 1340 5077 seu
1364 5016 1465 5078 etiam
1487 5034 1547 5095 pro
1570 5019 1747 5097 disciplina

97 5111 204 5175 sociis
220 5110 292 5171 suis
300 5112 342 5172 ad
353 5112 470 5173 sedem
481 5115 703 5190 apostolicam
717 5116 898 5191 interposi·
953 5116 1137 5178 monastica
1163 5116 1254 5176 circa
1288 5114 1520 5191 delinquentes
1559 5117 1747 5195 hujusmodi

97 5211 167 5273 tam
208 5207 406 5271 inveneritis
439 5214 655 5282 attentatum,
699 5216 733 5274 et
771 5212 897 5276 fructus
953 5212 1137 5275 exercenda
1152 5212 1310 5274 duxerint
1323 5214 1541 5286 revocandos,
1558 5231 1624 5275 uon
1639 5214 1749 5277 obsis-

97 5304 211 5367 medio
239 5308 386 5382 tempore
411 5310 585 5384 perceptos
614 5309 721 5370 eidem
747 5311 898 5371 ecclesiae
952 5311 1030 5372 tatis
1054 5309 1190 5381 eisdem,
1207 5325 1269 5371 nec
1292 5308 1361 5369 illis
1387 5310 1536 5373 savorem
1563 5310 1746 5374 indebitum

97 5402 235 5466 restitui
263 5401 435 5474 iacientes,
465 5420 504 5465 ac
534 5405 585 5466 eis
616 5406 673 5483 qni
702 5407 897 5489 electionem
953 5408 1161 5484 impendatis.
1189 5407 1251 5467 Sed
1272 5406 1597 5484 instituentes,prout
1621 5409 1663 5470 ad
1686 5426 1746 5471 vos

97 5498 295 5577 eujusmodi
313 5500 424 5561 iacere
442 5506 735 5579 praesumpserunt,
754 5504 897 5581 eligendi
954 5506 1106 5582 pertinet,
1122 5505 1157 5565 in
1172 5504 1254 5580 ipsis
1269 5504 1421 5565 ecclesiis
1436 5503 1523 5565 alios
1541 5504 1635 5566 robis
1655 5523 1745 5583 prae-

97 5600 160 5660 bac
184 5595 260 5659 rice
276 5598 438 5672 potestate
453 5599 602 5675 privatis,
619 5598 751 5661 faciatis
765 5601 806 5661 ab
822 5603 898 5661 aliis
953 5605 1099 5664 sentatos
1113 5602 1154 5662 ab
1169 5601 1263 5677 ipsis,
1274 5600 1506 5677 delinquentes
1531 5605 1682 5665 revocari
1704 5606 1746 5667 ad

244 5748 315 5793 ram
333 5749 359 5792 ι.
374 5750 448 5793 roas
461 5740 510 5796 lli.
1542 5743 1574 5798 lo
