3774 6186
116 266 175 329 467
333 292 336 297 -
728 255 903 317 HONORII
925 256 970 315 lli
992 257 1140 318 OPERA.
1699 266 1755 324 468

115 425 168 488 ter
187 421 272 502 quod
290 419 401 498 gravis
421 418 551 497 quidem
569 416 604 479 in
619 414 713 479 vobis
732 430 902 486 excessus,
959 413 993 473 in
1014 414 1218 486 scandalum,
1235 432 1331 492 poena
1346 418 1390 479 sit
1412 418 1664 496 inexemplum,
1683 420 1749 482 for-

116 521 174 584 sed
188 519 323 598 gravius
338 519 387 581 est
401 516 682 597 exemplum,nam
692 510 771 593 [non
782 510 902 593 solum]
959 511 1085 572 midare
1098 513 1245 589 potestis,
1261 530 1302 575 ne
1320 530 1381 575 vos
1392 516 1573 593 episcopali
1590 516 1748 593 dignitate

114 619 262 696 gladium
289 618 323 678 in
350 620 532 679 Romanam
560 612 742 676 Ecclesiam
763 611 903 672 matrem
959 609 1139 684 privemus,
1156 608 1305 672 dolentes
1332 612 1361 672 si
1377 615 1501 689 partem
1517 616 1588 676 tam
1606 613 1748 677 honora-

114 718 259 779 vestram
284 715 412 784 acuitis
426 711 484 773 sed
504 711 640 772 inficitis
655 712 805 776 caeteros,
817 711 904 769 uteo
958 705 1057 766 bilem
1074 723 1093 766 a
1115 710 1226 768 vestro
1245 725 1402 785 cogamur
1415 726 1554 788 corpore
1582 727 1745 789 separare.

116 813 222 890 magis
248 813 279 874 ei
314 826 433 872 nocere
466 809 678 886 praesumant,
702 822 766 884 quo
795 805 903 865 minus
960 803 1082 865 Scituri
1098 821 1158 865 nos
1172 805 1212 865 ad
1229 822 1374 882 praesens
1387 809 1507 870 vicinis
1520 809 1690 887 episcopis
1704 812 1744 871 in·

116 927 214 989 quam
247 926 306 971 vos
337 908 444 970 eidem
479 906 692 970 considerant
723 920 759 965 se
784 902 901 964 teneri.
954 900 1120 977 iunxisse,
1136 901 1413 966 utdistrictesuis
1429 905 1560 967 civibus
1575 907 1610 968 et
1630 906 1743 970 dioece-

116 1105 263 1181 eJ'usdem
290 1106 409 1165 Massae
434 1100 622 1179 lugentibus
650 1096 840 1175 impugnari
868 1112 904 1157 se
958 1095 1739 1169 beant,nevobis,donecadmandatumnostrun

114 1202 262 1279 graviter
273 1217 293 1263 a
304 1201 437 1264 civitate
452 1201 573 1271 vestra,
591 1198 660 1258 iilia
677 1196 772 1260 Sedis
793 1200 903 1272 Apos-
958 1193 1136 1265 redieritis,
1151 1194 1185 1255 in
1196 1196 1400 1257 commerciis
1412 1197 1676 1270 communicare,
1693 1204 1739 1265 aut

115 1299 225 1361 tolicae
253 1298 367 1361 matris
393 1314 477 1370 suae,
505 1296 594 1359 circa
623 1310 682 1356 vos
707 1297 779 1356 arte
806 1291 903 1371 periti
960 1293 993 1352 in
1008 1292 1142 1353 civitate
1156 1294 1550 1370 vestrapotestariae,seu
1567 1295 1737 1372 quodcun-

116 1395 236 1456 medioi
260 1395 311 1456 usi
326 1410 538 1469 sumus‚oum
559 1392 704 1469 perfidiae
729 1390 849 1453 vulnus
869 1390 903 1449 in
958 1405 1022 1468 que
1056 1389 1146 1450 aliud
1178 1390 1322 1451 officium
1350 1407 1506 1453 exercere
1533 1398 1737 1469 praesumant,

116 1491 210 1553 nobis
226 1492 371 1553 nondum
384 1492 548 1553 incisione
560 1505 678 1552 curare
688 1487 902 1559 vollierimus,
959 1503 1032 1549 cum
1047 1503 1106 1564 pro
1121 1501 1161 1548 eo
1177 1487 1287 1560 etiam,
1305 1490 1389 1565 quod
1402 1490 1543 1566 perjurii
1559 1491 1594 1552 et
1605 1490 1739 1552 infideli·

116 1588 173 1648 sed
192 1588 354 1661 fomentis,
367 1588 485 1665 quibus
500 1604 559 1649 vos
574 1588 614 1649 ad
629 1586 770 1649 salutem
783 1601 903 1663 spera·
959 1585 1036 1647 talis
1062 1584 1296 1661 improperium
1316 1586 1518 1658 incurristis,
1532 1587 1584 1649 eis
1598 1588 1741 1664 expediat

115 1685 224 1745 simus
239 1687 409 1746 revocari:
431 1685 487 1746 sed
504 1685 602 1761 plaga
611 1687 681 1761 jam
697 1699 757 1744 sua
773 1681 904 1756 magni·
958 1683 1074 1745 vitare.
1096 1684 1214 1744 Datum
1237 1683 1322 1760 apud
1348 1682 1467 1745 Urbem
1492 1686 1740 1757 fateremini

114 1781 229 1844 tudine
242 1782 427 1859 desperata,
440 1781 563 1843 ferrum
586 1781 788 1860 providimus
803 1779 903 1841 adlii·
957 1781 1033 1841 idus
1043 1781 1133 1859 tulii,
1151 1781 1362 1857 pontificatus
1374 1781 1581 1843 nostrianno
1594 1784 1717 1860 quarto.

115 1877 268 1952 bendum,
285 1879 363 1958 quia
376 1880 518 1942 secanda
547 1881 624 1940 sunt
649 1878 799 1950 vulnera,
830 1893 903 1954 quae

117 1974 333 2043 fomentorum
349 1992 415 2039 non
428 1977 575 2039 sentiunt
586 1975 793 2038 medicinam.
812 1975 905 2036 Dole-
1270 1976 1441 2065 CLXXII

53 2120 61 2131 ,
116 2088 189 2134 mus
215 2090 292 2153 ergo
320 2074 407 2152 quod
430 2074 471 2137 ad
488 2089 561 2136 eam
575 2089 634 2135 nos
659 2073 784 2151 peccati
800 2071 903 2134 vestri
1075 2111 1128 2171 Ad
1140 2111 1346 2172 conventum
1360 2113 1400 2172 de
1414 2112 1635 2173 Mamm,

13 2180 17 2187 ’
116 2169 240 2233 duritia
262 2172 494 2237 necessitatem
518 2171 686 2244 inducitis,
703 2171 739 2232 ut
760 2169 854 2232 vobis
869 2168 903 2229 in

111 2269 188 2343 jure
202 2270 314 2331 nostro
329 2269 469 2346 reproba
479 2269 665 2331 temeritate
678 2266 903 2329 crassantibus
1262 2230 1363 2357 Mum·
1381 2231 1459 2290 ¹²²⁰·

116 2379 253 2439 parcere
270 2381 335 2427 non
351 2366 526 2445 possimus,
544 2382 603 2444 pro
616 2381 656 2427 eo
671 2365 756 2445 quod
773 2366 905 2427 nonest
1170 2348 1292 2409 [uenum.
1311 2347 1389 2417 Μ·
1408 2348 1474 2408 Μ’
1488 2348 1543 2412 ²⁰4

115 2460 234 2534 virtus,
263 2463 321 2526 sed
344 2464 461 2526 vitium
490 2462 718 2543 peccatoribus
732 2464 903 2539 ignoscere
959 2457 1055 2528 [ΜΠ]
1069 2456 1099 2513 ¹¹¹
1119 2454 1421 2528 lf⁰10⁰¹i0⁰0m⁸¹¹⁸m
1439 2454 1559 2527 milli
1573 2461 1603 2512 et
1616 2457 1740 2514 mill·

116 2557 309 2622 obstinatis.
338 2563 442 2622 Porro
471 2578 545 2623 cum
579 2558 727 2623 Ecclesia
756 2562 905 2621 Romana
1184 2542 1354 2601 dimisti
1370 2542 1531 2603 ⁰⁰¹¹fl‘ffl8‘·

115 2657 260 2719 uestram
276 2657 451 2720 ecclesiam
477 2674 544 2734 prae
571 2656 702 2718 caeteris
726 2656 904 2733 specialius
1000 2652 1178 2722 Honorius,
1195 2654 1270 2722 eto,
1292 2649 1421 2713 dilectis
1435 2651 1517 2713 liliis
1531 2653 1735 2730 praepositoct

116 2752 287 2829 adoptavit
299 2754 450 2826 insuam,
464 2755 576 2816 multis
591 2770 664 2816 eam
681 2754 775 2815 bonis
793 2753 905 2831 reple·
959 2749 1136 2820 conventui
1153 2749 1195 2811 de
1211 2747 1428 2823 Raitenbuclr,
1444 2749 1589 2813 salutem
1607 2752 1640 2813 et
1654 2766 1735 2828 apos·

116 2849 201 2912 verit
215 2854 248 2912 et
261 2850 397 2922 dotavit,
415 2867 538 2929 vosque
557 2850 696 2928 pingues
723 2853 756 2912 et
782 2851 906 2911 incras·
958 2848 1093 2909 tolicam
1105 2846 1379 2909 benedictionem.
1425 2866 1428 2875 ·

117 2946 181 3009 sati
205 2964 246 3009 ac
268 2948 527 3022 recalcitrantes,
545 2949 667 3021 dilecti,
684 2950 809 3011 tantam
828 2963 903 3008 ma·
999 2949 1106 3018 Quum
1127 2960 1148 3006 a
1168 2944 1264 3007 nobis
1279 2944 1401 3021 petitur
1421 2943 1506 3020 quod
1522 2947 1643 3019 iustum
1656 2946 1733 3007 estet

68 3066 71 3072 ·
116 3042 176 3105 tris
191 3044 407 3121 aspernimini
426 3047 580 3122 gratiam,
602 3048 638 3108 ut
662 3047 821 3123 tanquam
844 3046 904 3106 lilii
960 3044 1148 3113 honestum,
1170 3044 1233 3105 tam
1251 3042 1348 3117 vigor
1369 3042 1537 3119 spiritatis
1552 3059 1654 3120 ⁸quam
1667 3042 1731 3104 ordo

116 3153 136 3198 a
158 3138 251 3199 nobis
279 3139 382 3200 alieni
403 3156 423 3201 a
450 3142 573 3200 nostris
599 3139 763 3202 duxeritis
778 3140 904 3201 semitis
959 3141 1064 3215 erigit
1077 3140 1234 3212 rationis,
1252 3142 1287 3201 ut
1301 3155 1361 3215 per
1379 3139 1728 3204 sollicitudinemoftlcii

114 3235 365 3312 declinandum3
400 3238 563 3315 quomodo
602 3236 786 3299 remanebit
826 3253 905 3313 gra·
960 3238 1075 3309 nostri,
1090 3237 1123 3296 ld
1138 3238 1186 3298 ad'
1201 3235 1346 3299 debitum
1361 3237 1562 3313 perducatur
1585 3239 1726 3302 effectum.

115 3332 162 3395 tia
182 3351 256 3396 cum
278 3335 431 3412 ingratis,
447 3335 527 3413 quin
542 3336 651 3412 potius
680 3351 753 3397 cum
774 3334 904 3411 prodigi
959 3335 1152 3412 ilapropter,
1169 3334 1281 3399 dilecti
1310 3334 1345 3395 in
1373 3335 1514 3398 Domino
1536 3335 1727 3409 illinemus

115 3431 188 3493 sitis
207 3432 355 3504 honoris,
372 3449 431 3508 pro
453 3447 492 3492 eo
515 3431 600 3508 quod
615 3433 681 3494 tam
697 3430 905 3508 impudenter
954 3432 1054 3510 justis
1085 3431 1365 3509 postulationibus
1396 3434 1493 3507 grato
1515 3435 1728 3497 concurrentes

33 3524 36 3529 '
116 3527 306 3591 fidelitatem
316 3530 349 3590 et
356 3529 621 3606 iusiuranduma
635 3528 727 3604 tergo
743 3527 906 3606 relinqui·
958 3546 1108 3599 assensu,
1126 3544 1288 3606 personas
1302 3531 1440 3600 uestras,
1462 3532 1496 3592 et
1517 3531 1625 3592 locum
1639 3531 1729 3607 inquo

115 3624 177 3686 tisi
191 3641 372 3702 quarenon
385 3624 592 3686 auferremus
607 3640 627 3685 a
641 3623 747 3697 robis,
758 3627 823 3686 nisi
839 3628 904 3688 cito
959 3627 1071 3689 divino
1094 3626 1175 3688 estis
1196 3626 1358 3704 obsequio
1383 3627 1565 3704 mancipati
1589 3645 1661 3690 cum
1678 3642 1733 3690 em·

115 3721 156 3780 ad
176 3738 234 3783 cor
252 3722 478 3792 revertamini,
499 3723 782 3798 praevaricatores,
799 3723 906 3785 bono·
959 3723 1058 3786 uibus
1076 3723 1174 3784 bouis
1196 3739 1268 3807 quae
1282 3722 1318 3788 in
1334 3725 1590 3801 praesentiarum
1605 3726 1733 3787 raliona-

115 3833 196 3889 rem,
211 3819 431 3896 episcopalem
443 3820 596 3880 videlicet
610 3819 813 3896 dignitatem,
830 3837 904 3881 cum
957 3818 1070 3883 biliter
1104 3822 1281 3898 possidetis
1317 3824 1376 3884 aut
1406 3822 1441 3883 in
1476 3820 1625 3884 futurum
1650 3821 1731 3900 justis

115 3916 156 3976 ad
171 3919 350 3981 vindictam
361 3916 549 3995 huiusmodi
563 3914 698 3978 sceleris
714 3920 746 3980 et
759 3921 903 3996 exempli
958 3918 1064 3979 modis
1080 3922 1260 3994 praestante
1275 3918 1414 3981 Domino
1429 3920 1583 3995 poteritis
1602 3918 1731 3999 adipisci,

115 4014 173 4076 vix
187 4032 283 4093 poena
300 4014 445 4077 sufficiat
457 4014 677 4091 ignominiosa
698 4017 904 4093 quantumli-
958 4014 1020 4075 sub
1034 4015 1127 4078 beati
1143 4016 1236 4079 Petri
1254 4017 1288 4078 et
1300 4017 1419 4081 nostra¹
1429 4018 1638 4093 proiectione
1649 4016 1735 4079 susci·

114 4109 170 4174 bet
190 4116 222 4176 et
243 4114 422 4174 damnosaf
436 4117 558 4177 Verum
577 4112 685 4174 adbuc
711 4116 904 4190 exspectare
959 4113 1077 4189 pimus.
1093 4114 1290 4190 specialiter
1303 4114 1414 4175 aulem
1427 4116 1592 4179 ecclesias
1609 4118 1643 4179 in
1654 4114 1733 4179 Grot-

114 4224 154 4269 ac
179 4227 237 4272 ros
268 4210 468 4287 praemunire
493 4211 654 4281 volentes,
670 4212 700 4271 si
725 4211 838 4271 forsan
862 4228 906 4273 ex
958 4212 1094 4287 flingen,
1120 4212 1155 4273 in
1173 4210 1317 4281 Urbacb,
1336 4211 1373 4279 iu
1387 4212 1569 4275 Mulbuseu
1584 4217 1618 4279 et
1631 4215 1665 4277 in
1680 4216 1732 4275 Un-

114 4305 224 4384 aliqua
240 4308 427 4371 devotionis
446 4308 499 4370 rel
521 4309 730 4371 discretionis
746 4308 903 4381 scintilla,
959 4309 1152 4382 frezhuseu,
1168 4311 1202 4370 et
1214 4309 1328 4373 Sancti
1341 4310 1516 4375 Laurentii
1529 4311 1568 4373 in
1583 4313 1733 4388 Scliomm

114 4402 225 4467 datum
249 4405 293 4468 sit
309 4405 404 4466 vobis
423 4405 568 4480 effugere
583 4406 700 4469 afacie
723 4422 821 4468 arcus
845 4423 906 4467 en·
959 4423 998 4468 ac
1013 4408 1081 4468 alia
1096 4407 1183 4469 bona
1197 4408 1326 4479 vestra,
1336 4407 1423 4471 sicut
1440 4423 1481 4470 ea
1496 4411 1612 4475 omnia
1622 4406 1733 4488 justeol

112 4502 205 4574 tenti,
219 4502 433 4564 universitati
442 4506 561 4564 vestrae
577 4504 792 4574 consulimus,
801 4507 835 4565 et
847 4519 905 4580 per
960 4505 1097 4580 pacifice
1112 4503 1408 4581 possidetis,v0bis
1421 4507 1456 4567 et
1472 4521 1532 4583 per
1547 4524 1608 4570 ros
1622 4520 1731 4569 monas·

114 4600 301 4674 apostolica
324 4599 447 4675 scripta
471 4600 531 4660 sub
554 4600 663 4661 debito
686 4600 854 4663 fidelitatis
874 4602 906 4663 et
959 4601 1044 4663 terio
1065 4603 1177 4664 vestro
1206 4603 1614 4680 auctoritateltpostelica
1629 4602 1730 4667 couir-

114 4697 252 4771 praestiti
285 4696 467 4774 jnramenti
500 4696 650 4759 districte
683 4698 905 4773 praecipiendo
960 4701 1131 4760 mamuset
1145 4699 1320 4776 praesentis
1334 4701 1456 4778 scripti
1464 4703 1652 4778 patrocinio
1664 4714 1731 4763 ccu-

114 4795 322 4864 mandamus,
351 4795 512 4869 quatenus
539 4810 604 4854 non
629 4795 812 4871 praebentes
830 4811 906 4856 ves·
960 4796 1137 4858 munimus.
1157 4797 1246 4857 Nulli
1265 4813 1346 4873 ergo
1369 4799 1505 4862 omnino
1524 4786 1731 4865 hominumi-

114 4888 202 4950 trum
215 4891 338 4952 alienis
354 4891 523 4964 bonorem,
538 4892 728 4968 praedictam
748 4895 903 4964 Massam,
960 4897 1033 4955 ceat
1053 4894 1140 4955 banc
1165 4895 1321 4971 paginam
1344 4897 1468 4959 nostras
1492 4898 1697 4974 protectionis
1709 4892 1732 4951 el

116 5003 201 5063 quae,
212 4987 302 5049 beati
317 4987 408 5048 Petri
416 4988 504 5063 juris
516 4989 640 5060 existit,
652 4993 809 5066 tanquam
822 5006 904 5061 rem,
960 4993 1223 5054 confirmationis
1246 4992 1443 5070 infringere,
1469 4995 1523 5059 vel
1544 4997 1579 5057 ei
1603 4991 1733 5059 ansuis·

97 5100 187 5160 ‘qnae
211 5085 246 5145 in
269 5084 362 5145 nullo
383 5084 424 5144 ad
449 5100 507 5145 vos
532 5087 686 5162 pertinet,
705 5088 852 5150 universi
874 5089 907 5150 et
960 5090 1104 5153 merario
1118 5092 1296 5162 contraire.
1312 5092 1561 5169 Siquiseutem
1573 5092 1732 5159 bocatten·

114 5181 239 5257 singuli
267 5180 454 5252 dimittatis,
468 5182 551 5241 nibil
575 5182 668 5243 vobis
694 5183 730 5245 in
751 5201 790 5247 ea
805 5186 857 5248 vel
871 5186 906 5248 in
959 5189 1032 5249 tare
1043 5191 1306 5266 praesumpserit,
1328 5190 1596 5267 indignationem
1609 5189 1733 5265 ammpl-

113 5280 186 5353 ejus
210 5277 454 5341 habitatoribus
478 5279 619 5354 amplius
643 5285 851 5357 usurpantes,
874 5285 907 5347 et
960 5286 1058 5347 tentis
1073 5286 1134 5348 Dei
1149 5290 1181 5349 et
1196 5287 1368 5351 beatorum
1387 5289 1479 5350 Petri
1493 5292 1528 5352 et
1544 5289 1638 5353 Pauli
1658 5299 1734 5364 apos·

113 5376 153 5437 de
170 5376 361 5455 perpetrato
374 5391 393 5437 a
409 5374 504 5437 vobis
520 5376 619 5437 tantae
637 5378 831 5442 temeritatis
845 5397 906 5442 ex·
959 5383 1102 5446 telorum
1117 5388 1190 5462 ejus
1205 5402 1241 5447 se
1253 5387 1385 5448 noverit
1397 5386 1625 5451 incursurum.
1640 5387 1732 5449 Datum

114 5489 211 5536 cessu
230 5475 341 5552 dignae
363 5475 430 5536 Deo
454 5475 487 5535 et
501 5473 596 5535 uobis
611 5475 802 5538 satisfacere
816 5482 906 5540 sata-
960 5483 1045 5557 apud
1064 5481 1183 5544 Urbem
1199 5487 1364 5554 Veterem,
1386 5486 1461 5553 vili
1474 5485 1551 5551 idus
1563 5486 1651 5564 julii,
1666 5496 1732 5561 pun·

113 5572 417 5650 ganisanlioquin,
431 5573 476 5643 ut,
488 5571 606 5649 quibus
617 5573 713 5650 culpa
725 5577 833 5638 vestra
846 5576 907 5639 fuit
964 5579 1105 5641 tiilcalus
1120 5582 1226 5644 nostri
1245 5598 1333 5644 anuo
1347 5583 1479 5659 priamo.
