3774 6186
53 356 117 416 125

48 531 187 593 perros
202 514 402 576 monasterio
416 515 525 576 vestro
540 513 737 576 auctoritate
745 517 853 590 Apos-

48 614 157 674 tolica
187 612 431 680 confirmamus,
460 613 492 673 et
527 612 700 688 praesentis
736 610 851 687 scripti

50 710 242 787 patrocinio
265 710 517 771 communimus.
543 708 591 770 Ad
615 709 715 786 hujus
741 711 850 770 autem

49 807 214 884 specialis
232 810 354 869 nostrae
373 808 598 884 protectionis,
624 810 657 869 et
671 807 852 868 conflrma-

47 905 157 965 tiouis
172 904 344 976 indicium,
359 921 461 964 unum
474 904 605 965 obolum
621 919 759 965 arueum
774 919 854 979 gra-

48 1003 96 1063 tis
112 1003 260 1064 oblatum
279 1002 373 1064 uobis
398 1003 585 1079 nostrisque
605 1000 853 1063 successoribus

49 1101 154 1160 anuis
170 1100 311 1176 singulis
333 1100 540 1177 persolvetis.
560 1099 652 1160 Nulli
667 1115 758 1175 ergo,
773 1099 851 1170 etc,

50 1198 180 1275 Siquis
196 1200 318 1269 autem,
334 1198 409 1265 eto,
427 1199 545 1259 Datum
562 1197 729 1267 Laterani,
744 1195 854 1257 idibus

50 1295 228 1368 februarii,
244 1295 456 1372 pontificatus
470 1295 578 1357 nostri
593 1309 680 1355 auno
695 1294 804 1355 tertio.

374 1482 536 1568 CXXIII
628 1488 631 1493 ’

130 1619 182 1677 Ad
193 1617 360 1677 decanum
375 1618 603 1677 Nicernensts
615 1616 777 1676 ecclestoe.

350 1737 383 1794 13
397 1736 468 1794 febr.
486 1737 564 1794 1219.

90 1854 232 1918 [bouquet.
243 1853 301 1904 lter.
313 1851 357 1902 des
369 1852 474 1910 Hister..
487 1857 507 1902 t.
518 1852 586 1910 XIX,
603 1866 629 1916 p.
642 1849 698 1901 stt.
710 1853 818 1914 aegest..

336 1931 382 1981 lib.
396 1932 439 1989 ΙΙΙ,
453 1947 494 1996 ep.
506 1931 573 1996 282]

53 2031 261 2091 Deficientibus
276 2029 405 2103 pecuniis
420 2031 532 2088 llerveo
554 2030 651 2087 comiti
672 2030 853 2099 Niverneusi,

92 2136 145 2194 pro
170 2120 281 2178 Christo
307 2119 336 2175 in
357 2118 554 2175 transmarinis
577 2116 704 2189 partibus
724 2118 852 2190 peregri-

91 2207 311 2276 nanti,mandat
323 2207 637 2278 Honorius,utintegre
653 2211 681 2262 et
696 2206 855 2262 accuratius

91 2299 244 2370 colligatur
258 2297 364 2354 taxatio
378 2295 472 2352 eidem
487 2296 584 2352 comiti
600 2309 748 2352 concessa.

96 2415 266 2476 Honorius
281 2415 492 2491 eplscopus...
510 2411 640 2473 dilectis
655 2411 745 2484 tiliis,
762 2411 857 2473 deca·

56 2528 115 2584 no,
136 2510 185 2591 (1)
200 2511 412 2574 thesaurario
427 2512 460 2572 et
474 2509 622 2571 sacristae
637 2509 855 2570 Nivernensis

55 2610 222 2681 ecclesiae,
240 2611 392 2670 salutem.

97 2710 180 2768 Cum
207 2707 348 2768 dilectus
372 2706 472 2778 illius,
500 2705 621 2767 nobilis
648 2706 715 2776 vir,
745 2720 855 2765 comes

56 2803 344 2883 Nivernensis(2),
355 2805 604 2880 crucesignatus
615 2803 856 2880 exsequeretur

55 2906 222 2981 potenter,
236 2902 322 2964 ultra
338 2918 435 2979 quam
451 2902 594 2978 propriae
606 2899 778 2963 facultates
792 2899 854 2959 sibi

55 3001 285 3078 suppeterent,
297 2999 409 3061 votum
425 3014 535 3073 suum;
552 3015 613 3060 nos
625 2998 720 3059 bonae
736 3012 856 3058 memo

55 3100 118 3160 riae
147 3098 347 3160 Bituricensi
362 3093 857 3174 archiepiscopo,etvenerabi-

57 3195 147 3257 libus
170 3194 327 3257 fratribus
351 3195 526 3275 episcopis,
550 3195 744 3270 inquorum
772 3191 857 3253 dioe-

57 3293 194 3356 cesibus
214 3293 304 3353 terra
326 3291 455 3354 comitis
481 3290 663 3368 supradicti
691 3289 853 3360 consistit,

58 3390 246 3455 direximus
261 3390 384 3467 scripta
397 3391 520 3461 nostra,
531 3390 567 3450 ut
579 3388 685 3450 eidem
701 3387 742 3450 ad
758 3401 857 3449 exse·

58 3489 228 3567 quendum
244 3487 374 3565 plenius
389 3489 422 3548 et
434 3486 637 3547 commodius
650 3489 722 3563 ejus
737 3500 857 3562 propo-

58 3587 172 3658 situm,
193 3586 299 3662 ipsius
320 3587 419 3646 terrae
440 3585 507 3645 tam
528 3584 736 3654 vicesimam,
759 3598 856 3660 quam

59 3683 234 3745 collectam
261 3682 296 3742 in
322 3680 450 3743 truncis
486 3681 741 3758 eleemosynam,
771 3679 858 3741 assi-

58 3778 215 3857 gnarent,
232 3778 401 3856 dequibus
416 3792 544 3856 parum,
555 3778 642 3839 slent
655 3778 854 3854 accepimus,

58 3894 173 3939 comes
184 3878 257 3954 ipse
269 3877 427 3957 percepit,
439 3876 518 3949 illis,
531 3892 591 3954 per
601 3891 683 3953 quos
692 3874 857 3950 assignari

59 3975 222 4054 praedicta
236 3974 479 4046 mandavimus,
495 3974 616 4050 tepidis
631 3973 673 4034 ad
688 3972 752 4033 hoc
767 3972 859 4033 exis-

57 4072 207 4136 tentibus
219 4073 252 4134 et
260 4072 420 4134 remissis.
435 4072 528 4134 Unde
539 4086 649 4132 comes
659 4071 744 4147 ipse,
755 4084 857 4145 agens

60 4171 97 4233 in
118 4169 269 4248 partibus
286 4169 521 4232 transmarinis
543 4184 613 4230 rem
634 4168 799 4245 publicam
825 4167 859 4228 et

10 4230 233 4357 ‚negotium
260 4267 434 4339 crucifixi,
465 4266 560 4327 nobis
584 4265 663 4327 fecit
686 4264 859 4325 humiliter

59 4364 257 4443 supplicari,
267 4365 304 4426 ut
310 4380 370 4441 pro
380 4364 495 4425 Crucis
503 4364 691 4425 reverentia
702 4363 749 4424 sic
759 4376 859 4438 super

60 4463 126 4524 hoc
136 4462 386 4539 provideremus
395 4461 559 4532 eidem,ut
568 4460 650 4537 ipse,
661 4459 717 4537 qui
725 4461 859 4537 propter

60 4560 126 4621 hoc
150 4562 277 4636 majora
299 4558 401 4620 subiit
421 4572 522 4619 onera
542 4573 774 4634 expensarum,
801 4570 859 4633 spe

60 4672 162 4735 quam
172 4657 323 4733 concepit
335 4655 376 4717 de
386 4656 575 4732 provisione
591 4655 781 4731 hujusmodi
793 4669 858 4714 non

59 4754 252 4825 frustretur,
277 4756 311 4816 et
332 4770 377 4816 ex
401 4753 465 4814 boc
490 4737 670 4814 commuue
689 4752 859 4826 negotium

60 4845 272 4929 dispendium
286 4867 352 4915 uon
368 4851 527 4912 incurrat
544 4850 706 4921 Quocirca
730 4849 861 4910 discre-

61 4950 147 5012 ttoni
167 4951 286 5011 vestrae
304 4965 363 5026 per
376 4947 566 5024 apostoliea
582 4947 705 5024 scripta
721 4946 860 5007 manda-

61 5064 148 5117 mus,
156 5047 330 5124 quatenus,
338 5044 858 5122 praedictafidelitarcolligentes,

60 5162 101 5208 ea
115 5146 248 5220 integre
258 5145 354 5220 juxta
376 5143 498 5221 prioris
518 5142 665 5204 mandati
681 5143 788 5204 nostri
804 5144 858 5204 te-

59 5259 180 5306 norem
193 5240 464 5320 procuratoribus
477 5241 625 5318 eJ'usdem
638 5241 768 5302 comitis
780 5241 861 5302 assi·

58 5341 184 5419 gnatis,
201 5338 461 5401 contradictores
481 5339 592 5409 etiam,
610 5338 665 5415 qui
687 5337 775 5399 infra
791 5339 861 5399 ter-

59 5437 291 5516 ramejusdem
299 5436 431 5497 comitis
439 5436 480 5496 ad
488 5438 670 5496 Romanam
678 5435 860 5497 Ecclesiam

58 5534 255 5599 immediate
267 5533 432 5610 pertinere
445 5534 639 5605 noscuntur,
652 5533 782 5596 sublato
795 5549 859 5610 ap-

94 5686 137 5758 u)
154 5680 284 5755 llrrqoni.

671 352 901 414 EPISTOLAE.
925 352 1003 412 LIB.
1029 352 1084 411 ΙΙΙ.

1648 355 1706 414 126

908 510 1098 589 pellationis
1121 509 1306 581 obstaculo,
1324 527 1384 590 per
1402 528 1578 575 censuram
1599 514 1707 575 eccle-

907 610 1076 671 siasticam
1092 608 1338 685 compellentes.
1351 612 1442 682 Quod
1457 612 1485 671 si
1501 627 1567 672 non
1577 627 1703 683 omnes,

907 708 970 768 etc.
988 709 1106 768 Datum
1121 707 1289 779 Laterani,
1306 706 1416 768 idIbus
1432 708 1603 781 februarii,
1618 725 1706 770 auno

908 804 1018 866 tertio.
1390 816 1394 831 ·

1231 908 1387 998 CXXIV

948 1049 1001 1107 Ad
1014 1047 1169 1107 abbatem
1184 1046 1217 1107 ct
1234 1047 1488 1109 corruentem&
1508 1050 1664 1110 Victoris.

1201 1158 1235 1214 lb
1250 1157 1320 1215 febr.
1338 1158 1417 1215 1219.

1033 1263 1178 1328 [ltelrunca
1190 1264 1277 1328 Xutiq.
1289 1265 1320 1314 do
1333 1265 1469 1319 lfarseille.
1484 1265 1516 1326 11,
1530 1265 1582 1330 821]

909 1369 1045 1428 Concedit
1060 1377 1100 1438 ut,
1116 1372 1141 1426 si
1155 1371 1286 1428 canonici
1305 1371 1342 1428 ad
1360 1370 1497 1444 obsequia
1510 1374 1608 1430 venire
1623 1373 1705 1431 mali-

947 1460 1019 1516 tiose
1033 1460 1176 1516 noluerint
1188 1460 1324 1531 requisiti,
1342 1461 1384 1517 eis
1399 1460 1484 1518 liceat
1495 1476 1615 1534 corpora
1629 1477 1705 1519 mor-

946 1553 1059 1605 tuorum
1070 1547 1105 1604 ad
1120 1547 1282 1605 coenobium
1297 1547 1458 1621 deportare.

949 1665 1128 1736 Honorius,
1158 1665 1233 1734 etc,
1264 1664 1393 1726 dilectis
1422 1665 1501 1726 tiliis
1529 1666 1641 1728 abbati
1673 1668 1708 1728 et

910 1762 1087 1824 conventui
1128 1763 1240 1823 Sancti
1284 1763 1427 1824 Victoris
1471 1762 1705 1836 Massiliensis,

910 1860 1062 1932 salutem,
1079 1861 1142 1921 etc.

950 1959 1031 2017 Cum
1044 1957 1216 2019 hominum
1229 1972 1295 2018 non
1317 1958 1361 2019 sit
1373 1957 1513 2019 malitiis
1523 1957 1706 2034 indulgen·
1723 1974 1727 1989 ¹

910 2054 999 2127 dum,
1021 2055 1194 2131 indignum
1218 2055 1385 2116 credimus
1410 2057 1445 2116 et
1470 2055 1651 2116 absurdum
1672 2057 1709 2118 ut

910 2152 1031 2213 alienis
1046 2152 1349 2214 machinationibus
1370 2153 1492 2230 aliquis
1505 2153 1542 2213 in
1552 2156 1630 2230 jure
1643 2169 1705 2214 suo

910 2249 1140 2327 praejudicium
1156 2249 1312 2326 patiatur.
1342 2250 1434 2312 Sicut
1460 2253 1571 2312 autem
1594 2252 1706 2313 vestra

910 2347 1005 2409 nobis
1031 2347 1149 2407 relatio
1165 2347 1332 2424 patefecit,
1346 2363 1417 2408 mos
1438 2349 1609 2424 antiquius
1624 2349 1708 2409 hac-

910 2447 1008 2507 tenus
1034 2444 1162 2517 habuit,
1189 2447 1224 2507 ut
1237 2448 1443 2506 mortuorum
1468 2461 1622 2523 corpora,
1650 2447 1708 2522 quf

911 2542 1126 2620 sepulturam,
1153 2543 1239 2619 apud
1269 2544 1414 2605 vestrum
1443 2544 1704 2616 monasterium,

911 2641 1083 2716 elegerint,
1094 2641 1188 2701 extra
1199 2640 1366 2702 civitatem
1376 2641 1548 2702 canonicis
1558 2641 1707 2702 matricis

910 2738 1060 2799 ecclesiae
1084 2739 1118 2799 et
1136 2737 1268 2799 clericis
1290 2737 1576 2814 prosequentibus,
1598 2737 1710 2799 defer-

910 2837 1037 2895 rentur.
1052 2833 1213 2905 Quoniam
1229 2834 1332 2909 igitur
1351 2835 1503 2895 canonici
1518 2850 1554 2895 se
1569 2834 1706 2895 subtra-

909 2931 993 2992 hunt
1007 2929 1048 2991 ab
1063 2931 1255 3007 hujusmodi
1278 2931 1451 2992 funeribus
1471 2932 1706 3008 exsequendis,

910 3028 1058 3089 volentes
1077 3028 1228 3089 coenobio
1243 3030 1353 3091 vestro
1376 3029 1437 3089 sub
1459 3029 1522 3090 hoc
1543 3032 1708 3106 praetextu

910 3126 1028 3186 solitas
1047 3125 1243 3186 subtrahere
1265 3125 1463 3201 sepulturas,
1481 3126 1521 3186 ad
1537 3126 1710 3202 exemplar

911 3222 1019 3284 felicis
1029 3222 1269 3284 recordationis
1280 3223 1457 3284 Clementis
1470 3239 1564 3299 papae
1578 3223 1710 3300 praede-

911 3321 1053 3382 cessoris
1069 3320 1184 3392 uostri,
1204 3319 1415 3381 universitati
1428 3321 1549 3382 vestrae
1562 3336 1710 3397 praeseu-

911 3418 999 3480 tibus
1012 3418 1232 3494 indulgemus,
1250 3419 1414 3495 quatenus
1431 3419 1460 3479 si
1475 3419 1599 3480 avobis
1612 3435 1709 3480 com-

911 3517 1002 3589 moti,
1023 3517 1204 3578 secundum
1227 3517 1398 3592 antiquam
1420 3517 1706 3588 consuetudinem,

911 3614 953 3675 ad
990 3613 1148 3691 obsequia
1186 3613 1351 3675 malitiose
1385 3614 1501 3675 venire
1541 3615 1711 3676 noluerint

911 3711 1078 3788 requisiti,
1092 3711 1260 3789 aliquibus
1283 3710 1323 3772 de
1340 3713 1452 3773 vestro
1467 3711 1619 3787 collegio,
1636 3711 1709 3773 sine

912 3810 1056 3886 alicujus
1089 3808 1313 3886 appellati0ne
1344 3810 1397 3870 vel
1432 3810 1710 3871 contradictionis

912 3904 1094 3974 obstaculo,
1111 3905 1210 3967 liceat
1225 3905 1486 3967 demortuorum
1501 3905 1652 3967 domibus
1665 3905 1708 3967 ad

912 4005 1060 4064 vestrum
1079 3984 1266 4064 coenobium
1290 4017 1405 4062 eorum
1426 4017 1566 4078 corpora
1587 4002 1710 4078 depor-

912 4101 994 4171 tare,
1007 4101 1064 4176 qui
1077 4100 1205 4189 scilicet
1218 4099 1305 4177 apud
1319 4114 1379 4160 vos
1394 4099 1599 4160 devoverunt
1613 4115 1711 4175 sepe-

913 4198 979 4258 liri.
992 4197 1086 4259 Nulli
1098 4212 1189 4274 ergo,
1203 4198 1266 4258 etc.
1276 4199 1395 4257 batum
1406 4197 1560 4257 Laterani
1571 4199 1630 4258 XV
1639 4197 1709 4258 kal.

913 4295 1037 4367 martii,
1051 4295 1262 4370 pontificatus
1274 4295 1381 4355 nostri
1393 4309 1481 4355 anno
1491 4294 1601 4356 tertio.

1245 4471 1381 4557 CXXV

990 4606 1205 4666 Aedronem
1220 4604 1376 4665 abbatem
1390 4607 1425 4665 S.
1442 4604 1632 4666 Benedicti.

1210 4719 1243 4775 lt
1254 4716 1323 4774 febr.
1338 4718 1417 4776 lats.

1100 4823 1254 4888 [lforqarini
1268 4823 1335 4875 Bnll,
1346 4823 1429 4873 Casio.
1445 4823 1464 4880 l,
1478 4822 1530 4888 33.]

928 4924 986 4999 lpsi
997 4924 1117 4997 eiusque
1126 4921 1339 4981 successoribus
1352 4936 1435 4979 usum
1451 4921 1543 4978 mitre
1563 4921 1702 4998 indulget.

955 5041 1133 5113 Honorius,
1159 5043 1234 5112 eto,
1258 5039 1379 5102 dilecto
1398 5039 1467 5101 filio
1482 5041 1585 5101 Azoni
1601 5043 1634 5102 S.
1646 5044 1713 5103 Be·

916 5140 1038 5201 nedicti
1049 5137 1296 5216 superPadum,
1305 5139 1444 5199 salutem
1453 5140 1485 5199 et
1495 5138 1711 5217 apostolicum

915 5237 1189 5299 benedIctionarn.

954 5335 1003 5396 Ad
1017 5334 1126 5396 hocin
1141 5334 1283 5396 ecclesia
1298 5335 1357 5396 Dei
1372 5334 1515 5395 visibilis
1530 5335 1581 5394 est
1595 5349 1712 5395 sacra-

915 5434 1099 5494 mentorum
1126 5433 1253 5510 species
1281 5433 1444 5503 instituta,
1467 5432 1502 5492 ut
1526 5447 1584 5508 per
1613 5434 1711 5494 exte-

916 5531 1017 5602 riora,
1035 5546 1108 5608 quae
1124 5531 1307 5601 ceruimus,
1324 5529 1366 5590 ad
1389 5529 1548 5590 interiora
1562 5547 1635 5607 qnae
1660 5532 1713 5592 in·

953 5681 995 5752 (2)
1011 5682 1149 5737 llervcus.
