3774 6186
574 296 801 363 lcPISTOLAE.
827 300 905 359 LIII.
929 300 986 359 111.

95 438 282 503 ederatione
297 435 435 499 Consilii
454 435 634 513 gerreralis,
651 434 745 497 ride·

95 540 133 599 dc
151 537 270 599 alienis
283 536 381 597 terris
397 552 417 597 a
432 538 578 611 tempere
596 532 744 611 praedicti

108 636 280 713 acquisitis
293 636 325 696 et
339 634 379 695 de
400 635 519 695 caetero
534 632 745 709 acquirendis

95 738 125 796 nt
137 734 283 795 decimas
298 732 459 804 ecclesiis,
478 731 596 808 quibus
616 730 744 791 ratione

95 850 150 893 urn
176 835 274 893 antea
301 831 529 902 solvebantur,
559 829 621 889 nisi
647 828 745 889 aliter

105 931 263 992 duxerInt
278 930 551 1007 componendum,
567 928 651 988 alias
663 944 746 1003 quo-

95 1028 212 1089 ?dictos
227 1027 346 1089 fratres
370 1028 411 1088 ab
427 1026 615 1088 incursibus
643 1024 743 1085 mali-

103 1127 216 1188 taliter
235 1125 532 1203 defendensque]
553 1124 745 1185 defensores

113 1241 153 1285 ac
182 1226 315 1301 pietalis
351 1223 534 1300 probemini
566 1224 742 1289 amatores,

95 1340 189 1401 mque
200 1322 292 1384 robis
305 1320 745 1399 propitiumetnosreddatis

95 1420 290 1481 luroralriles
305 1424 337 1481 et
353 1419 525 1495 benignos.
550 1420 667 1479 Datum
682 1420 746 1477 La-

100 1522 128 1579 ll
144 1519 419 1595 nonasjanuarii,
437 1517 647 1594 pontillcalus
666 1532 746 1575 nos-

95 1617 227 1679 »tertio

227 1830 465 1915 LXXXVIII

95 1972 245 2031 abbatem
253 1975 410 2044 priorem
422 1971 540 2031 Sancti
554 1971 665 2030 Albici

95 2069 214 2129 'stram
232 2072 427 2129 soboles-rua
451 2071 743 2143 Aridepeacnsera.

254 2198 271 2254 3
290 2198 350 2270 jau.
369 2198 446 2254 lale.

102 2320 150 2371 lib.
161 2321 205 2377 lll,
221 2322 295 2385 epist.
309 2320 362 2369 lsi.
377 2322 434 2369 llss.
446 2321 481 2369 La
492 2321 567 2370 Porle
579 2318 614 2368 du
628 2317 721 2380 Theti]

95 2438 175 2495 aiacis
189 2438 217 2494 in
235 2438 356 2494 ecclesia
374 2436 578 2495 vindocinensi
593 2434 747 2492 intermeat

245 2535 273 2582 et
288 2526 446 2599 corrigant.

95 2636 164 2707 ius,
179 2636 254 2707 eto,
266 2635 395 2696 dilectis
406 2635 520 2695 tiliis...
536 2634 663 2703 abbati,
676 2636 744 2695 el...

95 2731 745 2807 anctiAlbiniet...magistroscholarum

95 2845 158 2891 en.

95 2944 131 2987 ns
157 2928 246 2987 illins
271 2926 371 2987 Fuleo
394 2927 575 2987 canonicus
596 2926 745 2987 ecclesIee

95 3026 203 3097 soreii,
221 3024 438 3085 l'IndocInen.
458 3023 552 3085 nobis
579 3039 746 3100 exponere

95 3122 149 3191 rit,
175 3122 261 3199 quod
283 3122 443 3197 magister
466 3123 510 3181 bl.
542 3122 744 3198 capicerius,

95 3236 109 3277 s
124 3222 159 3281 et
173 3220 287 3280 Simon
303 3220 467 3290 canonici,
485 3221 518 3280 et
538 3219 672 3295 quidam
687 3217 745 3278 alii

95 3334 117 3377 n
132 3318 206 3394 ipsa
222 3318 363 3377 ecclesia
388 3317 570 3378 simoniace
594 3319 671 3378 sunt
687 3332 746 3376 re-

95 3418 148 3476 cut
162 3415 249 3475 lama
270 3415 401 3491 publica
419 3415 629 3491 protestatur.
650 3416 748 3485 Quae-

95 3529 136 3573 rm
147 3513 183 3571 in
198 3513 312 3573 eadem
324 3512 464 3573 ecclesia
481 3528 575 3588 per...
595 3512 745 3572 abbatem

95 3610 208 3669 Mariae
227 3610 357 3670 Blesen.
384 3611 416 3670 et
436 3608 580 3685 collegas
596 3626 675 3672 suos
690 3609 745 3669 di-

95 3706 220 3768 lnostri
234 3709 272 3767 R.
297 3706 385 3768 tituli
405 3707 511 3768 sancti
528 3706 688 3783 Stephani
712 3707 746 3766 in

95 3807 174 3865 onte
196 3804 380 3881 presbpteri
397 3804 578 3865 cardinalis
598 3807 676 3865 tunc
698 3805 748 3864 le-

95 3899 131 3959 is
151 3898 351 3974 spostolicae
367 3897 547 3974 delegatos,
565 3900 674 3958 minus
687 3914 747 3959 ca-

97 3997 204 4057 tatuta
214 4011 287 4055 esse
300 3997 493 4067 noscuntur,
514 4012 587 4073 quae
603 4000 747 4073 Aposto-

95 4092 255 4154 rectionis
270 4093 383 4153 limam
399 4094 590 4169 exposcunt.
605 4093 747 4170 Ideoque

95 4190 140 4250 nri
161 4191 281 4251 restrae
307 4206 367 4268 per
401 4190 591 4267 apostolica
625 4190 746 4267 scripta

95 4304 155 4357 lus,
168 4288 331 4362 quatenus
348 4286 388 4348 ad
402 4288 512 4347 locum
527 4288 748 4364 personaliter

95 4386 153 4453 les,
171 4384 329 4460 inquisita
351 4400 451 4461 super
470 4386 523 4445 lris
546 4386 619 4446 vice
635 4384 747 4445 nostra

95 4482 289 4552 inveritate,
307 4482 531 4558 appellatione
542 4486 667 4544 remota
679 4498 749 4543 cor-
781 4476 784 4481 ’

95 4580 112 4641 rt
135 4577 323 4639 reformetis
347 4578 380 4638 in
406 4578 493 4643 dieta
516 4578 657 4640 ecclesia
675 4596 748 4656 quae

95 4676 164 4736 nnis
179 4678 212 4735 et
226 4676 473 4737 reformationis
494 4676 604 4737 olilcio
620 4676 747 4736 rideri-

95 4788 168 4843 'ere,
190 4773 385 4834 reducentes
403 4774 438 4833 in
463 4774 595 4835 irritum
617 4775 646 4833 si
671 4774 748 4850 quid

97 4886 138 4931 us
153 4886 349 4946 expressum
365 4871 562 4931 inveneritis
578 4872 687 4931 minus
701 4872 747 4931 li-

95 4972 233 5029 ntatum.
257 4967 348 5039 Quod
379 4968 407 5028 si
437 4985 502 5028 non
525 4984 651 5035 omnes,
671 4971 746 5040 etc,

95 5068 194 5134 trum,
224 5067 286 5126 etc.
317 5066 435 5126 Datum
459 5064 625 5136 Laterani,
650 5067 749 5127 tertio

96 5162 250 5232 anuarii,
288 5162 498 5238 pontillcatus
527 5164 632 5223 nostri
661 5180 748 5224 anno

930 597 982 655 Ad
996 598 1192 669 episcop-um
1206 585 1477 661 Nanrrclcascai.

1108 719 1124 776 l
1136 718 1196 791 jan.
1223 721 1301 777 l‘lltl.

827 824 947 887 [Reges-t,
960 824 1005 873 lib.
1019 824 1063 885 lll,
1073 824 1146 888 epist.
1158 826 1214 875 20³.
1229 828 1286 876 diss.
1298 828 1334 877 La
1349 829 1424 877 Porto
1438 828 1471 877 du
1487 829 1580 890 raeti]

800 930 935 989 Concedit
946 930 1057 989 duobus
1070 932 1227 1001 canonicis,
1235 950 1306 1005 quos
1317 936 1433 992 exulare
1443 937 1539 1008 coegit
1549 935 1606 995 dux

836 1021 1605 1095 Britanniae,lacultatrrnpercipiendrbenedeiaeodern

836 1108 922 1165 rnodo
937 1124 971 1166 ae
986 1110 1010 1167 si
1026 1111 1054 1166 in
1075 1111 1195 1167 ecclesio
1213 1110 1381 1170 residerent.

841 1227 1019 1300 Honorius,
1041 1229 1116 1299 etc,
1140 1228 1324 1290 venorabili
1346 1230 1494 1293 fratri...
1511 1234 1605 1311 epis·
1641 1216 1644 1221 ¹

802 1340 883 1400 copo
899 1326 1099 1398 Nannelen.,
1123 1325 1275 1393 salutem.
1295 1328 1357 1389 etc.

841 1422 1085 1497 compatientes
1125 1422 1185 1483 tibi
1221 1440 1322 1499 super
1354 1426 1605 1499 gravaminibus

800 1520 832 1578 et
859 1518 1036 1594 pressuris,
1065 1519 1184 1597 quibus
1215 1520 1337 1582 nobilis
1366 1522 1455 1583 sir...
1494 1540 1604 1587 comes

800 1616 983 1677 Britanniae
994 1619 1026 1678 te
1041 1633 1080 1677 ac
1096 1616 1235 1679 clericos
1248 1620 1323 1679 tuos
1334 1619 1473 1680 exulare
1481 1620 1602 1697 coegit,

802 1712 929 1772 ‹lirobus
954 1729 997 1773 ex
1025 1716 1259 1775 concanonicis
1289 1716 1354 1776 tuis
1384 1717 1543 1793 quamdiu
1567 1719 1602 1779 in

802 1809 960 1887 obsequio
986 1814 1043 1873 tuo
1068 1810 1192 1874 luerint
1212 1813 1415 1889 percipiendi
1443 1814 1604 1877 beneilcia

801 1924 873 1977 sira,
900 1910 1174 1985 qrremadrnodurn
1200 1925 1240 1970 ea
1269 1911 1489 1988 perciperent,
1519 1913 1604 1975 siin

800 2006 941 2066 ecelesia
958 2006 991 2066 in
1012 2023 1076 2083 qua
1091 2023 1128 2067 ea
1143 2006 1293 2069 obtinent
1309 2010 1531 2084 personaliter
1543 2026 1602 2071 re-

801 2101 958 2175 siderent,
990 2104 1201 2165 concedimus
1226 2106 1427 2169 facultatem.
1459 2111 1603 2171 Contra-

801 2198 944 2261 dictores
958 2201 986 2261 si
1002 2202 1058 2278 qui
1075 2202 1198 2265 luerint
1211 2205 1264 2265 rel
1280 2204 1432 2277 rebelles,
1453 2222 1514 2283 per
1528 2224 1605 2267 cen·

802 2312 913 2357 suram
929 2298 1189 2361 ecclesiasticam
1203 2302 1428 2377 appellatione
1437 2308 1600 2377 cessante,

802 2410 1002 2471 compescas.
1022 2398 1139 2456 batum
1154 2400 1309 2459 Laterani
1332 2402 1476 2463 secundo
1498 2418 1602 2463 nonas

797 2493 957 2567 januarii,
970 2494 1180 2569 pontillcatus
1193 2496 1299 2558 nostri
1313 2514 1402 2559 anno
1417 2500 1526 2560 tertio.

865 2797 918 2854 Ad
928 2795 1132 2867 potestatem
1148 2799 1181 2858 et
1192 2801 1374 2860 reretecrsos
1387 2803 1543 2865 ‹liecests

1106 2898 1303 2957 Nucerinus.

1113 3008 1199 3080 lien.
1215 3010 1294 3067 1219.

860 3109 992 3173 [l'lreiner,
1000 3112 1063 3163 Cod.
1074 3114 1137 3176 dipl.
1150 3114 1258 3163 dominii
1267 3123 1375 3180 tempor.
1386 3118 1404 3175 l,
1413 3118 1453 3175 ts,
1463 3134 1489 3168 n.
1497 3119 1549 3184 oe]

803 3209 840 3265 Ut
851 3208 963 3266 mulieri
979 3209 1122 3282 quondam
1139 3211 1219 3269 ducis
1238 3215 1383 3285 spoletani
1400 3218 1481 3272 uxori
1493 3216 1529 3274 de
1543 3218 1604 3275 suis

1076 3298 1159 3357 bonis
1170 3300 1327 3359 intendant.

843 3406 1023 3478 Honorius,
1040 3410 1116 3479 etc„
1131 3408 1260 3471 dilectis
1274 3410 1390 3471 tiliis...
1403 3414 1556 3489 potestati
1570 3418 1603 3478 et

802 3502 968 3563 universis
983 3506 1050 3565 tarn
1075 3506 1221 3568 civitatis
1238 3524 1337 3585 quarn
1358 3509 1511 3572 dioecesis
1532 3514 1605 3575 Nu-

802 3601 935 3672 cerinae,
951 3602 1104 3675 salutem,
1121 3608 1183 3665 etc.

842 3700 1062 3760 Praesentium
1077 3701 1172 3762 vobis
1185 3703 1384 3765 auctoritate
1395 3706 1601 3780 mandamus,

802 3797 966 3870 quatenus
979 3797 1082 3858 donec
1096 3798 1136 3858 de
1146 3799 1218 3876 ipso
1234 3800 1354 3862 ducatu
1369 3803 1519 3878 plenarie
1534 3806 1605 3866 dis-

803 3908 974 3967 ponamus
988 3894 1092 3954 nobili
1108 3896 1279 3957 mulieri...
1289 3899 1386 3959 trxori
1397 3901 1601 3975 qinondam...

802 3987 895 4049 ducis
909 3990 1077 4065 Spoletani
1101 3992 1141 4051 de
1163 3993 1215 4063 iis,
1233 4010 1306 4070 quae
1323 3995 1363 4055 de
1379 3996 1513 4059 civitate
1529 4016 1605 4060 res·

803 4088 853 4146 tra
871 4102 911 4146 ac
931 4087 1089 4149 comitatu
1106 4089 1210 4165 ipsius
1225 4090 1266 4150 ad
1282 4093 1409 4153 curiam
1425 4096 1601 4169 pertinent,

803 4181 994 4249 intendatis,
1011 4184 1170 4261 episcopi,
1188 4184 1386 4248 elericorum
1400 4193 1432 4250 et
1443 4191 1605 4253 eeclesia-

802 4295 876 4339 rum
889 4295 949 4356 per
964 4282 1075 4341 omnia
1086 4285 1164 4357 Jure
1177 4283 1281 4345 salso.
1307 4288 1425 4347 Datum
1447 4289 1603 4349 Laterani

804 4378 862 4435 Vll
885 4376 959 4436 idus
967 4378 1129 4454 januarii,
1141 4395 1230 4442 anno
1245 4382 1354 4442 tertio.

808 4680 1602 4758 Adarelrtdtucoaam,coaeternaetiarnplsnauu

941 4779 1170 4849 macellaris,
1186 4780 1461 4839 catalaunenses.

1107 4892 1122 4945 7
1141 4888 1197 4945 dn.
1220 4890 1298 4945 letti.

836 4994 955 5058 [begeat.
968 4993 1013 5043 lib.
1023 4994 1066 5049 lll,
1078 4906 1150 5057 epicis.
1166 4994 1221 5042 202.
1231 4995 1288 5043 llss.
1300 4995 1336 5044 La
1345 4996 1420 5045 Parte
1433 4998 1467 5047 dn
1476 5000 1568 5063 Theti]

849 5098 964 5156 blandai
977 5106 1007 5155 ut
1022 5098 1175 5155 informent
1190 5098 1225 5155 de
1237 5101 1378 5159 electione
1394 5103 1554 5162 abbatissae.

845 5206 1021 5277 Honorius,
1044 5208 1119 5275 etc,
1141 5207 1271 5270 dilectis
1292 5210 1406 5271 liliis...
1432 5213 1601 5273 arc-bidia-

806 5320 926 5366 cono...
953 5304 1081 5365 cantori
1103 5307 1137 5367 et
1156 5306 1315 5381 magistro
1330 5310 1365 5367 P.
1389 5308 1429 5369 de
1448 5312 1601 5387 ermpris

806 5400 968 5463 canonico
984 5402 1213 5473 Catalaunen.,
1235 5404 1386 5471 salutem,
1404 5407 1465 5465 etc.

846 5501 893 5558 Ex
908 5499 1002 5574 parte
1019 5499 1211 5559 monialium
1226 5501 1366 5561 dotrien.
1377 5500 1440 5561 suit
1450 5506 1602 5581 proposi-

806 5598 873 5656 tum
904 5609 1016 5655 cerain
1048 5595 1160 5663 nobis,
1193 5597 1278 5673 qrrod
1308 5595 1402 5659 bona*
1432 5603 1600 5677 raemoriae
