3774 6186
103 244 164 306 iffi

103 403 501 482 prediolornmjudicum
528 405 706 482 recepisse,
728 405 785 465 sed
808 421 901 467 asse-

101 516 182 563 rens
195 517 235 564 se
250 503 386 580 longum
409 494 548 564 exilium
566 518 627 580 pro
646 502 799 567 libertate
820 508 902 565 Cas-

96 595 260 659 sellensis
282 596 432 660 ecelesiae
454 598 671 659 sustinentem
692 597 725 658 in
753 597 901 674 partibus

94 694 226 757 Galliae
242 695 452 768 commorari,
468 694 687 772 supplicabat,
705 696 741 756 ut
759 695 901 759 electum

92 805 380 853 consecraremus
401 791 563 861 eumdem,
578 791 629 852 vel
646 790 831 852 faceremus
860 791 901 852 ab

92 886 172 951 alio
186 888 390 961 consecrari,
413 890 472 949 ant
493 888 609 950 saltem
628 888 796 965 aliquibus
812 890 903 966 epis-

92 1001 265 1063 coporum
276 986 404 1058 Galliae,
420 989 457 1049 ut
468 986 574 1047 eidem
590 987 624 1047 in
637 989 709 1063 ejus
725 1002 902 1049 consecra-

729 246 956 306 EPISTOLAE.
980 247 1057 306 LlB.
1083 249 1135 306 IV.

1016 552 1067 610 Au
1091 551 1345 612 waldemarum
1367 566 1485 628 nepem
1500 556 1691 615 Dentonem.

1235 664 1270 722 29
1288 664 1381 722 octob.
1396 666 1474 723 l2l9.

1095 768 1195 834 [subm.
1205 771 1267 820 llist.
1289 772 1316 821 af
1336 772 1472 831 Dsnmark,
1487 774 1531 831 lx;
1546 774 1614 839 iss]

957 865 1596 946 Exhortalnrregemullovealperegrinornm
1604 875 1753 931 transitum

1115 957 1150 1014 ad
1172 957 1329 1015 subsidium
1354 962 1447 1016 Terre
1472 961 1592 1018 Sanctia

93 1082 197 1146 tione
227 1084 432 1156 assisterent,
469 1085 714 1146 mandaremus.
746 1085 901 1155 Quamvis
998 1066 1084 1126 ὓῖῐθ
1109 1067 1755 1146 Clllisilflssaefldsslslssidssassem0⁸³¹·

93 1183 219 1244 mom
236 1183 324 1244 idem
349 1182 606 1243 archidiaconus
630 1182 663 1243 jd
694 1182 801 1258 ipsum
828 1198 901 1243 cum
955 1163 1063 1233 vatur,
1075 1163 1375 1227 sicntdecetvirum
1386 1166 1584 1228 catholicum
1594 1168 1753 1230 exhibeas

98 1278 267 1342 instantia
286 1279 469 1356 postularet
492 1279 694 1356 supplicans,
720 1281 757 1341 ut
780 1278 866 1356 praes
884 1312 903 1324 .
956 1260 1585 1340 zelatorem,peregrinos,quiserristi
1596 1263 1753 1343 obsequio

98 1376 174 1439 tum
189 1380 229 1440 R
245 1377 430 1439 faceremus
445 1376 486 1438 ab
502 1376 574 1455 ipsa
592 1377 745 1445 ecclesia,
768 1378 822 1438 cui
844 1393 903 1454 per
957 1354 1184 1419 adscribentes
1196 1359 1237 1420 ad
1251 1359 1433 1421 subsidium
1450 1365 1547 1422 terrae
1561 1363 1756 1439 acquisitio-

100 1474 302 1538 vioqentiam
333 1473 477 1546 incubat,
506 1476 665 1547 amoveri,
683 1477 714 1537 01
742 1491 801 1536 „03
830 1477 902 1552 ejus
959 1453 1012 1513 nis
1028 1457 1099 1530 eJ'us
1113 1456 1147 1515 in
1160 1457 1298 1518 Livonia
1314 1473 1349 1518 se
1360 1459 1549 1535 accingunt,
1566 1476 1631 1521 non
1647 1463 1753 1522 solum

101 1574 372 1648 wmpaoeremup
384 1571 553 1633 laboribus
568 1575 602 1633 et
616 1573 772 1649 expensis
795 1595 802 1631 :
824 1572 901 1649 quja
957 1567 1024 1612 non
1035 1552 1134 1613 debes
1147 1555 1356 1631 aliquatenus
1367 1556 1550 1629 retardare,
1561 1559 1612 1618 vel
1625 1561 1754 1635 quomi-

101 1668 216 1731 qamon
231 1669 419 1746 Apostoli&
437 1669 537 1730 &des
553 1669 594 1731 ab
609 1670 902 1730 hominibusjffius
958 1665 1020 1709 nus
1042 1650 1123 1711 illuc
1148 1651 1293 1711 fldelium
1319 1653 1511 1714 deferantur
1535 1656 1753 1732 eleemosynae

99 1766 214 1843 gantis
223 1765 325 1826 falsas
338 1765 467 1828 litteras
478 1766 712 1827 exhibentibus
723 1766 901 1843 aliquando

102 1863 166 1925 fuit
180 1864 218 1924 in
231 1879 310 1924 casu
322 1863 423 1924 simili
437 1863 675 1935 circumventa,
693 1865 843 1925 eumdem
859 1865 900 1924 ad

103 1962 148 2032 te,
165 1961 223 2037 qui
238 1961 412 2022 veritatem
428 1962 552 2038 poteris
573 1961 703 2038 plenius
728 1962 898 2037 indagare,

102 2057 261 2118 duximus
277 2057 579 2128 transmittendum,
606 2057 807 2119 fraternitati
834 2060 899 2119 tuae

100 2153 164 2214 sub
179 2154 399 2216 obtestatione
415 2154 519 2215 divini
532 2155 652 2231 judicii
678 2154 899 2232 praecipiendo

101 2251 310 2319 mandantes,
342 2252 504 2329 quatenus
540 2252 666 2312 habens
700 2268 768 2329 prae
795 2252 899 2313 oeulis

101 2348 214 2409 solum
244 2352 358 2420 Deum,
387 2349 427 2410 de
454 2365 612 2426 processu
636 2349 899 2425 supradictorum

96 2446 265 2522 judicum,
283 2447 421 2519 vocatis,
436 2446 491 2524 qni
511 2446 633 2507 fuerint
650 2447 821 2516 evocandi,
837 2447 900 2507 sol·

103 2543 247 2605 licitene
262 2544 439 2620 diligenter
453 2545 615 2621 inquiras,
630 2546 663 2605 et
682 2546 710 2605 si
730 2544 898 2605 inveneris

100 2656 162 2702 eos
179 2642 326 2718 legitime
348 2643 562 2717 processisse,
588 2643 737 2719 ipsorum
764 2659 899 2719 proces-

99 2754 177 2799 sum
192 2754 258 2799 non
274 2738 409 2800 differas
425 2740 614 2800 executioni
629 2740 798 2808 mandare,
813 2756 898 2800 con-

99 2836 302 2897 tradictores
335 2853 395 2912 per
423 2836 596 2897 censuram
625 2837 895 2908 ecclesiasticam,

97 2934 326 3010 appellatione
353 2936 546 3010 postposita,
563 2935 814 3010 compescendo,
831 2952 896 2994 non

957 1747 1138 1823 impedire3
1165 1765 1279 1809 verum
1305 1751 1404 1811 etiam
1427 1755 1460 1813 et
1482 1753 1549 1812 illis
1565 1754 1753 1829 impendere

955 1845 1119 1905 auxilinm
1133 1849 1165 1907 et
1179 1848 1325 1908 favorem
1341 1851 1374 1909 et
1388 1849 1428 1909 de
1442 1851 1500 1910 tuo
1516 1849 1653 1910 deberes
1665 1851 1754 1911 elee-

956 1957 1128 2018 mosynam
1140 1960 1291 2018 erogare,
1301 1962 1373 2005 cum
1382 1949 1479 2021 juxta
1492 1946 1650 2022 sapientis
1663 1948 1755 2008 edic-

955 2041 1122 2101 tumnemo
1133 2041 1228 2102 debet
1240 2043 1415 2118 probibere
1428 2044 1529 2104 alium
1541 2044 1750 2117 benefacere,

955 2137 1012 2196 sed
1028 2137 1056 2197 si
1079 2141 1184 2213 potest
1207 2140 1345 2216 quilibet
1365 2141 1561 2202 benefacere
1586 2145 1750 2204 teneatur.

955 2234 1038 2304 Quia
1068 2235 1170 2310 igitur
1193 2237 1333 2297 salutem
1349 2241 1439 2298 tuam
1453 2243 1590 2315 paterno
1604 2241 1752 2301 zelamus

954 2332 1751 2411 affectuserenitatemregiamroganrlamduxi-
1855 2412 1858 2416 Α

954 2444 1027 2488 mus
1058 2431 1090 2491 et
1120 2432 1326 2502 hortandam,
1355 2436 1528 2509 quatenus,
1559 2436 1751 2510 peregrinos

954 2526 1057 2586 libere
1068 2528 1146 2588 illuc
1157 2531 1299 2589 transire
1312 2532 1514 2605 permittens,
1527 2547 1641 2592 eorum
1657 2534 1751 2593 tran-

953 2624 1064 2696 situm,
1082 2628 1238 2702 qnantum
1255 2626 1332 2687 inte
1349 2628 1459 2700 fuerit,
1474 2645 1541 2689 non
1556 2629 1695 2706 patiaris
1709 2630 1750 2691 ab

953 2721 1119 2799 aliquibus
1133 2724 1298 2801 impediri,
1310 2726 1355 2786 ita
1371 2727 1456 2802 quod
1473 2726 1532 2788 tibi
1549 2728 1670 2788 exinde
1680 2744 1751 2789 me·

952 2820 1052 2881 ritnm
1079 2822 1165 2898 apud
1194 2825 1296 2883 Denm
1316 2825 1350 2884 et
1377 2825 1463 2900 apud
1488 2825 1748 2886 bominescom-

952 2933 1049 2992 pares
1064 2933 1184 2980 nomeu
1206 2918 1340 2990 bonum,
1365 2937 1490 2997 nosque
1513 2923 1748 2984 celsitudinem

97 3030 309 3092 obstantibus
325 3032 456 3103 litteris,
473 3032 501 3092 si
526 3048 600 3109 quae
626 3031 766 3092 forsitan
793 3048 898 3108 appa·
951 3016 1041 3075 tuam
1058 3017 1223 3091 possimus
1239 3018 1356 3079 meliiO
1374 3020 1616 3080 COfflfflessllafe·

97 3127 230 3188 ruerint
246 3143 345 3203 super
367 3128 429 3188 boc
449 3143 468 3188 a
485 3128 569 3188 Sede
584 3126 773 3203 apostolica
800 3128 898 3189 falla·
991 3151 993 3154 ⁴

97 3225 184 3286 citer
205 3225 402 3301 impetratae,
428 3241 467 3285 ac
505 3226 662 3301 injungas
696 3226 894 3286 cassellensi

98 3321 269 3399 praedicto,
285 3322 320 3382 ut
346 3337 396 3388 ea.
414 3338 487 3398 quae
503 3323 670 3398 pertinent
696 3322 737 3382 ad
763 3322 895 3398 plenam

98 3418 342 3479 ordinationem
380 3419 576 3481 Laoniensis
618 3420 769 3481 ecclesiae
806 3420 894 3480 circa

97 3516 499 3593 ipsumarclridiaconum‚
511 3517 728 3577 sicutadeum
740 3517 892 3592 pertinet,

98 3615 313 3690 exsequatur,
328 3613 357 3674 si
369 3613 490 3690 poterit
503 3629 561 3690 per
574 3629 608 3673 se
624 3614 744 3689 ipsum,
759 3615 812 3674 rel
826 3615 895 3673 sal-

1274 3177 1420 3264 XXXII

953 3301 1004 3359 Ad
1025 3300 1169 3361 electione
1194 3302 1496 3372 suessionensem,
1526 3305 1559 3364 et
1593 3305 1745 3365 abbatem

989 3398 1108 3457 Sulwtl
1130 3401 1298 3460 lobannis
1316 3402 1353 3460 ln
1384 3402 1497 3461 Vlnets
1521 3401 1554 3461 et
1582 3403 1746 3463 oeculznln

989 3496 1284 3557 suessionensem.

1233 3610 1369 3668 29octob.
1385 3611 1462 3669 lale.

98 3710 162 3771 tem
178 3727 281 3787 super
295 3711 357 3771 boc
372 3711 555 3772 committat
572 3710 648 3771 aliis
672 3712 707 3771 in
733 3710 894 3771 Hibernia
965 3713 1072 3776 [lassus
1085 3714 1363 3770 lanibl.1tat..aneien
1383 3718 1459 3767 fonds
1474 3718 1537 3767 latin
1548 3719 1645 3781 sesan.
1659 3721 1725 3785 llo]

99 3806 149 3869 vel
176 3808 210 3868 in
235 3808 354 3883 Anglia
380 3809 471 3870 vices
497 3824 587 3869 suae.
616 3807 706 3879 Quod
726 3808 755 3867 si
779 3807 892 3868 forsan
949 3813 984 3869 Ut
999 3812 1255 3885 procedantsuper
1270 3814 1743 3888 variisquoestioulbusquascomi·

99 3904 254 3983 praesatos
265 3905 398 3983 judices
418 3905 587 3968 inveneris
604 3920 778 3982 perperam
813 3922 894 3981 pro·
982 3899 1051 3955 tissa
1062 3899 1258 3972 deCampallill
1272 3909 1301 3958 el
1311 3903 1362 3957 Tb.
1374 3901 1448 3958 llllns
1460 3905 1521 3974 ejus
1532 3902 1743 3964 babenteonua

99 4004 253 4074 cessisse,
268 4004 386 4065 audias
401 4020 473 4081 quae
489 4004 630 4081 utraque
644 4018 721 4080 pars
734 4018 793 4079 pro
803 4003 893 4063 elec·
983 3988 1122 4058 ll1¹⁰⁸d⁰¹1¹
1138 3988 1486 4047 h⁰¹1¹iss⁰⁸⁸¹1⁰⁸elflli0⁸·

99 4098 186 4161 done
200 4116 260 4161 sna
275 4099 409 4161 duxerit
423 4100 649 4178 proponenda,
665 4101 698 4160 et
723 4098 809 4175 quod
834 4116 892 4160 ca·
985 4097 1164 4168 Honorius,
1181 4101 1257 4168 etc„
1273 4098 1405 4160 dilectis
1421 4098 1536 4160 filiis...
1551 4102 1693 4163 electo...
1711 4106 1744 4164 et

100 4197 253 4259 nonicum
264 4196 375 4269 fuerit,
388 4197 611 4275 appellatione
625 4197 763 4263 remota,
776 4195 892 4258 decer·
945 4191 1056 4254 abbati
1070 4193 1182 4254 Sancti
1194 4194 1358 4256 iohannis
1373 4195 1407 4255 in
1425 4195 1539 4257 vineis
1559 4198 1592 4258 et
1615 4198 1743 4260 decano

100 4309 167 4366 uas,
190 4293 327 4366 faciens,
352 4295 437 4371 quod
460 4294 661 4364 decreveris,
687 4294 760 4357 etc..
777 4295 890 4355 Testes
945 4291 1189 4363 Suessionensi,
1206 4291 1347 4354 salutem
1362 4294 1395 4354 et
1408 4295 1623 4370 apostolicam
1638 4295 1742 4357 bene-

100 4394 218 4463 sutem,
235 4393 297 4453 etc.
323 4393 397 4453 Non
422 4392 573 4453 obstante
586 4391 821 4452 constitutione
850 4391 889 4452 de
944 4388 1133 4449 dictionem.

100 4488 222 4551 duabus
233 4488 352 4561 diaetis,
367 4493 429 4553 etc.
443 4489 497 4551 Sic
514 4492 625 4551 autem
636 4488 790 4561 sollicite,
806 4489 887 4549 dili·
983 4485 1109 4547 Dilecta
1129 4485 1163 4546 in
1186 4487 1316 4549 Christo
1341 4488 1408 4549 fllia
1426 4489 1546 4551 nobilis
1568 4491 1689 4553 mulier
1704 4495 1739 4554 Β.

101 4587 210 4661 mter
229 4588 263 4648 et
276 4602 358 4663 pure
373 4586 408 4647 in
422 4587 554 4662 negotio
572 4586 644 4663 ipso
660 4586 830 4662 procedas,
848 4602 889 4647 ne
943 4584 1112 4645 comitissa
1126 4586 1158 4644 et
1168 4583 1309 4646 dilectus
1320 4585 1408 4646 filius
1422 4587 1542 4647 nobilis
1556 4588 1618 4658 vir,
1632 4605 1740 4650 comos

101 4683 133 4745 le
146 4683 286 4758 indigno
302 4683 415 4745 favore
434 4683 565 4759 praelati
591 4687 630 4745 R.
656 4699 715 4743 seu
745 4684 888 4744 aliorum
943 4681 1142 4756 Campaniae,
1158 4683 1254 4742 natus
1267 4685 1556 4757 elus,transmissa
1573 4685 1668 4745 nobis
1681 4703 1740 4763 pe-

101 4778 264 4841 nominum
277 4796 346 4841 suae
361 4780 508 4856 gentina
520 4780 638 4856 quibus
650 4779 887 4841 Hibernienses
942 4777 1057 4838 titione
1072 4779 1308 4849 monstrarunt,
1327 4780 1411 4855 quod
1427 4781 1739 4859 cumvariasquaes-

101 4875 336 4952 serenissime
350 4891 390 4938 ae
408 4876 620 4954 iniquissime
640 4875 782 4952 opprimi
803 4892 886 4937 eon·
940 4873 1059 4946 tiones,
1069 4890 1151 4951 quas
1160 4874 1282 4936 habent
1290 4878 1405 4936 contra
1418 4877 1578 4952 quosdam
1587 4877 1738 4941 homines

102 4976 288 5050 queruntur,
311 4973 466 5034 notabilis
490 4973 583 5034 reddi
605 4973 723 5049 possis,
750 4990 825 5034 cum
851 4974 885 5036 in
941 4986 1019 5030 suos
1034 4972 1067 5032 et
1081 4970 1284 5041 alios,bonae
1309 4972 1478 5032 memoriae
1502 4964 1735 5037 suessionensi

102 5070 283 5149 cuiusmodi
302 5068 463 5150 (negotio)
479 5086 610 5132 cessare
623 5069 719 5131 debet
732 5072 886 5149 ¹acceptio
941 5068 1095 5145 episcopo
1105 5083 1143 5128 ao
1155 5067 1260 5139 vobis,
1270 5068 1330 5128 tllil
1340 5069 1441 5129 abbas
1451 5069 1737 5142 etdecane,duxe·

102 5182 321 5229 lersonarum.
942 5165 1045 5225 rimus
1070 5164 1337 5236 committendas,
1360 5166 1434 5242 ipso
1457 5168 1613 5245 episcopo
1635 5169 1735 5231 rebus

126 5266 249 5327 Datum
271 5264 425 5337 viterbii,
443 5267 487 5326 lll
503 5266 664 5326 kalendas
684 5265 883 5338 novembris,
940 5261 1096 5322 humanis
1111 5264 1264 5339 exempto
1279 5263 1312 5324 et
1323 5266 1366 5334 te,
1382 5263 1430 5324 dli
1443 5264 1560 5336 electe,
1574 5265 1607 5325 in
1624 5281 1735 5342 quaes·

102 5363 306 5425 nubdcatus
321 5363 425 5426 nostrl
442 5379 529 5424 anno
543 5367 671 5440 quarto.
939 5358 1085 5420 tionibus
1118 5359 1199 5435 ipsis
1229 5363 1306 5421 ante
1332 5363 1617 5424 consecrationem
1641 5365 1733 5425 tuam

940 5455 1118 5533 procedere
1132 5455 1304 5518 dubitante
1327 5457 1444 5519 eodem
1464 5474 1577 5519 eorum
1601 5460 1635 5520 in
1651 5476 1734 5537 prae·

934 5552 1097 5630 judicium
1123 5556 1355 5614 remanserunt
1381 5554 1540 5615 hactenus
1562 5556 1729 5623 indecisae.
