3774 6186
112 277 194 346 ,277
756 279 983 342 EPISTOLAE.
1006 281 1085 340 LIB.
1109 283 1164 341 lv.
1721 279 1781 342 278

134 434 369 498 331313133313
395 451 469 498 esse
491 436 696 512 dignoscitur
720 437 928 508 constitutus,
986 453 1077 513 ergo,
1098 441 1135 500 ut
1164 440 1206 500 ad
1233 456 1347 502 curam
1376 441 1524 504 omnium
1547 438 1779 515 temporalium

136 532 215 592 dum
243 532 368 594 1313113
392 534 573 610 apostonci
595 533 742 595 brachiis
764 536 932 598 sustenta·
985 536 1193 608 interiorum,
1211 540 1243 598 et
1263 539 1478 609 exteriorum,
1510 553 1597 598 unus
1623 535 1779 598 cellarius

134 628 327 701 133133111,
367 630 531 701 roborari,
565 631 746 706 adjuvante
779 632 929 701 Domino,

134 725 258 796 valeat,
275 728 307 789 et
318 727 488 802 suscipere
498 728 750 789 incrementum.

176 823 279 898 Regis
304 823 416 900 itaque
456 825 751 901 supplicationibus
778 826 931 888 inclinati

136 936 314 995 personam
325 920 413 997 regis
424 922 583 999 ejusdem,
596 939 734 998 ragnum
742 924 930 999 aragoniae,

134 1021 261 1078 terram
275 1019 468 1090 cataloniae,
485 1019 611 1091 villam,
632 1024 663 1084 et
689 1022 813 1081 terram
836 1004 933 1082 Monss

135 1115 363 1191 tispessulani,
380 1132 454 1178 cum
470 1117 623 1178 omnibus
645 1117 721 1179 aliis
744 1117 839 1178 bonis
861 1118 931 1178 suis

135 1228 211 1288 quae
219 1212 254 1272 in
262 1214 513 1290 praesentiarum
522 1215 930 1291 rationabiliterpossidet,

135 1308 189 1369 vel
218 1308 255 1370 in
285 1309 433 1372 1111313111
461 1312 561 1389 iustis
596 1312 714 1384 modis,
751 1314 932 1388 1131313313

134 1407 288 1478 Domino,
302 1408 424 1484 poterit
437 1407 589 1485 adipisci,
608 1408 669 1471 sub
684 1409 773 1471 beati
793 1410 883 1470 Petri
899 1410 933 1471 et

136 1505 249 1564 nostra
274 1505 479 1581 protectione
499 1507 716 1583 suscepimus.
738 1509 837 1577 Sane,
854 1507 930 1584 quia

136 1600 177 1659 de
189 1602 247 1661 tua
270 1599 445 1663 devotione
468 1602 623 1664 11133133
639 1604 787 1678 gerimus
803 1603 934 1679 specia-

136 1697 214 1769 lem,
231 1695 280 1758 sic
293 1697 326 1759 te
344 1697 516 1759 nobiscum
536 1700 700 1761 credimus
729 1701 929 1770 unanimem,

137 1795 267 1870 utquos
282 1793 451 1870 diligimus
472 1796 507 1856 in
522 1796 661 1858 Domino
682 1797 814 1874 diligas,
838 1796 934 1858 illos-

137 1907 202 1967 que
218 1891 341 1963 131333,
356 1907 430 1952 curn
445 1893 526 1954 ordo
536 1893 651 1970 exigat
673 1895 826 1965 rationis,
850 1896 887 1956 ut
900 1895 933 1956 et

139 1986 287 2049 membra
302 1988 524 2065 respondeant
538 1991 651 2068 capiti,
667 1993 700 2054 et
712 1995 823 2068 partes
846 2008 932 2053 con-

136 2085 274 2145 veniant
290 2101 351 2146 suo
373 2086 443 2147 toti.
466 2089 571 2161 Quum
594 2088 697 2163 igitur
713 2089 801 2150 inter
823 2090 932 2151 terras

137 2180 246 2259 ipsius
258 2183 358 2257 regis,
375 2185 409 2245 et
422 2186 541 2256 terras,
555 2201 631 2260 qum
656 2185 691 2245 in
717 2185 930 2258 Massiliensi,

137 2281 172 2338 et
198 2279 363 2340 1111111333
391 2276 586 2356 1131133113,
615 2283 810 2345 auctoritate
837 2284 932 2345 Sedis

137 2375 340 2450 apostolicae
377 2375 576 2449 detinentur,
613 2381 768 2455 tanquam
806 2379 932 2442 firmari

142 2471 422 2545 mandaverimus,
439 2476 473 2536 31
486 2476 630 2547 3311311,
651 2476 842 2538 discretioni
866 2480 932 2538 tum

138 2583 201 2643 per
213 2569 403 2645 Apostolica
418 2571 541 2648 scripta
554 2572 758 2642 mandamus,
771 2574 932 2650 quatenus

139 2664 265 2724 dictum
278 2682 389 2742 regem
406 2669 576 2744 parentem
589 2669 753 2729 mandatis
766 2670 934 2745 Apostoli·

140 2761 190 2822 cis
206 2762 240 2822 in
257 2763 435 2840 1133113113,
452 2768 609 2842 tanquam
624 2766 801 2842 specialem
814 2767 932 2829 Eccle-

137 2859 199 2920 siae
236 2861 394 2922 Romana
433 2860 549 2932 illium,
576 2861 702 2924 babens
735 2865 932 2940 propensius

137 2957 414 3028 commendatum,
432 2959 539 3019 terras
554 2974 643 3031 suas,
657 2961 841 3035 praesertim
857 2977 932 3023 cum

137 3052 271 3115 13133131
295 3071 361 3115 333
385 3055 452 3117 3131
478 3055 634 3117 baeretica
658 3058 834 3132 pravitate,
866 3073 932 3120 non

137 3150 278 3225 patiaris
313 3150 355 3212 ab
382 3151 494 3232 aliquo
520 3153 720 3229 impugnari.
751 3154 831 3231 quin
865 3156 932 3217 imo

138 3249 355 3311 manuteneas
368 3264 443 3309 eum
462 3249 585 3321 taliter,
601 3253 634 3310 et
655 3249 824 3322 delendas,
846 3253 932 3329 quod

139 3343 228 3404 idem
245 3348 465 3406 1313331133
480 3362 580 3423 penes
590 3349 623 3408 te
638 3346 701 3408 sibi
716 3348 838 3409 sentiat
850 3364 933 3423 gre-

139 3443 223 3503 tiam
253 3442 432 3503 efficaciter
464 3442 686 3520 profuturam,
713 3448 747 3507 et
780 3461 841 3507 333
866 3447 933 3508 1133

138 3536 388 3610 sollicitudinis,
405 3540 438 3600 et
451 3539 633 3614 diligentiae
653 3540 798 3602 studium
823 3541 932 3617 dignis

138 3635 308 3711 possimus
323 3635 357 3697 13
372 3637 511 3697 Domino
522 3636 675 3697 laudibus
688 3639 932 3701 commendare.

136 3734 259 3794 natum
278 3735 392 3804 Reate,
409 3735 467 3794 Vll
488 3732 648 3795 113133133
666 3736 810 3811 augusti,
823 3739 935 3814 ponti·

136 3831 258 3890 ticatus
272 3830 377 3890 nostri
391 3846 479 3891 anno
495 3832 548 3892 tv.

517 3981 559 4068 ΙΙ

178 4104 231 4171 ad
246 4104 448 4166 abbatemet
467 4106 672 4166 3333331133
689 4106 894 4167 3333313111

439 4205 633 4275 1311311111.

424 4315 458 4372 17
482 4314 545 4389 julii
570 4315 649 4383 1111.

291 4418 633 4484 [1311311111.11311.1133111.,
649 4427 667 4472 1.
683 4421 714 4476 ll.
727 4420 795 4485 aad]

986 634 1176 694 assumatur
1190 635 1245 710 qul
1261 635 1417 705 decimas,
1435 635 1629 706 mortuaria,
1645 633 1779 710 pensio-

986 745 1056 800 nes,
1069 746 1128 790 seu
1143 746 1273 803 census,
1284 734 1317 792 et
1331 733 1409 802 alia,
1427 749 1499 808 quae
1513 731 1776 807 deagricultura‚

985 827 1039 887 131
1055 828 1283 905 undecumque
1309 829 1517 905 proveniant,
1536 827 1674 905 recipiat
1698 827 1777 886 uni-

988 940 1102 999 versa;
1119 925 1216 1002 eique
1238 926 1279 986 ad
1308 926 1462 988 solatium
1487 926 1689 1001 adjiciantur
1714 924 1778 984 duo

987 1022 1140 1082 monachi
1157 1023 1234 1084 boni
1250 1024 1443 1094 testimonii,
1460 1025 1494 1085 et
1516 1021 1780 1083 administratio·

986 1120 1038 1179 nis
1071 1118 1228 1195 probatae.
1267 1121 1421 1197 idemque
1461 1119 1674 1191 cellerarius,
1703 1133 1779 1178 cum

986 1216 1114 1276 abbatis
1134 1218 1166 1278 et
1180 1218 1324 1277 sanioris
1340 1217 1443 1293 partis
1464 1219 1647 1279 conventus
1669 1215 1781 1276 consi-

987 1313 1043 1382 lio,
1062 1315 1162 1389 ponat
1175 1316 1355 1389 1131333113
1368 1314 1483 1374 fideles
1497 1314 1637 1383 balivos,
1659 1328 1679 1372 3
1699 1313 1780 1389 qui·

986 1409 1048 1469 bus
1060 1410 1251 1487 frequenter
1264 1410 1404 1487 recipiat
1417 1411 1592 1481 rationem,
1610 1412 1642 1471 et
1661 1408 1778 1470 iratri-

986 1506 1294 1578 11131331311313,
1312 1523 1410 1585 quam
1425 1508 1517 1567 sanis
1535 1506 1724 1567 3333333113
1744 1505 1779 1565 13

986 1603 1273 1681 11313113111331,
1289 1605 1321 1666 31
1345 1604 1478 1665 1331113.
1503 1603 1552 1665 Ab
1570 1603 1644 1680 ipso
1666 1603 1778 1673 etiam,

987 1701 1137 1773 sacrista,
1148 1701 1397 1777 hospitalarius,
1412 1698 1782 1761 31311113131131333111-

987 1798 1228 1869 31313313333,
1242 1799 1416 1874 recipiant,
1435 1797 1616 1858 secundum
1636 1795 1780 1857 1333113-

987 1898 1036 1957 133
1059 1895 1220 1966 ecclesiae,
1233 1910 1308 1971 quae
1330 1895 1520 1956 necessaria
1545 1896 1632 1964 3331,
1659 1891 1780 1954 31333

987 1993 1096 2053 cilicia
1116 1993 1345 2068 exsequenda3
1370 1991 1532 2053 reddituri
1556 1991 1597 2050 de
1624 1989 1777 2065 receptis,

987 2089 1509 2165 3131133313,311333311313113,
1522 2104 1635 2149 coram
1648 2086 1777 2156 abbate,

987 2183 1781 2262 singulismensibusrationem.lpseverocelle-

987 2283 1156 2343 13113313
1180 2282 1356 2359 praesentia
1384 2282 1513 2343 abbatis
1541 2283 1574 2343 et
1599 2283 1781 2343 conventus

989 2379 1207 2456 praesentibus
1222 2379 1286 2451 bis,
1303 2379 1401 2456 quiei
1420 2379 1568 2455 deputati
1592 2378 1716 2438 1331131
1738 2375 1778 2436 31

988 2477 1153 2547 solatium,
1163 2476 1197 2537 et
1211 2476 1287 2536 aliis
1302 2476 1636 2543 officialibusdomus,
1651 2488 1781 2533 necnon
1868 2523 1876 2532 .

986 2573 1106 2633 balivis
1121 2573 1365 2642 castrorum,de
1379 2570 1542 2640 omnibus,
1558 2585 1632 2646 quae
1645 2585 1782 2646 recepe-

987 2671 1041 2742 rit,
1052 2669 1258 2747 expenderit,
1271 2669 1386 2730 reddat
1397 2668 1538 2744 singulis
1547 2667 1675 2728 duobus
1686 2680 1781 2726 men·

987 2767 1079 2827 sibus
1105 2768 1279 2828 rationem.
1307 2765 1462 2827 113333111
1489 2779 1569 2825 1313
1594 2764 1635 2827 13
1663 2762 1783 2824 3331113

988 2865 1185 2925 1313333131
1199 2864 1240 2923 31
1255 2863 1447 2933 313331133,
1465 2862 1498 2922 31
1512 2861 1596 2921 33111
1616 2859 1780 2921 monacho

988 2963 1132 3022 castrum
1166 2960 1297 3035 aliquod
1326 2957 1467 3019 ulterius
1493 2957 1727 3018 committatur.
1750 2959 1781 3016 A

987 3056 1215 3133 praeposituris
1242 3056 1354 3127 etiam,
1380 3057 1417 3115 in
1460 3054 1579 3131 quibus
1607 3052 1783 3130 pauciores
1836 3051 1864 3069 ⁸

988 3171 1086 3231 quam
1105 3155 1245 3230 quatuor
1270 3153 1424 3213 monachi
1452 3152 1698 3212 commorantur
1727 3149 1782 3210 131

988 3252 1093 3322 331113,
1111 3253 1143 3312 31
1157 3250 1234 3311 31113
1248 3249 1411 3319 ecclesiis,
1427 3248 1469 3309 31
1481 3248 1663 3309 claustrum
1673 3246 1780 3307 nibil-

988 3344 1780 3424 ominusrevocentur.Ipsiqueprioratus,cellae,

988 3461 1047 3507 seu
1062 3445 1223 3515 ecclesiae,
1240 3445 1400 3519 regantur
1413 3458 1473 3520 per
1484 3443 1625 3503 clericos
1639 3440 1782 3503 saecula-

988 3559 1052 3614 res,
1082 3542 1124 3603 ab
1151 3541 1270 3603 abbate
1300 3541 1486 3617 ponendos3
1517 3539 1571 3600 cui
1605 3539 1782 3600 teneantur

988 3639 1123 3701 vinculo
1133 3639 1315 3716 jnramenti
1330 3638 1466 3700 etabeo
1494 3637 1598 3699 libere
1617 3651 1782 3697 1313333-

987 3739 1052 3807 tur,
1069 3752 1144 3797 cum
1154 3735 1276 3797 viderit
1288 3735 1457 3811 expedire.
1475 3738 1580 3795 Porro
1601 3733 1783 3794 dioecesani

988 3833 1147 3910 episcopi,
1163 3832 1290 3894 1313111
1314 3832 1533 3894 ecclesiastici
1558 3830 1688 3908 praelati
1715 3846 1783 3892 non

989 3931 1063 4008 plus
1078 3930 1141 3990 sibi
1157 3929 1327 3992 vindicent
1340 3929 1376 3990 in
1392 3929 1514 3990 talibus
1529 3928 1672 4000 clericis,
1684 3942 1783 4004 quam

988 4029 1023 4089 in
1052 4026 1235 4096 monachis,
1263 4025 1320 4103 qni
1349 4024 1557 4102 ponebantur
1592 4024 1727 4096 ibidem,
1755 4025 1784 4084 si

989 4125 1233 4186 consueverant
1256 4123 1439 4184 vindicare.
1468 4123 1538 4185 Nec
1555 4121 1783 4198 prepositure

989 4224 1081 4300 ipsae,
1093 4222 1197 4292 331133,
1211 4221 1264 4283 131
1280 4220 1430 4282 ecclesiae
1449 4219 1484 4280 13
1507 4218 1669 4281 beneflcio
1682 4218 1784 4279 alicui

989 4320 1224 4382 concedantur.
1234 4320 1305 4379 Hoc
1313 4320 1423 4378 autem
1432 4317 1590 4379 statutum
1602 4316 1643 4376 de
1653 4331 1785 4393 praepo-

989 4417 1113 4489 3113113,
1124 4430 1227 4494 usque
1238 4415 1278 4477 ad
1291 4416 1472 4477 triennium
1483 4414 1687 4486 observetur,
1696 4413 1783 4475 etex

138 4518 195 4574 Ρ13
226 4516 427 4575 reformatione
458 4519 623 4575 monasterii
653 4518 797 4577 Ferlenels
828 4525 933 4576 statuta
988 4518 1067 4576 tunc
1077 4529 1178 4591 super
1187 4513 1240 4574 his
1252 4513 1295 4574 ad
1308 4515 1494 4575 Romanum
1509 4510 1703 4574 Pontificem
1723 4525 1782 4572 13-

282 4612 442 4678 opportnue
453 4605 631 4664 observanda
648 4609 790 4680 proponit.
989 4615 1154 4673 curratur,

179 4713 348 4775 Honorius
362 4713 537 4789 episcopus
547 4729 664 4775 servus
673 4729 844 4776 servorum
862 4715 932 4786 Dei,
1029 4709 1138 4771 Abbas
1153 4705 1785 4781 3313313133113131133,33311313113-

138 4809 273 4871 dilectis
294 4810 372 4869 tiliis
387 4809 509 4880 abbati,
524 4814 557 4872 et
568 4811 744 4873 conventui
760 4812 893 4872 Farlen.
989 4806 1228 4887 (133311313113,
1244 4803 1391 4866 debitum
1410 4803 1543 4881 aliquod
1566 4803 1785 4863 333333113-

178 4907 228 4968 Ad
269 4907 538 4968 reformationem
589 4909 784 4969 monasterii
831 4909 934 4971 vestri
990 4907 1130 4977 hetnae
1145 4901 1303 4972 13133131,
1320 4899 1782 4975 neclocet,necimpign0ret,

139 5004 232 5065 tanto
248 5003 424 5068 sollicitius
437 5004 655 5079 intendentes,
673 5005 936 5082 quantospecia-
989 5019 1052 5064 nec
1076 5002 1173 5063 modo
1199 4999 1346 5077 quolibet
1360 4998 1494 5070 alienet,
1516 4997 1558 5059 de
1577 4997 1619 5058 iis
1642 5012 1716 5075 qum
1735 4998 1785 5057 in·

139 5102 207 5164 lius
227 5102 268 5165 31
291 5101 514 5178 apostoticam
531 5102 648 5165 sedem
669 5103 818 5164 noscitur
831 5103 936 5180 perti-
988 5100 1139 5163 consulte
1153 5102 1302 5161 Romano
1312 5096 1472 5156 Pontiflce
1482 5096 1622 5158 alienari
1634 5097 1782 5172 possunt,

140 5215 231 5271 nere,
248 5200 372 5261 statuta
382 5199 583 5276 1133113313
595 5198 732 5261 nauum
745 5201 934 5262 nostrorum
989 5201 1061 5259 sine
1086 5198 1214 5267 notitia,
1237 5197 1271 5256 et
1283 5193 1521 5271 approbatione
1536 5194 1729 5255 conventus.
1747 5193 1782 5253 si

139 5296 282 5359 consilio
294 5295 450 5361 duximus
465 5295 630 5367 iacienda,
642 5297 702 5373 per
711 5312 784 5373 1133
793 5297 937 5360 fideliter
989 5311 1068 5358 vero
1091 5293 1300 5363 cellerarius,
1323 5292 1376 5353 vel
1396 5291 1506 5369 quivis
1524 5292 1612 5352 alius
1632 5289 1784 5351 officialis

140 5395 331 5463 observata,
356 5392 593 5454 monasterium
618 5394 737 5469 ipsum,
767 5397 934 5457 annuente
988 5395 1143 5454 inventus
1172 5391 1272 5451 luerit
1303 5390 1391 5450 male
1423 5388 1690 5458 administrasse,
1724 5403 1785 5464 per

141 5492 292 5562 Domino,
307 5493 340 5551 et
354 5489 591 5566 temporalibus
606 5491 797 5562 commodis,
818 5493 851 5553 et
866 5492 936 5569 spi·
988 5491 1152 5558 abbatem,
1173 5491 1336 5565 praesente
1353 5487 1531 5556 conventu,
1558 5500 1578 5544 a
1598 5498 1659 5545 suo
1674 5499 1786 5546 remo-

139 5587 318 5650 ritualibus
338 5587 488 5663 proilciat
508 5587 730 5648 incrementis.
753 5589 934 5650 statuimus
989 5594 1106 5651 veatur
1120 5586 1241 5655 3111313,
1268 5585 1309 5646 31
1325 5584 1453 5659 nullum
1482 5583 1521 5642 de
1545 5583 1786 5643 3313133333-
