3774 6186
116 308 172 370 lsi
734 303 910 364 uououll
932 303 977 363 111
999 303 1148 365 OPERA.
1707 311 1754 371 ¹52

124 510 130 517 -
155 466 373 528 presentium
393 464 487 526 uobis
502 463 699 525 auctoritate
715 462 911 525 mandamus
966 479 1133 540 exponere
1152 469 1364 529 curaverunt.
1388 470 1476 529 Sane
1490 469 1570 530 licet
1588 467 1753 545 providere

116 562 476 640 quatenusomniatam
493 559 913 636 mobilia,quamimmobl·
966 561 1060 622 vobis
1088 563 1128 624 de
1156 565 1288 640 pastore
1319 565 1439 626 idoneo
1467 566 1664 642 cupiamus;
1687 566 1753 641 quia

115 661 172 731 lia,
190 677 262 738 quae
277 660 392 721 domus
406 659 675 721 Grandimonten.
691 659 724 719 el
735 656 911 733 ejuscellae
965 661 1076 720 tamen
1096 662 1308 733 examinatis,
1325 663 1412 725 sicut
1423 664 1510 739 juris
1525 664 1558 725 et
1576 663 1682 724 moris
1702 666 1751 734 est,

116 757 151 818 in
176 758 372 820 dioecesibus
395 758 613 818 consistentes
626 755 775 816 obtinent
795 756 910 815 contra
966 759 1091 819 nuntiis
1125 760 1246 821 vestris
1270 775 1370 836 super
1392 761 1556 822 electione
1588 777 1689 837 quam
1721 762 1754 822 de

117 872 187 917 suae
200 855 484 931 regulaeiustituta
499 853 629 914 faciatis
640 852 745 922 vobis,
756 852 911 912 Ecclesiae
966 855 1086 916 dilecto
1101 857 1170 917 tilio
1185 859 1223 916 V.
1238 858 1332 932 regni
1354 859 1532 934 Hungariae
1560 857 1754 919 cancellario

117 956 274 1014 Romanae
286 954 430 1024 nomine,
439 951 615 1028 assignari,
625 951 658 1011 et
667 949 835 1011 distractis
846 965 913 1010 mo·
966 953 1170 1024 celebrastis,
1195 953 1290 1031 plene
1308 954 1404 1015 nobis
1419 956 1460 1015 de
1475 955 1675 1032 quibusdam
1697 971 1752 1016 non
1813 1006 1815 1031 ,

116 1049 240 1111 bilibus
253 1068 329 1112 cum
345 1051 485 1112 consilio
497 1050 684 1125 aliquorum
698 1062 742 1108 ex
755 1046 912 1108 tratribus
968 1051 1082 1127 potuit,
1100 1067 1172 1128 quae
1197 1068 1263 1113 nou
1283 1054 1361 1114 sunt
1383 1053 1416 1113 in
1434 1053 1497 1113 hoe
1516 1053 1652 1128 negotio
1667 1056 1752 1129 post·
1812 1040 1815 1113 l

117 1165 199 1226 quos
222 1148 313 1225 prior
329 1148 371 1210 ad
387 1148 449 1208 hoc
470 1146 603 1207 duxerit
624 1144 838 1222 deputandos,
855 1160 914 1205 eo-
967 1149 1130 1224 ponenda,
1153 1149 1293 1226 liquere,
1311 1164 1459 1211 annuere
1473 1150 1515 1211 ad
1530 1166 1684 1227 praesens
1698 1166 1754 1211 ne·
1813 1200 1815 1215 .

117 1261 190 1306 rum
206 1247 359 1322 pretium,
379 1261 418 1306 ac
433 1244 615 1305 immobilia
631 1242 736 1319 ipsius
756 1241 912 1302 Ecclesiae
968 1247 1134 1323 quivimus
1158 1248 1244 1308 votis
1269 1248 1401 1309 vestris.
1426 1249 1590 1320 Quocirca
1618 1263 1758 1324 praesen·
1813 1228 1815 1305 ἶ

119 1346 278 1405 Romanae
288 1341 570 1403 uominelldeliter
578 1339 793 1410 conservetis,
810 1339 914 1401 donec
968 1344 1050 1404 tium
1061 1343 1155 1404 vobis
1168 1346 1366 1407 auctoritate
1384 1345 1590 1417 mandamus,
1604 1347 1757 1422 quatenus

118 1440 158 1503 de
180 1440 260 1517 ipsis
275 1440 315 1500 ad
339 1439 514 1501 utilitatem
536 1436 844 1499 Grandimonteusis
858 1452 915 1496 or·
968 1441 1098 1517 aliquos
1113 1458 1156 1502 ex
1167 1442 1261 1503 vobis
1274 1459 1348 1502 cum
1360 1442 1548 1520 patentibus
1558 1443 1682 1505 litteris
1691 1460 1758 1504 ves-

118 1537 206 1597 dinis
221 1537 521 1599 aliterduxerimus
533 1535 782 1613 providendum.
796 1535 913 1596 Datum
969 1539 1041 1610 tris,
1063 1540 1120 1616 qui
1136 1556 1236 1617 super
1251 1541 1442 1618 provisione
1458 1542 1602 1618 pastoris
1618 1542 1758 1602 omnium

119 1634 273 1696 Laterani
286 1637 327 1696 IV
339 1650 445 1696 nonas
462 1634 573 1695 martii
587 1632 797 1709 pontificatus
809 1632 913 1693 nostri
970 1637 1059 1697 vices
1074 1643 1201 1713 gerant,
1222 1654 1429 1716 unocumque
1445 1639 1604 1716 praedicto
1629 1654 1650 1699 a
1674 1639 1759 1700 vobis

120 1748 208 1794 anuo
224 1732 333 1794 terlio.
970 1735 1074 1796 electo
1089 1736 1130 1795 ad
1153 1737 1299 1797 nostram
1320 1737 1443 1798 curetis
1458 1737 1672 1813 praesentiam
1687 1737 1760 1797 des-

424 1846 615 1933 CXXXIX
970 1833 1089 1905 tinere,
1107 1835 1143 1895 ul
1163 1835 1212 1895 sic
1231 1850 1332 1910 super
1346 1835 1409 1895 hoe
1422 1833 1590 1894 salubrius
1606 1834 1762 1910 proceda-

219 1983 272 2043 Λα
286 1984 462 2043 Androm
477 1996 595 2058 mem
608 1981 814 2055 mmm·
971 1933 1035 1992 tur.
1052 1932 1169 1993 Datum
1189 1933 1343 1995 Laterani
1366 1934 1407 1993 IV
1423 1948 1529 1993 nonas
1544 1934 1659 1994 martu
1679 1947 1762 1993 anno

415 2095 529 2152 interl.
546 2095 625 2152 lale.
971 2029 1080 2090 Μία
1309 2138 1426 2225 CXLI

215 2202 345 2266 [Thamar.
357 2202 470 2251 Manum.
482 2199 625 2264 Hungaria,
640 2200 660 2257 1,
675 2199 714 2255 lt,
728 2210 756 2247 n·
766 2199 818 2259 aa]
1168 2231 1171 2239 .

123 2303 164 2359 ne
180 2300 361 2357 matrimonio
377 2299 594 2372 llliiilungariae
608 2296 687 2371 regie
700 2312 766 2354 eum
779 2298 917 2355 Armeno·
971 2277 1023 2336 Ad
1044 2277 1332 2348 archiepiscopos,
1355 2275 1540 2348 episcopos,
1570 2272 1710 2333 abbate-t
1734 2272 1763 2332 ⁶²

1111 2375 1197 2434 otios
1211 2373 1433 2433 ecclesiarum
1446 2370 1627 2443 prelatos.

158 2405 220 2447 rum
239 2392 315 2464 regis
338 2389 405 2458 lilia,
420 2388 513 2462 deque
529 2385 712 2444 successione
729 2389 758 2443 in
773 2385 918 2443 Arureniae

1265 2484 1377 2541 imart.
1395 2483 1474 2539 lale.

159 2495 291 2553 regnum.

1004 2591 1126 2655 [namt.
1134 2590 1312 2655 lib.lll,epist
1324 2589 1379 2639 als.
1392 2589 1450 2639 lise.
1461 2590 1500 2640 Le
1509 2589 1586 2641 Forte
1597 2586 1636 2638 du
1645 2588 1740 2654 rhet]

164 2588 329 2650 Honorius
362 2589 548 2664 episcopus,
580 2586 656 2656 etc,
680 2583 854 2646 carissimo
883 2582 917 2643 in

52 2675 72 2691 ⁸
123 2685 255 2747 ChliSiO
282 2685 350 2746 [¹¹10
376 2689 414 2746 Α·
441 2684 511 2759 regi
537 2685 770 2758 Hssssgafflfflffi
796 2680 918 2741 illu-*tsi
974 2699 1009 2755 Ut
1024 2697 1129 2755 iaciant
1143 2698 1292 2754 restituere
1306 2695 1379 2752 boue
1393 2695 1632 2767 direptaedomo
1648 2695 1766 2753 Grandi·

1159 2785 1301 2843 rnontensi
1316 2792 1345 2841 et
1368 2799 1403 2841 ex
1418 2782 1582 2856 eiuseellis.

126 2784 278 2854 salutem,
295 2786 358 2844 ete.

126 2942 129 2946 .
166 2883 246 2940 Cum
262 2880 348 2941 sicut
361 2882 427 2941 tam
451 2895 493 2939 ex
508 2878 574 2940 tuis
589 2894 688 2954 quam
703 2874 866 2937 carissimi
883 2874 919 2935 in

127 2977 258 3039 Christo
280 2977 342 3038 lllii
364 2977 468 3038 nostri
484 2978 518 3036 L.
535 2975 699 3037 Armeniae
713 2974 801 3050 regis
823 2972 920 3032 illus-

125 3075 187 3136 tris
202 3074 322 3153 litteris
341 3073 576 3144 intelleximus,
602 3073 692 3134 inter
704 3073 737 3133 te
753 3088 792 3132 ac
806 3086 919 3146 regem

124 3172 318 3250 praedictum
332 3171 536 3242 convenerit,
560 3172 595 3232 ut
608 3171 705 3231 uatus
721 3170 797 3230 tuus
812 3167 919 3245 ipsius

126 3268 229 3329 liliam
243 3268 387 3344 accipiat
400 3268 434 3328 iu
446 3284 595 3338 uxorem,
608 3267 655 3328 ita
671 3267 707 3326 ut
725 3265 832 3325 eidem
848 3263 918 3338 regi

125 3365 254 3427 ratione
275 3365 353 3425 llliae
378 3381 447 3425 suae
468 3367 566 3440 prout
580 3363 688 3423 baeres
710 3360 866 3421 succedat
885 3359 920 3420 in

126 3479 265 3538 reguum
289 3461 462 3523 habiturus
488 3460 567 3520 illud
591 3461 659 3521 toto
682 3463 830 3535 tempore
844 3458 920 3517 vitae

128 3576 208 3631 suae,
225 3560 254 3619 si
270 3560 370 3620 etiam
385 3558 556 3633 contingat
576 3574 649 3619 eam
670 3556 830 3617 decedere
845 3556 921 3615 ante

127 3673 226 3734 quam
249 3657 444 3717 traducatur
465 3655 506 3716 ab
528 3655 607 3727 illo;
624 3670 695 3725 noe,
711 3653 797 3730 quod
822 3667 922 3728 super

981 2942 985 2949 .
1014 2895 1196 2965 Honorius,
1224 2896 1303 2963 etc,
1332 2891 1580 2953 venerabilibus
1615 2890 1769 2953 fratribus

974 2991 1244 3068 archiepiscopis,
1261 2991 1294 3053 et
1305 2990 1479 3066 episcopis,
1499 2991 1534 3050 et
1546 2989 1683 3050 dilectis
1697 2988 1772 3049 tiliis

974 3090 1158 3161 abbatibus,
1184 3089 1361 3166 prioribus,
1394 3089 1427 3148 et
1449 3087 1527 3149 allis
1555 3087 1772 3148 ecelesiarum

975 3188 1121 3264 praelatis
1136 3186 1177 3247 ad
1193 3202 1274 3264 quos
1288 3187 1408 3248 litterae
1426 3186 1499 3245 istae
1514 3185 1742 3261 pervenerint

1016 3284 1211 3359 satagentes
1239 3283 1349 3359 sopire
1373 3280 1674 3357 discordiamque>
1699 3280 1775 3340 licet

975 3381 1074 3456 longo
1096 3384 1166 3458 jam
1194 3381 1344 3456 tempore
1363 3378 1484 3440 fratres
1499 3377 1772 3439 Grandirnouten.

976 3478 1132 3548 turbavit,
1144 3475 1197 3538 his
1212 3477 1322 3538 tamen
1333 3473 1537 3552 temporibus
1550 3475 1692 3534 saevisse
1706 3474 1776 3551 plus

976 3575 1073 3636 solito
1102 3573 1286 3643 videbatur,
1311 3571 1462 3648 quaedam
1484 3570 1634 3647 capitula
1653 3570 1777 3646 regule

977 3689 1058 3743 suae,
1070 3687 1143 3748 quae
1155 3670 1322 3746 praecipue
1335 3667 1509 3745 pariebant
1523 3667 1703 3728 materiam
1712 3670 1779 3744 jur-

127 3755 191 3817 hoc
202 3753 338 3830 provide
353 3769 393 3813 ao
407 3753 533 3814 utiliter
545 3752 736 3821 factumest,
751 3752 830 3810 teac
844 3765 922 3824 rege
977 3769 1118 3845 giorum,
1133 3767 1174 3827 ,10
1189 3766 1327 3827 fratrum
1350 3767 1538 3826 nostrorum
1554 3763 1702 3824 consilio
1720 3764 1779 3824 dg.

128 3851 286 3929 praedicto
312 3849 584 3926 supplicantibus,
615 3848 770 3908 dUXifflUS
797 3862 921 3923 aldim·
978 3866 1107 3927 elarare
1135 3865 1341 3933 curavimus,
1357 3864 1391 3923 et
1410 3861 1601 3924 innovando
1626 3861 1778 3937 quaedam

128 3950 285 4010 bandum.
303 3951 424 4010 Datum
439 3947 608 4018 Laterani,
630 3947 675 4006 ΙΙΙ
690 3961 796 4006 nonas
811 3943 923 4004 martii
980 3963 1260 4040 praedecessorum
1272 3962 1461 4021 „mirorum
1472 3960 1653 4029 ,intumet
1666 3961 1780 4019 „ostra

128 4049 340 4125 pontificatus
355 4044 680 4107 nostriannotsruo.
979 4061 1079 4122 enam
1104 4058 1291 4137 adjurando
1317 4057 1358 4117 ua
1374 4072 1472 4128 novo,
1493 4055 1541 4116 na
1556 4056 1778 4132 prosumus.

481 4212 577 4299 CXL
980 4157 1065 4236 quod
1092 4156 1282 4233 hujusmodi
1310 4154 1476 4214 discordia
1496 4153 1620 4230 poterit
1645 4168 1781 4214 cessare

980 4255 1021 4315 de
1031 4256 1162 4324 caetero,
1174 4254 1330 4323 maxime,
1343 4251 1383 4323 si,
1397 4253 1493 4328 prout
1503 4251 1537 4311 iu
1552 4249 1631 4311 aliis
1646 4251 1780 4320 litteris,

169 4352 220 4409 Ad
234 4352 448 4411 colocensem
464 4346 498 4406 et
513 4345 736 4407 Bntlriertsern
748 4343 923 4416 cantitatos

422 4459 539 4515 lmart.
556 4457 635 4514 lllb.
981 4449 1162 4511 elllcaciter
1199 4447 1397 4508 curaveritis
1430 4447 1643 4522 interponere
1671 4448 1783 4521 partes

237 4565 487 4630 [alternenuonum.
499 4565 644 4628 ilunganae,
658 4563 677 4620 l,
690 4562 728 4619 ln.
740 4574 767 4611 n·
778 4561 830 4626 st]
982 4551 1121 4610 vestras.
1147 4546 1231 4618 Quia
1244 4561 1323 4606 vero
1345 4544 1504 4605 saviente
1518 4545 1589 4618 jam
1604 4543 1696 4603 dieta
1711 4542 1783 4603 dis-

132 4667 308 4725 liluctionem
324 4663 361 4720 de
377 4661 547 4721 cancellario
563 4663 644 4735 regni
663 4661 818 4734 Hungerioe
831 4661 928 4731 nequit
981 4644 1095 4706 cordia
1106 4642 1258 4720 (illaedflm
1272 4641 1360 4702 b0ssa
1375 4639 1650 4701 Glandimonten.
1665 4639 1785 4700 domus

168 4770 294 4812 annuere
315 4752 350 4810 ad
372 4766 499 4826 praeseus
523 4758 553 4808 et
572 4749 689 4807 mandat
707 4757 738 4806 ut
752 4764 817 4806 euru
836 4749 928 4806 electo
981 4745 1015 4805 et
1033 4742 1192 4804 cellarum
1205 4755 1342 4800 suarum
1368 4742 1436 4799 tam
1458 4754 1478 4798 a
1498 4736 1632 4798 clericis
1648 4752 1785 4812 quama

168 4845 288 4901 nuncios
303 4839 736 4900 iterumadcuriamdasliuent.
982 4839 1152 4901 conversis
1181 4836 1380 4907 inordinate,
1411 4838 1446 4897 et
1469 4834 1567 4911 quasi
1598 4834 1787 4896 Μηρὼθ

175 4952 339 5013 Honorius
360 4952 546 5027 episcopus,
575 4949 651 5019 etc,
684 4946 814 5006 dilectis
850 4943 928 5003 tiliis
982 4937 1068 5014 apud
1102 4937 1252 4998 diversas
1275 4942 1448 5011 'personas
1474 4934 1508 4994 et
1535 4933 1610 4993 loca
1634 4932 1788 5010 deposita

134 5044 686 5123 clolocensietBatlriensicapitulis
702 5042 927 5113 salutem,etc.
983 5036 1086 5096 tuisse
1115 5034 1290 5104 dicuntur,
1327 5031 1537 5093 universitati
1565 5032 1689 5092 vestras
1728 5046 1788 5106 per

176 5148 317 5208 Litteras
352 5146 480 5206 vestras
519 5147 553 5204 et
589 5143 727 5203 dilectos
764 5139 851 5224 tilios
888 5141 927 5199 A.
983 5131 1173 5208 Apostolica
1187 5131 1311 5206 scripta
1330 5128 1553 5205 praecipiendo
1571 5127 1785 5198 mandamus,

135 5243 349 5322 praepositum
374 5242 486 5304 Sancti
509 5239 679 5301 Laurentii
702 5239 735 5300 et
754 5240 791 5298 B.
816 5235 931 5297 archi·
984 5233 1159 5307 quatenus,
1176 5227 1359 5290 restituatis
1375 5225 1491 5302 priori,
1505 5226 1535 5285 si
1549 5241 1617 5303 qua
1632 5225 1675 5287 de
1690 5225 1788 5287 bonis

135 5343 310 5403 ‹liaconum
322 5338 509 5413 deBodrog,
527 5337 568 5399 ad
585 5352 645 5397 uos
658 5336 804 5412 exparte
818 5335 930 5396 vestra
984 5327 1090 5405 ipsius
1111 5327 1227 5387 domus
1241 5325 1294 5386 vel
1316 5324 1476 5385 cellarum
1498 5325 1572 5399 eius
1593 5322 1629 5383 iu
1646 5323 1787 5400 deposi-

135 5440 361 5509 transmissos‚
381 5451 445 5513 qua
470 5435 580 5496 decuit
600 5433 804 5509 benignitate
836 5446 932 5492 rece-
984 5428 1053 5488 tum
1067 5423 1251 5500 recepistis,
1266 5421 1396 5483 faciatis
1410 5420 1534 5496 singuli
1550 5436 1611 5496 per
1625 5421 1787 5483 ecelesias

138 5539 256 5615 pimus,
283 5536 379 5613 plene
396 5532 626 5608 intelligentes,
653 5546 726 5609 quas
753 5530 787 5590 in
811 5528 930 5589 litteris
984 5524 1162 5584 vestraset
1189 5520 1282 5582 vobis
1310 5518 1460 5580 subditas
1475 5517 1607 5595 publice
1624 5518 1784 5585 nuntiari,

138 5633 391 5697 continebantur
426 5631 562 5701 eisdem,
588 5631 621 5691 et
651 5627 801 5705 praedicti
836 5625 930 5687 nobis
990 5626 1025 5683 ut
1044 5621 1241 5698 quicumque
1262 5618 1374 5695 aliqua
1398 5616 1439 5677 de
1465 5614 1560 5676 bonis
1585 5616 1785 5693 supradictae

981 4368 1062 4430 quas
1073 4366 1173 4427 super
1188 4352 1250 4412 hoc
1263 4350 1357 4411 vobis
1378 4348 1563 4410 direximus
1577 4347 1780 4416 continetur,
