3774 6186
116 287 174 345 183

116 444 276 522 praedium
318 444 351 505 111
384 446 565 520 Buncnany
600 458 674 503 cum
709 442 910 519 appenditiis

116 542 321 616 eorumdem3
334 541 464 602 vineam
475 542 508 602 et
522 541 636 601 domos
646 539 681 599 in
692 539 904 616 Uberlingem

115 639 276 715 praedium
291 639 326 699 iu
341 637 547 698 Widenbach
569 653 643 697 cum
665 637 802 698 decimis
824 637 905 707 suis,

115 736 277 812 capellam
302 737 431 797 Sanctae
454 734 632 794 Christinae
655 750 729 794 cum
746 735 909 810 pertinen·

115 831 172 893 tiis
196 833 277 904 suis,
303 835 336 893 et
357 835 414 910 jus
430 831 516 909 quod
530 831 695 908 quondam
711 830 831 892 nobilis
857 832 909 891 vir

116 929 226 993 Welfo
235 930 268 990 in
277 929 431 991 theloneo
447 928 908 1005 Ravenspurchetinnemore

116 1027 240 1089 Altorff
264 1026 464 1087 monasterio
492 1027 602 1086 vestro
635 1026 798 1086 concessit
834 1041 908 1085 cum

115 1125 232 1201 pratis,
244 1124 362 1194 vineis,
379 1124 489 1196 terris,
505 1121 704 1194 nemoribus,
718 1123 862 1183 usuariis
877 1126 909 1184 et

117 1221 293 1297 pascuisin
303 1220 402 1281 bosco
417 1220 449 1281 et
462 1220 572 1297 plano,
588 1219 623 1279 in
639 1220 733 1296 aquis
742 1220 910 1281 313131311-

117 1319 218 1389 diuis,
241 1318 276 1378 in
299 1318 363 1378 viis
387 1321 420 1379 31
445 1317 572 1378 semilis
598 1318 631 1378 31
653 1316 804 1377 omnibus
832 1317 909 1377 31113

118 1413 326 1475 libertatibus
361 1416 394 1474 31
421 1411 682 1473 immunitatibus
714 1413 794 1472 suis.
823 1416 909 1474 Sane

117 1511 286 1571 novalium
301 1513 486 1571 vestrorum
511 1526 584 1587 quae
600 1511 743 1586 propriis
758 1510 909 1570 manibus

116 1608 176 1668 331
196 1605 380 1682 sumptibus
409 1607 529 1679 colitis,
555 1606 625 1667 sive
654 1607 693 1666 de
725 1608 909 1668 vestrorum

117 1704 311 1764 animalium
322 1702 544 1774 nutrImentis,
561 1703 673 1763 nullus
688 1720 707 1765 a
721 1704 813 1765 vobis
826 1705 911 1764 deci·

117 1800 387 1875 masexigerevel
397 1801 593 1877 extorquere
602 1802 911 1876 praesumat.Liceat

117 1914 247 1975 quoque
268 1897 361 1959 vobis
383 1897 522 1958 31311333
542 1899 575 1957 31
598 1898 701 1958 131333
731 1898 852 1959 liberos
879 1902 911 1960 et

117 1995 286 2056 absolutos
301 2011 320 2056 e
335 1994 457 2055 saeculo
472 1994 635 2070 fugientes
656 1994 698 2055 ad
713 1997 910 2057 conversio-

117 2109 193 2153 nem
206 2093 364 2169 recipere,
382 2094 414 2153 et
436 2108 492 2152 333
509 2092 633 2168 absque
652 2093 910 2154 contradictione

118 2190 230 2267 aliqua
241 2191 395 2252 retinere.
409 2189 626 2251 Prohibemus
637 2191 772 2266 insuper
783 2194 819 2252 ut
828 2192 910 2252 nulli

117 2287 448 2349 fratrumvestrorum
457 2289 532 2364 post
543 2287 911 2350 lactaminmonasterio

117 2385 226 2446 vestro
248 2385 486 2462 professionem
509 2385 558 2445 fas
581 2386 623 2446 sit
648 2386 721 2445 sine
741 2386 910 2462 praepositi

119 2482 170 2541 sui
184 2481 329 2551 licentia,
343 2483 407 2542 nisi
418 2482 572 2543 arctioris
583 2482 754 2557 religionis
765 2481 877 2543 obtent
901 2526 910 2549 ,

119 2580 160 2639 de
176 2580 290 2640 eodem
303 2579 375 2641 loco
391 2580 575 2652 discedere;
599 2579 821 2641 discedentem
833 2596 912 2640 vero

120 2677 246 2754 absque
270 2678 491 2737 communium
516 2676 701 2738 litterarum
727 2681 912 2737 vestrarum

121 2774 913 2845 cautionenullusaudeatretinere.Quumautem

122 2868 279 2948 generale
307 2872 517 2933 interdictum
546 2874 643 2932 terrae
670 2872 790 2945 fuerit,
815 2872 914 2934 liceat

121 2968 217 3058 vqhis
235 2968 357 3029 clausis
375 2969 500 3044 januis,
526 2968 672 3028 exclusis
687 2969 914 3029 excommuni-

121 3067 206 3127 catis
227 3066 260 3127 et
274 3066 469 3135 interdictis,
486 3080 551 3125 non
569 3065 708 3143 pulsatis
729 3066 912 3141 campanis,

121 3179 299 3240 suppressa
327 3179 423 3228 voce.
452 3163 563 3224 divina
593 3163 702 3224 3111313
732 3162 911 3225 celebrare.

121 3260 914 3331 Chrismavero,oleumsacrum,consecrationes

119 3359 275 3419 altarium
288 3374 346 3418 seu
361 3357 588 3428 basilicarum,
606 3358 831 3418 ordinationes
847 3357 915 3417 cle-

120 3456 266 3516 ricorum
282 3455 337 3532 qui
353 3455 394 3514 ad
410 3470 523 3515 sacros
536 3454 668 3515 ordines
691 3453 813 3514 fuerint
832 3470 913 3531 pro-

121 3551 274 3614 movendi
296 3551 519 3612 adioecesano
539 3551 727 3627 suscipietis
747 3551 913 3628 episcopo,

122 3650 151 3709 31
173 3649 304 3724 quidem
329 3648 511 3709 catholicus
533 3648 633 3710 fuerit
651 3650 683 3709 et
705 3649 914 3709 communio-

123 3761 199 3806 nem
221 3747 442 3806 sacrosanctae
460 3747 617 3807 Romanae
636 3745 730 3806 Sedis
745 3745 913 3820 hahuerit3

123 3843 271 3920 alioquin
287 3843 385 3904 liceat
408 3842 501 3903 vobis
521 3857 759 3920 quemcumque
783 3843 914 3904 1113133-

123 3940 196 4001 ritis
222 3940 421 4002 catholicnm
445 3940 539 4001 adire
567 3941 749 4002 antistitem
773 3941 915 4016 gratiam

123 4039 156 4097 et
170 4037 433 4097 communionem
453 4037 651 4112 11113313Ιί333
673 4037 767 4098 Sedis
784 4037 915 4097 habeu-

121 4135 199 4204 133,
215 4135 270 4211 qui
283 4136 397 4196 nostra
405 4134 510 4195 fretus
521 4135 718 4196 auctoritate
728 4134 821 4195 vobis
829 4134 914 4210 quod

100 4256 104 4261 ·
123 4230 917 4308 postulaturimpendat.Prohihemusinsuperut

123 4328 211 4388 infra
230 4328 313 4388 lines
330 4327 495 4403 1131331113
511 4330 628 4389 vestrae
644 4328 755 4388 nullus
771 4329 916 4389 313333-

124 4441 222 4485 sensu
238 4424 417 4485 diaecesani
431 4425 578 4501 episcopi
590 4426 743 4486 31133113
756 4426 917 4502 331131133

124 4538 183 4582 3311
205 4521 385 4582 oratorium
404 4522 443 4582 de
463 4539 551 4582 novo
572 4524 765 4583 construere
784 4523 914 4593 audeat,

123 4619 225 4679 salvis
253 4618 436 4696 privilegiis
462 4619 653 4696 pontificum
678 4622 913 4680 Romanorum.

122 4717 169 4776 Ad
200 4717 271 4778 haec
293 4733 395 4778 novas
420 4719 453 4778 31
474 4716 637 4778 indebitas
662 4717 852 4778 exactiones
876 4717 917 4777 ab

123 4815 392 4890 archiepiscopis,
419 4815 594 4891 episcopis,
625 4813 916 4876 archidiaconibus

124 4927 183 4971 seu
199 4911 344 4982 decanis,
361 4912 501 4989 aliisque
517 4911 668 4972 omnibus
682 4911 917 4972 ecclesiasticis

125 5007 382 5069 saecularibusve
397 5010 548 5084 personis
563 5009 697 5070 omnino
713 5007 787 5068 fieri
802 5007 919 5084 prohi-

124 5104 250 5165 bemus.
266 5105 475 5180 sepulturam
486 5122 615 5184 quoque
629 5106 735 5182 1113133
749 5104 814 5165 1331
833 5104 919 5165 lihe-

124 5219 197 5262 ram
221 5218 295 5263 esse
321 5202 528 5263 decernimus
558 5204 593 5264 ut
616 5218 729 5263 eorum
751 5201 918 5263 devotioni

125 5302 159 5360 31
179 5301 336 5361 extremae
364 5300 528 5361 voluntati
552 5300 667 5376 quise
691 5298 760 5360 illic
784 5299 918 5375 sepeliri

126 5397 402 5469 deliberaverint,
432 5397 498 5457 nisi
533 5396 616 5458 forte
642 5396 918 5459 excommunicati

125 5496 177 5554 vel
202 5495 377 5565 interdicti,
397 5495 508 5555 nullus
523 5494 672 5564 obsistat,
694 5495 786 5555 salva
808 5495 918 5556 13333

122 5592 253 5668 justitia
267 5593 401 5654 illarum
417 5593 632 5655 ecclesiarum
657 5609 675 5653 a
693 5592 811 5671 quibus
827 5608 918 5652 mor-

726 281 901 344 HONORII
924 284 968 343 ΙΙΙ
990 285 1143 346 OPERA.
1699 285 1748 344 las

962 443 1095 503 tuorum
1108 458 1248 519 corpora
1263 445 1487 505 3333333131.
1502 443 1656 505 Decimae
1670 459 1749 518 pra·

964 540 1055 600 terea
1083 542 1116 602 et
1139 541 1365 616 possessiones
1392 542 1510 617 adjus
1539 539 1745 601 ecclesiarum

963 638 1148 698 vestrarum
1176 639 1373 714 spectantes,
1396 655 1470 715 quae
1494 653 1514 698 a
1541 638 1638 698 laicis
1668 637 1744 698 deti-

963 737 1100 805 nentur,
1131 734 1315 795 redimendi
1346 738 1380 797 31
1413 735 1560 810 legitime
1594 734 1741 795 liberandi

963 831 1003 892 de
1024 831 1177 892 manibus
1192 848 1307 893 eorum
1322 836 1354 894 et
1376 832 1416 893 ad
1437 832 1598 894 ecclesias
1618 831 1659 892 ad
1675 849 1741 908 quas

965 929 1130 1003 pertinent
1165 930 1359 999 revocandi,
1388 929 1493 990 libera
1522 930 1565 990 sit
1593 928 1742 991 13111313

964 1028 1078 1086 nostra
1102 1027 1470 1088 33313111313133111133.
1498 1026 1647 1087 Obeunte
1677 1043 1740 1087 rero

964 1122 995 1182 te
1011 1137 1097 1184 uano
1114 1124 1262 1200 ejusdem
1283 1124 1347 1184 loci
1363 1124 1539 1200 praeposito
1557 1124 1739 1184 veltuorum

964 1220 1108 1294 quolibet
1133 1236 1372 1292 successorum,
1404 1220 1515 1281 nullus
1540 1220 1587 1280 ibi
1612 1219 1741 1296 qualibet

964 1315 1185 1394 subreptionis
1200 1319 1322 1380 astutia
1338 1334 1396 1378 seu
1408 1318 1568 1379 violentia
1584 1333 1741 1394 praepona-

964 1416 1028 1482 tur,
1053 1413 1118 1473 nisi
1133 1430 1230 1491 quem
1256 1414 1375 1474 fratres
1401 1414 1568 1475 communi
1595 1429 1740 1474 consensu

964 1510 1016 1569 vel
1029 1508 1169 1571 fratrum
1184 1527 1262 1587 pars
1273 1511 1404 1572 consilii
1420 1511 1565 1572 sanioris
1576 1509 1738 1571 secundum

965 1609 1067 1666 Deum
1084 1609 1115 1668 et
1129 1607 1217 1669 beati
1232 1609 1409 1684 Augustini
1428 1607 1580 1683 regulam
1599 1606 1739 1683 provide·

965 1704 1032 1765 rint
1047 1703 1334 1779 eligendumpeci
1343 1721 1472 1782 quoque
1480 1708 1513 1766 31
1523 1703 1738 1780 tranquillitati

965 1802 1083 1862 vestrae
1113 1806 1250 1878 paterna
1280 1804 1315 1863 in
1344 1805 1511 1879 posterum
1535 1801 1743 1863 sollicitudine

966 1898 1140 1974 providere
1168 1899 1328 1967 volentes,
1354 1899 1552 1961 auctoritate
1567 1899 1737 1975 Apostolica

967 1994 1178 2071 prohibemus
1194 1998 1229 2057 nt
1243 1997 1330 2057 intra
1346 1997 1517 2058 clausuras
1532 1997 1679 2057 locorum
1691 2012 1735 2056 seu

966 2092 1180 2167 grangiarum
1196 2096 1380 2156 vestrarum
1393 2093 1504 2154 nullus
1520 2095 1672 2169 rapinam
1692 2111 1736 2153 seu

967 2189 1088 2249 furtum
1104 2190 1223 2263 facere,
1239 2192 1348 2266 ignem
1366 2206 1543 2268 apponere,
1562 2191 1740 2265 sanguinem

967 2285 1114 2358 fundere,
1132 2287 1297 2349 hominem
1310 2292 1434 2349 temere
1447 2303 1566 2363 capere
1581 2288 1634 2347 vel
1650 2289 1740 2348 inter·

967 2383 1077 2455 licere,
1092 2400 1151 2445 seu
1158 2384 1335 2446 violentias
1346 2384 1465 2446 audeat
1475 2400 1645 2446 exercere.
1664 2387 1740 2445 Pra-

967 2481 1057 2540 terea
1068 2497 1182 2542 omnes
1193 2482 1361 2543 libertates
1370 2482 1748 2557 etimmunitatesapra-

967 2576 1196 2639 decessoribus
1219 2580 1342 2641 nostris
1358 2579 1516 2640 Romanis
1536 2577 1742 2654 pontificibus,

967 2673 1076 2735 ordini
1092 2680 1202 2737 vestro
1218 2692 1404 2747 concessas,
1419 2692 1547 2737 necnon
1569 2678 1603 2736 et
1621 2675 1745 2736 liberta-

967 2776 1017 2832 tes
1032 2774 1065 2833 et
1083 2774 1294 2850 exceptiones
1322 2774 1533 2835 saecularium
1547 2773 1746 2834 exactionum

968 2884 988 2929 a
1014 2869 1147 2944 regibus
1163 2873 1195 2931 et
1208 2870 1424 2947 principibus,
1440 2871 1492 2931 131
1513 2871 1591 2931 31113
1608 2869 1748 2930 fidelibus

968 2965 1211 3028 rationabiliter
1249 2967 1342 3028 vobis
1377 2968 1532 3039 indultas,
1561 2968 1750 3028 auctoritate

969 3064 1156 3140 apostolica
1165 3065 1409 3136 confirmamus,
1418 3069 1450 3127 31
1458 3066 1633 3141 praesentis
1647 3063 1751 3139 scripti

969 3161 1403 3237 privilegiocommuuimus
1419 3163 1467 3223 Ad
1479 3161 1639 3222 indicium
1654 3164 1753 3221 33133

970 3258 1069 3334 hujus
1099 3275 1118 3318 a
1157 3260 1242 3320 Sede
1284 3260 1473 3336 apostoliea
1515 3257 1763 3320 constitutionis

969 3357 1142 3432 praeceptae
1155 3372 1256 3416 unum
1266 3357 1444 3418 bisantium
1459 3356 1646 3417 liberaliter
1668 3355 1755 3416 obla-

969 3454 1037 3512 tum
1057 3453 1151 3514 nobis
1175 3455 1363 3530 nostrisque
1392 3452 1642 3514 successoribus
1666 3451 1756 3512 annis

969 3550 1110 3627 singulis
1133 3550 1340 3627 persolvetis.
1375 3550 1591 3611 Decernimus
1617 3565 1697 3625 ergo
1726 3549 1759 3609 ut

970 3647 1053 3707 nulli
1082 3646 1215 3708 omnino
1248 3648 1418 3708 hominum
1452 3648 1552 3709 liceat
1587 3646 1758 3723 praefatum

969 3746 1205 3806 monasterium
1229 3747 1353 3807 temere
1382 3745 1587 3821 perturbare,
1610 3747 1670 3805 aut
1692 3749 1759 3821 ejus

970 3841 1195 3917 possessiones
1218 3842 1349 3902 auferre
1368 3842 1421 3904 vel
1445 3841 1574 3901 ablatas
1603 3841 1758 3910 retinere,

970 3940 1134 4007 minuere,
1178 3956 1237 3999 seu
1287 3938 1489 4015 quibuslibet
1527 3937 1760 3998 vexationibus

971 4037 1122 4112 fatigare,
1137 4037 1194 4097 sed
1219 4037 1328 4097 omnia
1355 4036 1484 4111 integra
1510 4037 1761 4105 conserventur,

970 4149 1085 4193 eorum
1100 4149 1158 4210 1113
1174 4150 1313 4210 quorum
1328 4132 1567 4208 gubernatione
1576 4147 1616 4192 33
1632 4135 1762 4192 susten·

970 4230 1094 4290 tatione
1118 4247 1274 4292 concessa
1301 4232 1379 4290 suut
1415 4229 1528 4289 usibus
1562 4227 1761 4289 omnimodis

971 4327 1153 4402 profutura,
1170 4328 1262 4388 salva
1286 4326 1381 4388 Sedis
1398 4325 1597 4402 apostolicae
1612 4325 1761 4386 auctori·

970 4425 1038 4485 tate
1053 4422 1760 4501 3111333331ιί31133311331131113313311113.

973 4523 1007 4582 Si
1023 4539 1086 4598 qua
1095 4521 1241 4597 igituriu
1255 4521 1402 4582 futurum
1414 4519 1642 4582 ecclesiastica
1663 4536 1762 4581 33133-

973 4620 1094 4681 larisve
1109 4634 1249 4696 persona
1266 4620 1352 4678 hanc
1371 4620 1492 4679 nostrae
1516 4617 1764 4678 constitutionis

972 4718 1126 4792 paginam
1147 4717 1256 4778 sciens
1279 4715 1394 4776 contra
1409 4729 1482 4775 eam
1506 4716 1633 4775 temere
1651 4715 1765 4775 venire

971 4815 1157 4884 tentaverit,
1171 4814 1314 4875 secundo
1329 4813 1469 4873 tertiove
1484 4812 1686 4872 commonita
1700 4810 1765 4871 uisi

971 4914 1099 4972 reatum
1127 4928 1224 4972 suum
1251 4925 1398 4984 congrua
1427 4908 1657 4969 satisfactione
1685 4923 1766 4969 cor-

972 5009 1107 5079 rexerit,
1125 5007 1297 5085 potestatis
1311 5005 1512 5081 honorisque
1528 5004 1581 5065 sui
1602 5005 1766 5080 dignitate

972 5108 1095 5176 careat,
1109 5119 1266 5181 reamque
1280 5119 1317 5163 se
1331 5103 1443 5163 divino
1463 5102 1591 5178 judicio
1620 5104 1767 5164 existere

972 5202 1012 5264 de
1038 5204 1225 5278 perpetrata
1253 5201 1428 5278 iniquitate
1459 5200 1655 5274 cognoscat,
1687 5202 1721 5260 31
1748 5215 1767 5260 3

972 5298 1197 5360 sacratissimo
1226 5312 1364 5374 corpore
1392 5297 1425 5357 et
1454 5295 1618 5371 sanguine
1652 5296 1712 5357 Ι)31
1736 5297 1767 5357 31

973 5373 1104 5457 bomini
1132 5395 1359 5471 Redemptoris
1396 5393 1501 5454 nostri
1532 5395 1615 5455 lesu
1645 5392 1766 5453 Christi

973 5493 1082 5552 aliena
1103 5492 1169 5562 fiat,
1184 5494 1283 5568 atque
1302 5492 1336 5551 in
1356 5493 1504 5551 extremo
1519 5490 1675 5550 examine
1695 5489 1765 5549 dis·

975 5589 1079 5653 frictae
1116 5589 1285 5667 subjaceat
1320 5588 1449 5650 ultioni.
1482 5586 1615 5649 Cunctis
1657 5589 1765 5648 autem
