3774 6186
114 286 162 347 ar
744 248 1155 345 mmmmm.
1736 282 1775 341 a

116 444 357 507 Possessiones
372 444 482 505 autem
497 444 531 504 et
542 440 703 515 redditus,
717 442 774 521 qui
796 442 873 505 sunt
885 444 920 505 in

114 544 192 603 Can
203 540 593 605 etCunevetadmensam
602 540 750 618 episcopi
760 541 919 617 deputati,

115 642 211 703 sicut
224 656 282 701 eos
297 640 331 700 in
357 638 609 717 praesentiarum
620 640 709 715 Juste
732 654 770 699 ac
783 638 921 715 pacifice

117 738 284 815 possides,
300 736 361 799 tihi
383 739 417 799 et
431 736 678 797 successoribus
694 736 759 797 tuis
774 736 921 798 auctori-

116 840 191 899 tate
215 835 405 913 Apostolica
431 833 649 894 nihilominus
673 834 918 895 confirmamus.

118 937 264 1012 Insuper
276 934 376 995 etiam
387 932 542 1009 praesenti
558 932 680 1008 pagina
694 931 753 993 tibi
766 931 921 991 duximus

117 1032 373 1107 indulgendum,
391 1032 427 1090 ut
441 1029 669 1106 possessiones
684 1031 717 1090 et
730 1027 818 1089 hona
834 1044 921 1088 com·

117 1132 234 1191 missa
247 1128 306 1190 tibi
321 1127 482 1198 ecclesiae,
500 1127 528 1187 si
553 1142 616 1203 qua
642 1126 757 1187 illicite
775 1125 921 1187 alienata

118 1230 201 1289 sunt
215 1227 268 1287 vel
284 1226 453 1295 distracta,
468 1224 528 1285 tibi
542 1224 642 1286 liceat
656 1224 802 1298 legitime
817 1239 919 1284 revo-

115 1322 918 1401 carezliceatquoquetibiinecclesiaS.A11dreae,

117 1439 199 1483 cum
221 1423 312 1499 prior
338 1421 517 1489 vacaverit,
544 1435 619 1480 eum
639 1420 712 1479 sine
732 1418 922 1480 contradic-

117 1521 214 1581 tione
243 1518 389 1595 qualibet
415 1518 600 1586 instituere,
638 1516 724 1577 sicut
759 1516 920 1576 hactenus

118 1618 384 1693 praedecessores
406 1615 454 1677 tui
474 1618 507 1676 et
522 1617 557 1676 tu
577 1615 647 1691 ipse
662 1614 799 1683 lecistis,
823 1614 855 1673 et
870 1612 922 1689 ip-

117 1714 192 1777 sius
207 1730 379 1785 excessus,
405 1714 434 1773 si
449 1712 580 1789 quando
603 1712 795 1783 excesserit,
821 1710 920 1785 digne

117 1813 302 1887 corrigere.
315 1811 529 1872 Decernimus
543 1826 632 1885 ergo,
644 1812 681 1870 ut
694 1808 776 1869 nulli
785 1808 920 1869 omnino

118 1910 294 1971 hominum
308 1909 407 1969 liceat
419 1908 589 1984 praefatam
599 1907 774 1967 ecclesiam
790 1905 922 1982 pertur-

117 2006 201 2067 bare
223 2020 330 2079 nsaaae
354 2005 505 2080 fatigare,
528 2004 586 2065 sed
610 2001 739 2064 illibata
754 2002 864 2063 omnia
889 2001 922 2061 et

120 2104 253 2179 integra
277 2104 525 2172 conserventur,
542 2115 668 2170 eorum,
692 2114 751 2177 pro
769 2112 919 2175 qarorum.

123 2204 196 2271 etc,
207 2216 317 2274 aasqne
326 2199 508 2276 protutura,
521 2198 613 2258 salva
621 2195 921 2272 SedisApostolicae

123 2298 330 2359 auctoritate.
347 2297 380 2358 si
399 2313 463 2373 qua
479 2296 582 2372 igitur
596 2295 631 2355 in
646 2294 792 2355 futurum
808 2292 920 2355 eccle-

120 2396 258 2457 siastica
285 2395 498 2456 saecularisve
529 2407 682 2470 persona,
710 2394 785 2459 etc..
813 2404 921 2463 enatae

118 2492 282 2554 districta
303 2491 421 2553 ultioni
444 2489 626 2567 subjaceat.
648 2488 782 2548 Cunctis
809 2489 919 2547 autem

117 2590 229 2650 eidem
251 2589 413 2661 ecclesiae,
439 2590 514 2659 etc..
539 2600 647 2660 amane
670 2586 804 2646 manaae
828 2582 920 2661 pacis

119 2686 306 2748 inveniant.
324 2690 438 2747 Amen.

162 2783 281 2845 Datum
321 2784 477 2845 Laterani
517 2798 577 2859 per
613 2797 747 2842 manum
783 2778 919 2841 Rauerii

118 2882 247 2942 sanctae
266 2884 424 2943 Romanae
454 2880 610 2941 Ecclesiae
641 2877 918 2948 vicecancellarii,

117 2982 197 3039 xlv
206 2979 373 3067 ltalendas
382 2978 542 3055 januarii,
556 2977 738 3037 indictione
746 2978 801 3047 VI,
812 2976 921 3035 lucar·

117 3077 269 3138 arationis
280 3076 459 3137 Dominicae
472 3092 560 3137 anuo
570 3075 773 3145 Mccxvln,
786 3071 921 3149 pontill-

117 3176 216 3235 catus
235 3190 316 3236 vero
340 3173 465 3235 domini
490 3172 628 3234 Honorii
653 3187 747 3249 papae
768 3172 814 3231 lll
832 3184 920 3229 anno

116 3270 232 3333 tertio.

140 3515 194 3573 ,td
210 3512 364 3573 abactam
376 3512 494 3572 saian
505 3511 673 3572 lobannis
686 3511 724 3569 tn
739 3508 854 3569 Vincis
868 3506 901 3566 et

270 3612 426 3682 priorem
441 3608 556 3668 Castra·
566 3606 772 3667 Tlvaedortct.

417 3720 453 3777 ab
467 3719 529 3776 dec.
543 3718 623 3775 1218.

116 3828 192 3891 tela.
202 3824 233 3874 de
243 3824 269 3874 la
281 3823 404 3875 Biblioth.
420 3823 519 3873 Natieu.
530 3821 621 3871 ancien
631 3820 706 3870 tonde
720 3818 795 3875 latin,
806 3817 869 3867 8993
879 3816 920 3879 ln]

119 3936 159 3995 t't
174 3933 316 3990 salutantia
335 3932 391 3988 latu
408 3932 436 3987 in
454 3930 588 3987 homines
611 3927 766 3984 comitissae
780 3925 816 3982 de
837 3924 919 3982 Carn-

371 4020 455 4092 pauia
480 4022 672 4076 revocaretur.

163 4129 342 4201 Honorius,
355 4130 430 4199 etc,
447 4126 576 4188 dilectis
592 4124 670 4185 tiliis
685 4121 796 4184 abbati
809 4119 921 4182 Sancti

117 4227 285 4291 Jolrannis
299 4227 332 4286 in
346 4225 460 4287 Vincis
476 4224 690 4289 Suessionen,
705 4218 808 4298 priori
821 4217 922 4278 castri

118 4324 320 4387 'l'heodorici
356 4322 568 4384 suessionen.
606 4317 770 4387 diaecesis,
797 4316 923 4376 decano

120 4423 351 4493 suessionen,
374 4420 563 4481 salutemet
588 4416 804 4495 apostolicam
819 4411 924 4474 bene·

119 4519 314 4583 dictionem.

163 4618 291 4679 Dilecta
311 4617 344 4677 in
367 4616 498 4677 Christo
519 4613 586 4674 fllia
603 4610 724 4674 nobilis
740 4608 862 4670 mulier
886 4610 921 4667 B.

121 4716 293 4779 comitissa
305 4714 493 4791 Campaniae
506 4717 539 4774 et
551 4711 653 4772 abhas
669 4707 783 4770 Sancti
794 4704 924 4767 vitonis

122 4812 307 4873 virdunen.
351 4808 473 4870 nostris
515 4806 652 4868 auribus
686 4803 925 4866 intimaverunt

121 4909 222 4987 quod,
234 4924 334 4985 quum
346 4909 483 4969 Rernen.
493 4904 673 4981 capitulum
686 4900 836 4962 homines
845 4915 924 4959 suos

122 5008 164 5070 de
179 5007 293 5067 Calido
304 5008 407 5066 Fonte
420 5019 519 5079 super
534 5015 671 5063 nemore
686 4998 726 5060 de
736 5000 823 5060 Itoes
837 4996 922 5073 quod

122 5106 164 5167 de
186 5103 283 5165 teudo
312 5103 459 5179 ipsorum
487 5099 620 5170 existit,
658 5111 769 5158 coram
803 5094 921 5155 abbate

123 5202 239 5265 Sancti
252 5200 401 5277 Dp'onisii
415 5200 447 5259 et
457 5213 568 5259 coram
576 5193 745 5274 judicibus
758 5193 827 5251 suis
845 5206 927 5251 anc-

122 5300 258 5363 toritate
273 5297 462 5373 apostolica
476 5291 719 5361 convenissent,
729 5290 829 5350 iidem
842 5304 923 5348 seu-

122 5398 245 5460 tientes
265 5410 423 5471 supereo
448 5391 593 5453 indebite
615 5405 651 5450 se
677 5386 811 5465 gravari
839 5384 925 5462 quod

119 5497 210 5557 diem
227 5492 267 5553 ad
282 5491 531 5554 deliberandum
545 5502 645 5564 super
656 5485 812 5563 petitione
828 5498 925 5560 qanuu

158 5634 202 5705 (Ι)
221 5630 386 5689 lluitnardo.

73 5848 209 6140 Χ

975 443 1098 506 dictum
1126 440 1306 521 capitulum
1339 460 1439 521 super
1467 458 1602 505 nemore
1636 440 1774 519 praetato
1866 502 1869 509 ,

975 542 1053 603 tunc
1081 542 1187 619 primo
1208 541 1409 605 formaverat
1427 542 1491 602 sibi
1512 541 1696 604 concedere
1709 540 1772 601 de-

976 639 1151 715 negabant,
1173 640 1258 700 alias
1284 641 1497 717 exceptiones
1519 639 1666 716 ipsorum
1689 636 1774 713 legi·

975 738 1073 797 times
1088 737 1262 797 admittere
1273 737 1459 797 recusando
1472 738 1619 798 nostram
1634 734 1775 795 audien-

975 836 1054 895 tiam
1065 835 1286 911 appellarunt.
1296 836 1338 895 At
1349 834 1409 905 illi,
1419 835 1567 910 legitima
1581 833 1772 895 eorumdem

975 932 1197 1010 appellatione
1212 928 1773 1007 contempta,excommunicationis
1862 968 1865 975 ·

976 1029 1008 1089 in
1025 1030 1292 1091 eossententiam
1320 1030 1538 1105 protulerunt.
1562 1028 1655 1090 Unde
1684 1027 1772 1089 dicta

975 1128 1144 1189 comitissa
1156 1131 1188 1188 et
1203 1127 1409 1188 abbasnobis
1421 1127 1590 1187 humiliter
1604 1125 1774 1201 supplica·

975 1228 1052 1285 runt
1069 1226 1114 1291 ut,
1128 1240 1203 1284 cum
1225 1225 1288 1301 ipsi
1311 1240 1443 1300 semper
1457 1224 1564 1300 parati
1585 1222 1719 1284 fuerunt
1739 1224 1774 1284 et

975 1322 1131 1393 existant,
1148 1322 1255 1382 eidem
1280 1322 1426 1398 capitulo
1441 1321 1481 1383 de
1495 1321 1641 1398 praetatis
1660 1320 1772 1381 homi-

975 1419 1073 1480 nibus
1089 1435 1189 1495 super
1211 1422 1282 1496 jam
1305 1419 1392 1481 dicto
1415 1435 1549 1480 nemore
1566 1419 1653 1496 quod
1669 1420 1719 1480 est
1732 1418 1773 1477 de

975 1515 1072 1577 teudo
1088 1518 1277 1577 eorumdem
1292 1517 1455 1592 justitiam
1473 1515 1643 1586 exbibete,
1661 1517 1772 1591 partes

976 1615 1016 1674 ad
1032 1630 1147 1675 eorum
1164 1615 1288 1683 remitti
1307 1631 1447 1675 examen
1463 1616 1495 1676 et
1519 1613 1671 1675 revocari
1686 1612 1773 1689 quod

975 1714 1090 1773 contra
1103 1716 1303 1774 memoratos
1328 1712 1479 1773 homines
1499 1712 1694 1773 attentatum
1712 1725 1774 1771 ex-

975 1810 1041 1871 titit
1057 1810 1249 1869 taceremus.
1268 1810 1429 1880 Quocirca
1450 1808 1641 1869 discretioni
1653 1808 1773 1869 vestrae

976 1922 1035 1982 per
1048 1907 1238 1982 Apostolica
1253 1907 1376 1982 scripta
1387 1906 1582 1967 mandamus
1597 1908 1772 1983 quatenus,

975 2004 1005 2063 si
1018 2005 1068 2064 est
1083 2004 1139 2074 ita,
1156 2004 1276 2064 dictum
1300 2003 1675 2063 excommunicationem
1700 2005 1774 2080 post

975 2101 1232 2177 appellationem
1283 2100 1473 2178 hujusmodi
1521 2100 1773 2177 promulgatam,

976 2200 1101 2261 nullam
1116 2216 1189 2260 esse
1205 2199 1335 2276 penitus
1357 2199 1569 2272 nuntiantes;
1588 2196 1772 2275 injungatis

976 2297 1152 2359 comitissae
1167 2297 1199 2358 et
1214 2295 1325 2357 abbati
1340 2297 1508 2373 praedietis
1532 2297 1568 2356 ut
1593 2294 1634 2356 de
1658 2295 1771 2355 homi-

975 2395 1073 2455 nibus
1087 2396 1168 2471 ipsis
1197 2409 1296 2470 super
1316 2394 1453 2470 praet'ato
1476 2409 1612 2455 nemore
1627 2392 1772 2469 capitulo

976 2493 1164 2570 supradicto
1180 2492 1360 2554 exhibeant
1380 2492 1526 2569 justiciae
1551 2490 1775 2568 complemen-

975 2594 1055 2653 tum.
1085 2591 1239 2667 Alioquin
1265 2592 1377 2667 partes
1402 2590 1442 2650 ad
1464 2591 1611 2667 priorum
1623 2588 1773 2665 judicum

975 2690 1313 2750 remittatisexamen.
1333 2688 1544 2764 appellantes
1560 2688 1593 2747 in
1617 2686 1775 2761 expensis

976 2787 1132 2862 legitimis
1146 2786 1404 2847 condemnantes
1419 2786 1505 2862 quod
1522 2785 1550 2845 si
1574 2800 1641 2845 non
1660 2798 1775 2844 onrues
1882 2782 1886 2789 '

975 2885 1029 2945 his
1062 2884 1281 2960 exsequendis
1307 2884 1480 2959 potueritis
1511 2883 1683 2953 interesse,
1710 2881 1775 2941 alno

976 2984 1141 3052 vestrum,
1181 2984 1255 3050 etc..
1284 2981 1502 3041 nihilominus
1536 2980 1773 3056 exsequantur.

976 3082 1092 3140 Datum
1108 3079 1263 3140 Laterani
1279 3082 1354 3138 xlll
1384 3080 1451 3139 kal.
1464 3077 1613 3156 januarii
1637 3076 1775 3154 pontill-

975 3180 1069 3237 catus
1085 3176 1190 3237 nostri
1206 3191 1294 3237 anno
1305 3175 1414 3236 tertio.

1295 3334 1454 3421 LXXVI

1056 3465 1107 3523 Ad
1128 3462 1374 3530 Hatneardnm,
1397 3462 1691 3528 suessionensem,

1231 3561 1440 3633 abacorum,
1455 3558 1517 3616 etc.

1225 3671 1260 3729 20
1288 3670 1417 3727 decemb.
1446 3670 1525 3728 late.

977 3778 1113 3843 [bouquet
1126 3778 1183 3828 llec.
1195 3776 1239 3827 des
1252 3776 1326 3833 ilisa,
1337 3782 1356 3825 t.
1366 3776 1433 3833 XlX,
1444 3790 1471 3839 p.
1482 3774 1542 3833 bit,
1554 3775 1656 3838 liegest.
1670 3773 1715 3823 lie.
1730 3774 1774 3833 11¹,

1313 3870 1354 3919 ep.
1369 3856 1437 3919 tlt]

976 3948 1045 4005 Cum
1059 3947 1156 4004 Simon
1172 3944 1207 4001 de
1218 3944 1349 4002 lornvilla
1375 3952 1405 4001 et
1430 3944 1527 4001 Simon
1556 3942 1773 4009 Cestrovilluno,
1823 3996 1826 4005 ,

1012 4036 1060 4107 qui
1086 4033 1193 4091 Erardo
1228 4032 1263 4089 de
1299 4034 1390 4089 Brona
1417 4032 1484 4089 olim
1517 4030 1709 4099 adhaeserant,
1738 4026 1775 4087 ad

1012 4120 1176 4190 Theobaldi,
1204 4121 1368 4193 Campaniae
1393 4119 1522 4187 coniitia,
1552 4117 1716 4176 fidelitatem
1746 4124 1776 4175 et
1878 4118 1884 4125 '

1012 4210 1181 4283 honragium
1197 4208 1359 4278 rediissent,
1373 4206 1489 4265 nrandat
1505 4207 1657 4276 Honorius,
1671 4213 1703 4264 ut
1716 4206 1773 4265 luta

1013 4301 1041 4356 in
1057 4314 1107 4356 eos
1119 4298 1311 4356 ecelesiastica
1327 4312 1448 4355 musore
1462 4296 1613 4353 relaxetur.

1018 4408 1185 4469 Honorius
1222 4407 1408 4483 episcopua,
1439 4421 1557 4466 servus
1602 4419 1774 4467 servorum

978 4508 1048 4578 Dei,
1063 4505 1247 4567 venerabili
1261 4504 1356 4567 tratri
1372 4505 1526 4581 episcopo
1537 4501 1584 4581 (1)
1600 4506 1633 4564 et
1645 4502 1782 4569 dilectis¹

979 4603 1057 4664 filiis
1073 4602 1225 4664 abbatis.
1242 4602 1407 4664 iohannis
1425 4601 1459 4661 in
1470 4600 1586 4661 vineis
1603 4602 1635 4661 et
1650 4600 1776 4661 decano

980 4699 1286 4770 Suessionensibus,
1305 4699 1459 4768 salutem,
1476 4701 1538 4759 ete.

1020 4798 1260 4872 Signiticarunt
1275 4796 1369 4857 nobis
1389 4793 1511 4854 nobilis
1536 4793 1656 4853 mulier
1675 4794 1710 4852 B.
1728 4790 1776 4869 (2)

979 4895 1161 4964 cornitissa,
1189 4894 1223 4953 et
1249 4892 1371 4954 'l'heob
1409 4892 1508 4951 natus
1544 4893 1628 4967 ejus,
1665 4906 1777 4951 cuntes

979 4992 1178 5067 Campania,
1210 4990 1307 5066 quod,
1332 5005 1406 5049 cum
1432 4988 1556 5049 dudum
1583 4988 1619 5050 in
1648 4987 1776 5048 nobiles

979 5090 1069 5150 viros
1083 5089 1249 5149 Simonem
1263 5087 1303 5146 de
1317 5087 1485 5155 tourvilla,
1500 5088 1533 5147 et
1548 5086 1716 5147 Simonem
1736 5084 1777 5145 de

981 5185 1233 5256 Castrovillauo,
1250 5183 1503 5255 catalaunensis
1528 5185 1560 5245 et
1585 5183 1777 5257 Lingonen·

981 5286 1027 5345 sis
1056 5281 1265 5353 dioecesium,
1296 5280 1650 5341 excommunicationis
1678 5282 1711 5341 et
1743 5280 1778 5341 iu

981 5386 1088 5445 terras
1103 5396 1217 5442 eorum
1236 5379 1399 5441 interdicti
1425 5379 1607 5439 sententias
1630 5378 1779 5438 auctori-

982 5482 1040 5543 tite
1056 5478 1243 5556 Apostolica
1258 5476 1473 5555 protuleritis,
1489 5492 1548 5553 pro
1577 5490 1616 5535 oo
1641 5476 1728 5553 quod
1756 5492 1776 5537 a

1020 5621 1060 5693 (2)
1072 5619 1206 5678 lilanclra.
