3774 6186
58 322 118 383 769
687 321 916 385 EPISTOLAE.
939 323 1017 383 uta.
1040 324 1079 385 V.
1634 328 1695 388 770
1793 274 1798 281 ι

53 478 337 543 mundosacristae
349 480 511 557 Agathou.
528 479 663 543 duxerit
676 480 848 555 conseren-
901 496 1002 543 unum
1041 480 1169 543 viribus
1205 483 1392 549 intenderet
1429 487 1517 553 totus
1552 485 1693 564 populus

55 577 847 648 dam,etnoseamsibicontirmaverimusmerito
901 577 1694 660 christianus‚nequasidivisusinpartesminus

55 675 778 753 suaeprobitatisinductidiscretioni,veslrae
788 691 847 751 per
901 674 1067 737 sufficeret
1081 675 1122 736 ad
1138 677 1323 754 utrumque,
1343 681 1571 741 revocavimus
1585 681 1693 758 quoad

54 774 244 851 Apostolica
282 774 405 850 scripta
443 773 657 846 mandamus,
684 775 847 852 quatenus
901 772 1180 849 crucesignandos
1209 776 1287 835 tunc
1314 775 1537 851 indulgentias
1566 778 1704 855 supra-'

55 872 178 933 dictum
203 872 375 932 sacristam
391 872 426 931 in
450 870 659 947 possessione
680 871 846 948 praeposi·
901 868 1021 944 dictas;
1038 872 1247 933 nuncautem
1260 872 1350 948 quia,
1362 874 1555 935 sicutnobis
1569 876 1620 936 est
1632 890 1693 952 pro

54 971 139 1031 turre
152 969 318 1029 inducatis
332 969 438 1044 ipsius
457 972 491 1030 et
504 967 635 1030 faciatis
648 984 723 1029 eum
740 969 847 1045 ipsam
902 966 991 1027 certo
1017 968 1171 1040 relatum,
1196 969 1225 1029 si
1249 969 1474 1032 dimiserimus
1499 973 1548 1034 sic
1562 973 1694 1033 noviter

54 1066 192 1143 pacifice
223 1065 404 1142 possidere.
435 1065 704 1127 contradictores
731 1063 760 1125 st
791 1064 848 1142 qui
901 1059 1092 1137 baptizatos,
1119 1062 1288 1125 laberetur
1308 1064 1429 1140 exiguo
1453 1066 1540 1142 quod
1563 1069 1693 1143 partum

54 1163 441 1234 luerintvelrebelles,
463 1178 718 1239 percensuram
740 1162 849 1223 eccie-
901 1159 952 1218 est
971 1158 1118 1236 tempore
1144 1161 1253 1235 longo,
1282 1177 1356 1222 cum
1380 1163 1408 1222 si
1435 1162 1584 1224 levantes
1612 1179 1695 1225 ocu-

55 1261 236 1332 siasticam,
259 1259 389 1320 sublato
410 1259 644 1336 appellationis
664 1257 845 1330 obstaculo,
902 1254 951 1315 los
979 1270 1056 1316 suos
1084 1256 1125 1317 ad
1160 1263 1299 1329 montes,
1328 1259 1413 1319 unde
1435 1260 1570 1336 sperant
1594 1262 1695 1323 auxi·

54 1356 303 1434 compescendo.
320 1356 411 1430 Quod
427 1357 455 1418 si
470 1372 537 1417 non
552 1371 677 1427 omnes,
700 1356 762 1419 etc.
779 1358 847 1417 lla-
903 1351 983 1412 lium
1020 1351 1084 1414 sibi
1112 1354 1248 1426 venire,
1282 1356 1424 1432 speratis
1458 1355 1694 1421 fraudarentur

53 1456 125 1517 tum
157 1454 325 1526 Laterani,
354 1456 416 1515 XII
449 1452 610 1515 kalendas
636 1453 733 1525 maii,
759 1468 848 1515 anno
902 1449 1050 1521 auxiliis,
1091 1465 1166 1511 cum
1203 1467 1308 1513 uxore
1342 1453 1426 1514 Loth
1457 1455 1547 1515 retro
1581 1455 1693 1532 respi-

55 1551 180 1628 quinto.
903 1560 978 1608 cere
1017 1548 1225 1624 cogerentur,
1260 1551 1293 1610 et
1325 1551 1374 1611 sic
1401 1550 1492 1612 nulla
1520 1551 1693 1629 relinque-

903 1644 996 1704 retur
1024 1660 1099 1720 spes
1132 1645 1173 1706 de
1199 1646 1276 1706 aliis
1301 1648 1548 1720 convertendis,
1578 1665 1695 1711 cruce-

334 1737 572 1827 CCGXXVH
903 1739 1075 1816 signandis
1096 1741 1130 1802 in
1145 1758 1260 1803 eorum
1275 1744 1438 1805 auxilium
1453 1746 1602 1807 eamdem
1616 1762 1696 1824 pec·

903 1837 1051 1898 catorum
1075 1840 1218 1912 veniam,
1235 1856 1332 1917 quam
1352 1844 1573 1904 concessimus
1588 1844 1694 1921 prod·

904 1933 1102 1996 ciscentibus
1128 1936 1163 1997 in
1187 1936 1370 2000 subsidium
1404 1941 1516 2002 Terrae
1545 1942 1691 2012 Sanctae,

904 2032 1022 2093 iterum
1052 2033 1207 2094 duximus
1239 2036 1493 2097 concedendam.
1533 2039 1694 2110 Quocirca

903 2129 1137 2192 discretionem
1160 2135 1305 2194 vestram
1329 2150 1500 2195 monemus
1523 2137 1555 2196 et
1576 2136 1696 2198 horta-

338 2215 373 2273 20
387 2215 469 2288 april.
488 2215 566 2274 ¹22¹·
904 2243 980 2288 mur
993 2230 1128 2300 attente,
1137 2231 1393 2306 perApostolica
1402 2233 1525 2309 scripta
1534 2233 1697 2294 mandan-

146 2338 276 2403 [rneinec
286 2340 353 2392 non.
368 2338 490 2397 nolonte,
503 2343 522 2388 r.
540 2339 559 2396 1,
574 2352 599 2403 p.
615 2337 653 2397 ta,
666 2337 756 2403 nan]
903 2325 963 2396 tes,
991 2328 1154 2403 quatenus
1174 2328 1296 2390 Christi
1311 2329 1425 2391 fideles
1442 2346 1501 2407 per
1522 2332 1696 2393 Poloniam

54 2455 208 2512 lloncntur
218 2453 340 2526 judices,
357 2461 389 2511 ut
405 2454 621 2526 crucesignatos
636 2455 664 2511 in
679 2454 796 2512 Polonia
813 2452 850 2511 ad
903 2423 1031 2484 tantum
1050 2424 1084 2487 et
1101 2425 1332 2535 pqmefflniam
1348 2427 1544 2489 ⁰⁰¹¹⁸ffl¹¹t⁰⁸
1559 2428 1600 2490 ad
1613 2444 1695 2490 ⁵⁰⁰·

92 2541 283 2614 adjuvandum
295 2544 460 2614 episcopum
473 2542 595 2600 prum
606 2543 637 2600 pn
650 2541 851 2600 fflnvemnpp,
904 2520 1103 2582 currendum
1117 2538 1167 2584 ets
1177 2523 1357 2584 secundum
1370 2525 1697 2588 consiliumvenera-

91 2632 150 2688 suis
170 2632 291 2704 paganis
312 2630 507 2699 cohortentur,
537 2630 628 2703 iisque
654 2629 850 2704 indulgendas
904 2616 979 2677 bilis
994 2617 1108 2680 fratris
1125 2621 1267 2681 nostri...
1281 2621 1429 2698 episcopi
1443 2624 1587 2684 Prussiae
1601 2623 1696 2685 salu·

90 2718 339 2777 transfretantibus
358 2720 387 2776 in
406 2722 522 2776 Terram
544 2720 677 2778 Sanctam
697 2733 850 2778 concessas
903 2713 1007 2776 briter
1034 2716 1258 2789 exhortantes,
1286 2718 1452 2790 omnibus
1481 2720 1537 2797 qui
1560 2722 1697 2798 accepta

91 2808 263 2882 largiantur.
904 2827 1002 2873 cruce
1030 2813 1069 2874 ad
1086 2815 1344 2877 succurrendum
1357 2816 1406 2877 eis
1425 2833 1461 2878 se
1476 2819 1695 2891 accinxerint,

95 2927 458 3004 Honoriusepiscopus,
471 2925 848 2999 servasservorumDei,
900 2911 997 2986 juxta
1018 2912 1170 2988 Pi⁰ltii³⁸
1191 2913 1365 2975 facultates
1386 2917 1696 2991 9000³¹0r11ffl8110·

55 3024 187 3087 cnectis
209 3024 325 3084 artis...
349 3024 584 3086 archidiacono
611 3023 848 3095 oneznenst...,
904 3023 978 3068 rum
992 3008 1135 3080 veniam,
1153 3011 1249 3086 prout
1263 3012 1416 3088 superius
1426 3014 1476 3073 est
1489 3029 1694 3089 expressum,

56 3121 185 3185 custodi
212 3121 433 3183 poznanpgnsp
460 3119 849 3182 0I,‚‚1,10p10nsjg1102.
905 3106 1101 3167 auctoritate
1122 3107 1235 3167 nostra
1259 3123 1332 3169 esse
1358 3108 1558 3172 denuntietis
1580 3109 1696 3171 indul-

56 3220 169 3281 nensis
184 3219 348 3291 dioecesis‚
365 3218 506 3280 salutem
521 3219 553 3280 et
568 3217 783 3296 apostolicam
797 3216 852 3279 be-
906 3203 983 3265 iim·
1007 3203 1125 3264 Datum
1153 3203 1319 3276 Laterani,
1342 3207 1403 3267 ΧΠ
1426 3207 1587 3269 kalendas
1603 3207 1694 3280 maii,

56 3317 289 3379 nedictionem,
905 3299 1476 3379 ponuncatusnostnannoquinto.

97 3415 134 3475 Si
144 3430 204 3491 pro
214 3415 376 3477 varietate
387 3415 595 3491 negotiorum
604 3416 655 3477 vel
665 3415 850 3492 temporum

56 3511 197 3574 consilia
223 3513 360 3589 provide
386 3513 569 3583 variamus,
585 3529 651 3575 non
670 3515 721 3575 est
741 3513 852 3591 impu-
1171 3499 1430 3588 CCCXXVIII

55 3608 192 3671 tandum
204 3609 435 3671 inconstantiae
450 3610 588 3682 levitati,
601 3611 657 3671 sed
667 3610 851 3673 maturitati
925 3648 977 3710 Ad
989 3651 1180 3712 manaem
1194 3651 1468 3725 smooniemm
1480 3655 1563 3715 mh

56 3706 165 3784 potius
177 3705 442 3767 adscribendum.
454 3708 541 3768 Sane
552 3707 662 3767 autem
673 3707 849 3783 quondam,
1290 3772 1296 3784 ‚

57 3804 142 3880 quod
157 3804 193 3863 in
212 3802 361 3880 partibus
384 3804 529 3865 Prussiae
547 3804 677 3865 noviter
691 3802 850 3879 baptizati
1069 3877 1075 3888 ‚
1186 3772 1222 3829 ²⁰
1238 3772 1317 3845 ⁸⁹⁸¹·
1335 3770 1413 3889 ΙΨ·

54 3900 263 3961 vexabantur
277 3902 400 3962 acriter
414 3916 433 3961 a
447 3902 598 3978 paganis,
613 3916 674 3961 nos
695 3901 851 3963 timentes
1022 3876 1111 3942 [Μ
1124 3876 1185 3929 ⁰⁰d·
1197 3877 1271 3941 ‘m’
1282 3877 1468 3941 ¹¹¹¹¹¹⁸³¹³ae’¹¹¹·
1482 3893 1500 3937 ¹⁹
1512 3878 1580 3945 ³¹⁰]

55 4012 98 4059 ne
125 4012 191 4057 non
211 3996 318 4058 solum
340 3997 554 4059 convertendi
574 4012 594 4057 a
620 3997 851 4059 conversionis
904 3983 983 4045 Citii
1000 3982 1159 4041 ¹1¹⁰¹¹⁸⁰b⁰³
1181 3983 1295 4042 Glffiws
1319 3982 1569 4057 Wiiessiidesssseb
1592 3987 1697 4059 quibus

56 4094 306 4156 retardarentur
325 4094 505 4173 proposito,
525 4110 639 4155 verum
653 4095 753 4156 etiam
765 4111 850 4157 con,
970 4071 1100 4130 Andreas
1115 4073 1231 4131 Latinos
1243 4071 1373 4129 substitui
1384 4073 1474 4146 petiit,
1490 4074 1628 4132 rescribit.

54 4193 143 4252 versi
159 4193 357 4268 cogerentur
366 4193 482 4264 averti,
494 4192 714 4254 ecclesiarum
724 4192 849 4269 praela-
944 4189 1111 4252 Honorius
1121 4189 1307 4267 episcopus,
1317 4205 1433 4251 servus
1442 4180 1613 4252 servorum
1623 4192 1694 4265 Dei,

55 4289 98 4351 tis
114 4289 356 4366 circumposita
372 4290 519 4365 regionis
531 4289 714 4351 direximus
727 4289 851 4368 scripta
904 4285 1190 4350 venerabililratri
1201 4286 1451 4364 archiepiscopo
1464 4288 1695 4365 strigoniensi,

55 4389 180 4459 nostra,
197 4390 233 4448 ut
256 4387 379 4448 Christi
401 4387 515 4448 fideles
541 4387 582 4448 ad
603 4387 850 4464 suscipiendam
905 4388 938 4447 et
951 4385 1070 4447 dilecto
1092 4383 1160 4446 lilio
1181 4383 1289 4446 abbati
1306 4383 1346 4447 de
1362 4382 1455 4457 Pilis,
1470 4387 1698 4464 vesprimien-

56 4499 200 4555 crucem‚
216 4485 250 4545 et
270 4483 311 4544 ad
331 4484 590 4545 succurrendum
604 4485 734 4546 noviter
747 4484 852 4562 bapti·
905 4480 951 4541 sis
966 4478 1130 4553 dioecesis,
1145 4479 1284 4541 salutem
1304 4481 1337 4542 et
1359 4480 1575 4557 apostolicam
1594 4482 1698 4545 bene-

54 4582 137 4643 zatis
172 4582 407 4658 predicatione
442 4582 557 4643 sedula
589 4584 849 4653 commonerent,
905 4578 1094 4640 dictionem.

56 4679 205 4739 eamdem
227 4679 276 4740 eis
296 4681 506 4755 peccatorum
521 4680 652 4740 veniam
669 4680 849 4755 indulgen·
945 4675 1143 4737 carissimus
1168 4675 1204 4736 in
1228 4674 1358 4736 Christo
1381 4674 1470 4735 filius
1490 4677 1611 4748 noster,
1635 4693 1696 4740 rex

55 4776 117 4846 tes,
146 4791 220 4852 quae
248 4791 406 4837 concessa
434 4777 486 4837 est
508 4775 798 4839 transfretantibus
814 4777 850 4837 in
904 4774 1085 4850 nungariae
1096 4772 1247 4844 illustris,
1264 4771 1359 4834 nobis
1374 4772 1544 4833 insinuare
1555 4775 1694 4846 curavit,
1724 4816 1735 4843 ,

56 4871 240 4933 subsidium
269 4876 381 4935 Terrae
404 4873 545 4935 Sanctae.
562 4874 773 4935 Postmodum
789 4890 852 4935 au·
905 4872 991 4949 quod
1010 4870 1143 4932 abbatia
1166 4871 1207 4932 de
1221 4869 1408 4946 Wisegrad,
1424 4870 1696 4946 wesprimiensis

55 4971 123 5030 tem
150 4970 338 5032 venerabili
359 4970 461 5032 tratre
488 4970 639 5032 nostro...
669 4970 851 5033 Albanensi
905 4968 1074 5039 dioecesis,
1103 4968 1138 5028 in
1165 4982 1230 5045 qua
1254 4969 1310 5043 Jus
1337 4967 1462 5028 obtinet
1487 4970 1694 5044 patronatus,

55 5065 224 5142 episcopo,
245 5068 444 5143 apostolicae
469 5067 565 5129 Sedis
585 5067 706 5144 legato,
726 5069 760 5129 et
773 5067 850 5129 aliis
905 5070 1038 5129 Graecos
1053 5064 1153 5126 habet
1166 5064 1358 5136 monachos,
1374 5065 1407 5125 et
1421 5064 1538 5127 habuit
1551 5065 1593 5127 ab
1608 5067 1698 5127 anti-

56 5163 615 5241 crucesignatisexistentibusapud
625 5165 850 5226 Damiatamin
905 5179 990 5241 quo;
1008 5163 1197 5239 inquorum
1211 5160 1365 5222 manibus
1383 5161 1515 5224 abbatia
1530 5163 1603 5240 ipsa
1613 5163 1696 5226 adeo

56 5260 195 5320 servitio
218 5262 298 5323 Jesu
324 5262 457 5334 Christi,
474 5263 543 5323 suis
567 5261 662 5323 nobis
684 5262 804 5325 litteris
818 5264 852 5323 et
906 5261 939 5321 in
951 5258 1180 5336 spiritualibus
1189 5260 1223 5320 et
1232 5258 1468 5335 temporalibus
1478 5259 1696 5336 estcoilapsa,

57 5355 184 5418 nuntiis
199 5357 441 5431 intimantibus,
455 5358 541 5436 quod
552 5360 736 5435 urgentius,
753 5374 851 5436 quam
905 5357 991 5434 quod
1006 5357 1071 5417 nisi
1086 5357 1301 5418 instituantur
1314 5372 1465 5434 personae
1478 5356 1599 5418 ibidem
1611 5358 1699 5420 vici-

56 5469 203 5530 unquam
230 5454 461 5531 indiguissent,
488 5457 619 5518 maturo
642 5457 676 5519 et
703 5455 851 5517 manuali
905 5454 971 5514 niis
990 5453 1143 5515 ecclesiis
1155 5452 1271 5530 lingua
1286 5456 1319 5515 et
1331 5454 1399 5516 vita
1411 5453 1609 5521 conformes,
1625 5454 1695 5525 vix,

58 5566 277 5626 personarum
305 5553 338 5614 et
361 5567 472 5614 rerum
496 5553 623 5615 auxilio
646 5552 849 5629 indigebant,
905 5553 963 5612 aut
988 5566 1157 5628 nunquam
1180 5550 1314 5629 adiiciet
1339 5552 1376 5613 ut
1396 5552 1558 5626 resurgat.
1586 5553 1697 5623 Quare

57 5662 119 5709 nos
133 5647 316 5725 cupientes,
332 5651 368 5711 ut
385 5650 428 5711 ad
446 5651 479 5713 id
494 5651 638 5713 maxime
652 5650 801 5713 collectis
815 5649 851 5711 in
905 5648 1086 5727 postularit
1103 5649 1277 5723 instanter,
1294 5649 1330 5710 ut
1344 5647 1390 5708 ibi
1405 5647 1585 5709 monachos
1600 5649 1696 5711 Lati-

53 1892 106 1951 Ad
120 1891 399 1951 ttrclttdt'acontmt
413 1893 660 1961 Gitazncnsem,
674 1889 850 1951 aaronem

95 1990 369 2049 Poznonicnscm
391 1988 462 2049 et...
485 1988 715 2055 irritamen,
739 1991 850 2048 Grtcz-

95 2089 213 2147 sicimis
225 2089 391 2146 dioecesis.

1567 3654 1680 3728 tepeo.

200 5793 317 5838 remon.
336 5794 411 5839 retra
428 5784 479 5840 lli.
1522 5778 1559 5837 ²5
