3774 6186
118 340 178 401 529
733 341 962 403 EPISTOLAE.
986 342 1065 404 ΜΒ.
1089 343 1127 402 V.
1706 347 1767 407 ⁴30

120 498 273 575 Philippo
288 514 367 575 rege
380 500 583 561 Francorum
605 499 728 561 illustri
744 513 764 560 a
779 500 834 576 pia
848 513 912 561 vo·
968 498 1031 560 sibi
1047 498 1241 562 fidelitatem
1254 500 1413 563 exhibere
1427 503 1652 570 contemnens.
1669 504 1765 580 quasi

119 594 171 656 bis
185 594 387 658 liberalitate
400 611 577 658 concessos
591 596 626 656 in
644 597 786 671 grangia
798 611 860 657 sua
872 596 913 657 de
967 594 1054 657 sacto
1067 596 1148 659 velit
1160 598 1352 674 apostolico
1366 598 1538 670 reluctari,
1555 603 1673 662 contra
1687 616 1764 662 eum

118 695 266 755 donasse
282 711 290 753 ε
304 692 451 754 decimas
465 708 596 770 quoqne
620 692 661 754 de
685 693 786 754 Rarai
801 693 912 755 etne·
968 708 1027 768 per
1052 709 1090 754 se
1114 710 1155 756 ac
1179 711 1258 757 suos
1282 696 1469 758 machinari
1493 711 1560 757 non
1589 699 1699 759 cessat
1727 698 1763 759 in

118 790 221 850 moris
245 793 280 852 et
300 790 547 867 possessionum
583 789 670 866 apud
697 790 910 852 birriarum:
966 804 1069 864 grave
1083 790 1293 869 dispendium
1307 792 1458 854 ecclesiae
1474 793 1657 869 Lingonen.
1672 797 1765 867 Quo-

117 885 205 962 apud
224 885 428 948 Pontiieram
453 887 555 948 etiam
576 888 714 959 terram,
728 902 863 948 censum
879 890 913 949 et
966 886 1056 948 circa
1099 887 1293 950 discretioni
1325 890 1446 952 vestrae
1479 906 1540 967 per
1573 892 1764 968 Apostolica

117 982 343 1045 molendinum
365 999 440 1045 curn
466 982 564 1045 turno
586 985 621 1045 et
643 999 816 1055 mansura,
838 1000 911 1060 quae
966 984 1091 1061 scripta
1129 985 1343 1057 mandamus,
1383 989 1546 1064 quatenus
1575 988 1761 1065 injungatis

119 1078 240 1142 dicitur
273 1079 402 1156 Baailly
425 1071 471 1141 ex¹
490 1080 578 1142 dono
601 1080 732 1143 idoneae
764 1080 804 1142 de
833 1082 913 1142 Gal·
966 1080 1031 1156 ipsi
1044 1081 1268 1152 thesaurario.
1288 1072 1325 1144 ut
1338 1082 1426 1143 inira
1439 1085 1677 1160 competentem
1699 1085 1764 1147 ter·

118 1176 216 1238 landa
243 1178 333 1239 etex
358 1178 445 1239 dono
479 1177 640 1241 willelmi
654 1182 689 1241 et
714 1178 849 1240 Roberti
871 1178 911 1239 de
965 1177 1092 1239 minum
1115 1178 1180 1240 sibi
1203 1179 1440 1256 praetlgendum
1459 1179 1590 1242 anobis
1604 1180 1762 1243 exhibeat

118 1273 278 1336 (lallanda
292 1295 301 1336 r
317 1274 543 1336 molendinum
568 1275 602 1337 et
622 1277 747 1353 septem
760 1275 864 1337 libras
879 1278 912 1337 et
965 1274 1158 1338 fidelitatem
1169 1276 1235 1354 ipsi
1247 1277 1414 1353 episcopo,
1429 1279 1466 1339 ut
1482 1278 1616 1340 tenetur
1632 1293 1673 1339 ac
1687 1293 1763 1338 ser-

116 1371 288 1433 dimidiam
314 1371 522 1434 Parisienses
543 1372 631 1449 apud
663 1375 801 1434 Pontem
825 1376 912 1434 Hem
965 1374 1029 1442 vat,
1046 1372 1133 1450 quod
1156 1373 1186 1434 si
1209 1389 1276 1435 non
1290 1373 1417 1446 iecerit,
1440 1374 1593 1436 eumdem
1615 1375 1655 1436 ad
1672 1391 1761 1452 prae-

112 1469 198 1530 mari
213 1485 223 1525 s
237 1470 271 1531 et
291 1468 378 1546 apud
393 1467 582 1532 livriacum
603 1469 737 1531 furnum
762 1470 910 1546 ejusdem
965 1470 1105 1531 sentiam
1128 1471 1276 1534 nostram
1299 1471 1416 1534 venire
1436 1487 1496 1548 per
1509 1486 1686 1534 censuram
1698 1487 1761 1534 ec·

112 1566 203 1630 rillae
218 1565 260 1627 ab
275 1566 366 1627 omni
387 1566 563 1629 exactione
587 1567 729 1629 liberum
754 1569 787 1630 et
809 1568 908 1644 quie·
964 1565 1197 1640 elesiasticam,
1219 1567 1442 1645 appellatione
1456 1569 1649 1647 postposita,
1666 1584 1762 1631 corn-

105 1664 244 1733 tum,.et
258 1663 298 1724 de
312 1679 415 1725 censu
430 1662 576 1739 ejusdem
592 1664 682 1726 villae
705 1664 839 1727 centum
854 1680 911 1727 so·
964 1663 1107 1740 pellatis.
1132 1665 1228 1738 Quod
1246 1666 1277 1726 si
1304 1680 1371 1726 non
1395 1681 1523 1739 omnes,
1550 1667 1613 1730 etc.
1643 1667 1762 1729 Datum

102 1759 200 1824 lidos
214 1775 344 1822 annuos
358 1760 568 1822 Parisienses
582 1763 615 1823 et
632 1762 791 1824 tredecim
805 1762 910 1825 libras
964 1761 1050 1837 apud
1067 1761 1188 1823 Urbem
1211 1764 1376 1834 Veterem,
1401 1763 1502 1826 tertio
1520 1764 1596 1827 idus
1611 1765 1760 1841 septem-

99 1856 323 1919 Parisienses
343 1873 472 1919 annuas
490 1859 526 1920 in
555 1874 658 1921 censu
683 1858 770 1936 apud
785 1859 909 1922 Effarta
964 1855 1044 1929 bris,
1062 1874 1150 1921 anno
1165 1861 1292 1937 quinto.

97 1955 216 2031 regis.
230 1957 264 2018 et
278 1955 442 2017 vivarium
461 1954 504 2017 de
526 1955 707 2027 Subclicbi,
729 1971 770 2019 ac
794 1956 908 2018 decem
1327 1976 1399 2064 LII

97 2054 271 2129 arpentos
285 2053 432 2115 nemoris
446 2053 571 2129 (luigiaa
590 2054 785 2116 monasterii
805 2056 909 2118 vestri
1250 2103 1303 2162 Ad
1375 2104 1397 2163 d

97 2150 290 2226 contiguos
305 2170 313 2210 ε
327 2150 415 2229 apud
429 2151 563 2229 croissy
584 2167 716 2229 quoque
736 2152 909 2215 trecento·
1214 2204 1244 2260 ss
1265 2115 1499 2277 Μρῗέζῦθῖἒξο

97 2261 188 2308 rum
199 2262 424 2358 mennf'mm
441 2250 540 2311 term
559 2249 732 2360 deoffmam'
751 2252 786 2311 et
806 2265 908 2312 unum
1034 2298 1142 2363 [Rogant.
1155 2299 1272 2364 V‚epist.
1286 2298 1406 2351 idolica.
1418 2300 1688 2364 inemundabili]

97 2343 528 2456 dnbtarmmvnfflfumffm
536 2345 682 2468 mf'dmm
695 2346 786 2456 ᾠῷ
799 2368 808 2407 ²
820 2347 906 2423 ΒΜ
964 2385 1041 2446 Ulde
1055 2385 1138 2445 dictis
1151 2387 1320 2461 quibusdam
1335 2386 1506 2463 Apostolicae
1523 2388 1588 2448 Sedi
1603 2388 1758 2464 injuriosis,

104 2441 264 2503 P⁸¹¹⁸¹0⁸
280 2442 382 2503 0¹¹¹¹¹¹¹
403 2458 438 2504 ¹¹¹
459 2457 535 2504 ¹¹00
551 2447 585 2504 b·
599 2443 758 2505 M0d0¹10¹
773 2443 907 2505 s¹¹¹¹¹¹¹¹¹¹¹
998 2463 1033 2521 de
1048 2463 1151 2538 quibus
1166 2464 1332 2524 Fredericus
1343 2466 1534 2541 Lingonensis
1544 2468 1701 2525 canonicus
1714 2481 1760 2526 ac·

105 2553 157 2600 ex
171 2538 259 2600 dono
277 2537 413 2601 mathai
434 2539 475 2601 de
490 2539 650 2602 Manliano
666 2561 674 2600 ε
688 2542 756 2602 tres
777 2555 908 2618 quoque
998 2545 1161 2613 causabatur,
1176 2547 1327 2603 veritatem
1347 2547 1501 2618 inquirant,
1520 2553 1549 2604 et
1566 2561 1633 2605 eum
1653 2545 1689 2604 ad
1704 2548 1756 2604 Se·

105 2635 242 2696 modios
265 2635 355 2697 bladi
369 2637 405 2697 in
420 2636 501 2698 villa
524 2636 564 2698 de
586 2639 759 2714 compano,
776 2641 810 2699 et
822 2652 907 2715 qua·
999 2623 1065 2681 (¹⁰¹¹
1077 2625 1270 2697 ¹9⁰¹¹0¹¹⁰¹¹1¹
1283 2627 1407 2683 miltant.

113 2733 907 2810 dragintasolidosParisiensesannuosincensu
1003 2733 1160 2796 Pervenit
1182 2733 1224 2794 ad
1252 2733 1456 2795 audientiam
1480 2735 1638 2807 nostram,
1669 2735 1756 2812 quod

114 2830 156 2892 de
179 2834 320 2893 Vamarz
343 2847 351 2891 ε
375 2831 461 2908 apud
490 2832 665 2903 Parisiam,
693 2834 726 2894 et
751 2832 792 2894 de
815 2833 906 2895 Cba-
963 2830 1122 2905 magister
1136 2831 1333 2892 Fredericns
1347 2830 1634 2894 beneflcionostro
1650 2846 1756 2894 cano·

116 2928 230 3000 noeill‚
247 2929 280 2990 et
294 2928 335 2989 de
355 2927 588 3005 Montberling,
614 2929 654 2989 de
678 2930 904 3007 Tbieulemoy‚
963 2925 1059 2986 nicus
1072 2927 1255 3002 lingonen.
1271 2927 1307 2988 in
1320 2929 1520 2999 nostramet
1533 2927 1674 2989 bairum
1685 2942 1760 2989 nos·
1878 2922 1882 2940 ¹

113 3026 147 3086 et
160 3025 202 3087 de
216 3026 418 3088 Monsterolo
436 3025 575 3087 vineas:
592 3025 753 3087 decimam
777 3043 907 3104 quoque
960 3022 1088 3082 trorum
1110 3023 1348 3085 detractionem
1377 3023 1505 3087 laxavit
1524 3023 1608 3085 adeo
1633 3024 1759 3086 temere

115 3121 155 3184 de
169 3126 262 3193 (ires,
278 3125 312 3184 et
322 3123 440 3198 viginti
453 3122 578 3184 solidos
591 3123 628 3183 in
642 3122 740 3184 furno
753 3123 793 3184 de
807 3124 908 3185 Char·
962 3117 1111 3192 linguam
1126 3135 1233 3185 snam.
1251 3123 1287 3182 ut
1300 3120 1395 3182 multi
1417 3120 1564 3196 graviter
1589 3120 1758 3183 scandali-

114 3221 330 3281 cio:censum
341 3221 510 3281 etterram
525 3220 625 3280 etiarn
641 3220 727 3296 apud
743 3221 904 3292 Parisios,
961 3215 1026 3277 zati
1046 3213 1171 3277 suerint
1193 3215 1304 3278 verbis
1328 3220 1413 3294 ejus·
1431 3217 1512 3289 Quia
1537 3216 1640 3292 igilur
1654 3217 1757 3280 stulto

113 3332 186 3394 quae
201 3316 324 3379 dicitur
343 3317 535 3379 Maudestor
551 3339 561 3377 ι
578 3317 765 3395 quindecim
781 3319 905 3380 solidos
962 3312 1058 3374 debet
1081 3313 1248 3375 interdum
1269 3314 1450 3376 secundum
1469 3329 1564 3375 suem
1579 3312 1753 3375 stultitiam

112 3415 287 3476 censuales
299 3414 445 3477 incensu
459 3414 613 3492 deNoisy
624 3419 658 3476 et
670 3414 710 3476 de
726 3415 904 3478 Grodolio:
961 3411 1166 3487 responderi,
1183 3411 1375 3473 discretioni
1389 3413 1509 3474 vestrm
1532 3426 1593 3489 per
1611 3413 1755 3488 Aposto-

111 3513 234 3573 terram
250 3526 381 3589 quoque
393 3511 489 3572 robis
504 3527 524 3573 a
537 3512 693 3574 iohanne
707 3512 810 3575 d’lilie
824 3528 908 3575 con·
962 3507 1027 3568 lica
1042 3509 1167 3585 scripta
1182 3508 1388 3579 mandamus,
1407 3509 1570 3586 quatenus
1591 3509 1698 3586 ipsum
1713 3507 1755 3570 ild

111 3623 251 3680 cauam,
280 3609 314 3669 et
340 3608 428 3685 apud
459 3609 607 3670 Parisios
633 3609 668 3669 in
694 3610 769 3670 rico
790 3625 907 3671 versus
960 3607 1106 3667 rostram
1129 3607 1342 3682 praesentiam
1366 3608 1606 3679 convocantes,
1630 3607 1665 3669 et
1689 3606 1758 3668 tem

112 3706 282 3783 Templum
306 3709 379 3768 octo
400 3705 524 3767 solidos
541 3705 749 3767 Parisianses
764 3723 907 3768 censua—
962 3702 1157 3779 peripsum,
1172 3703 1371 3780 quamalios
1386 3703 1562 3781 superboc
1583 3703 1759 3781 inquiren·

111 3799 168 3872 les.
185 3802 326 3865 sicutea
339 3803 552 3880 omniajuste
573 3805 606 3864 et
631 3803 769 3880 pacifice
793 3806 904 3880 possi·
960 3799 1010 3859 tes
1022 3799 1165 3860 sollicite
1175 3800 1398 3870 veritatemsi
1407 3816 1483 3861 eum
1494 3801 1689 3862 inveneritis
1701 3801 1755 3863 ta·

113 3899 207 3969 detis,
222 3899 317 3962 vobis
335 3905 516 3978 aspersos
533 3900 690 3977 praedicto
704 3902 906 3964 monasterio
961 3894 1037 3955 liter
1051 3898 1247 3969 excessisse,
1264 3897 1350 3974 quod
1365 3912 1523 3959 excessus
1538 3899 1612 3975 ejus
1625 3897 1755 3959 inultus

111 4000 221 4060 rastro
242 3999 440 4060 auctoritate
462 3998 650 4074 apostolica
670 3998 906 4059 confirmamus
961 4007 1027 4052 non
1042 3992 1160 4054 debeat
1181 3994 1358 4070 praeteriri,
1383 3993 1536 4055 eumdem
1550 3993 1592 4054 ad
1608 3995 1755 4055 nostram

110 4094 903 4173 etpraesentisscriptipatrociniooommunimus.
960 4090 1075 4150 venire
1098 4091 1310 4166 presentiam
1334 4105 1409 4150 cum
1431 4090 1553 4152 litteris
1570 4090 1691 4152 vestris
1705 4091 1755 4153 rei

107 4189 200 4253 Nulli
216 4207 299 4268 ergo
314 4193 495 4264 bominum,
512 4194 575 4253 etc.
592 4195 710 4254 Datum
735 4193 822 4269 apud
847 4196 906 4256 Ur·
959 4187 1080 4248 seriem
1097 4188 1204 4263 plene,
1223 4202 1263 4248 ac
1278 4187 1422 4249 fideliter
1435 4185 1682 4250 continentibus
1696 4202 1756 4265 per

104 4283 180 4351 bem
196 4290 364 4359 Veterem,
379 4291 421 4350 lv
438 4289 512 4350 idus
528 4289 699 4365 septemb,
722 4290 902 4367 pontificat.
960 4299 1135 4344 censuram
1160 4284 1415 4356 eclesiasticum,
1441 4283 1572 4347 sublato
1604 4285 1758 4362 appelle·

97 4388 213 4448 nostri
229 4401 318 4449 anno
332 4387 459 4463 quinto.
959 4382 1061 4442 tionis
1086 4380 1268 4452 obstaculo,
1295 4382 1513 4459 compellatis.
1539 4383 1665 4454 Testes,
1688 4385 1752 4444 etc.

479 4511 530 4599 LI
960 4478 1051 4549 Quod
1067 4479 1096 4539 si
1109 4494 1176 4538 non
1189 4493 1315 4551 omnes,
1331 4482 1394 4542 etc.
1411 4481 1531 4541 Datum
1550 4479 1713 4556 utsupra.

119 4649 176 4709 Ad
187 4648 367 4718 decertum,
381 4648 661 4708 orcommcouam
672 4648 705 4709 ct
715 4648 893 4709 castiorem
1310 4629 1405 4717 [ΠΙ

408 4746 604 4805 Trecentes-
1087 4757 1138 4816 Ad
1151 4756 1405 4818 Massiliensem
1417 4758 1624 4830 episcopum

362 4857 393 4914 ll
413 4855 554 4929 septemb.
577 4857 656 4913 1220.
1215 4859 1244 4914 ll
1261 4857 1402 4929 septemb.
1419 4858 1499 4916 libo.

132 4962 309 5027 [Rapacidib.
320 4964 351 5021 V.
364 4963 440 5027 epist.
454 4962 507 5012 las.
525 4964 581 5014 tiss.
593 4963 629 5012 Le
641 4964 714 5013 Porta
726 4963 863 5024 delicit]
991 4955 1110 5018 [negem.
1122 4954 1167 5005 lih-
1178 4954 1208 5012 V.
1219 4955 1293 5020 epist·
1305 4955 1360 5005 ffl-
1371 4954 1428 5005 ¹¹⁸³·
1442 4957 1479 5006 be
1488 4956 1561 5007 rorte
1573 4955 1607 5006 du
1620 4955 1714 5022 reoli]

97 5068 901 5143 mmmmmLingonemm,mmmmm„
958 5042 1073 5100 blandai
1088 5044 1114 5101 ei
1130 5051 1160 5099 ut
1174 5042 1369 5100 Massilienses
1386 5042 1524 5117 quosdam
1544 5045 1593 5117 qui
1617 5044 1755 5117 parabant

146 5161 421 5232 mereare
434 5157 728 5225 dereiner
742 5166 859 5231 ψ’·
992 5122 1755 5275 exaltasilittleillnlsnsinr

142 5267 326 5338 Honorius,
346 5266 569 5337 0¹⁰·›d11001i8
594 5266 671 5327 filiis
686 5267 824 5340 (1608110,
840 5281 900 5330 ⁸¹⁸·
991 5283 1145 5356 generalis.
1162 5296 1178 5340 a
1194 5282 1241 5339 tali
1262 5285 1483 5356 presumptione
1502 5297 1690 5341 censurarum
1704 5297 1751 5341 ee·

97 5366 302 5429 rnidmcono
317 5367 351 5426 et
362 5364 493 5427 cantori
508 5366 648 5426 Trecan.
991 5364 1213 5421 cleslasricomm
1227 5363 1329 5420 timore
1343 5370 1518 5436 compescat.

140 5461 353 5526 venerabilis
366 5461 470 5523 irater
484 5465 598 5524 noster
610 5462 793 5538 lingonen.
810 5464 902 5541 epis·
976 5522 977 5526 ,
995 5462 1175 5532 Honorius,
1193 5463 1269 5533 etc„
1287 5461 1471 5524 venerabili
1484 5461 1581 5524 tratri
1597 5462 1751 5540 episcopo

98 5577 206 5638 copus
223 5560 423 5623 transmissa
440 5559 535 5620 nobis
552 5559 711 5636 petitione
730 5565 899 5622 monstra·
956 5560 1140 5621 Massiliam.

101 5661 160 5729 rit,
182 5657 269 5736 qued
295 5657 526 5719 thesaurarius
549 5658 729 5734 bingonen.
756 5658 899 5720 debitam
995 5660 1124 5731 eranto
1153 5656 1357 5718 christianus
1381 5656 1552 5718 exercitus
1581 5657 1617 5717 in
1646 5661 1756 5736 major
