3774 6186
112 306 176 367 480

111 463 289 543 plectimur
307 461 342 523 in
356 462 496 525 Domino
512 462 663 531 caritate,
678 462 825 525 habituri
838 480 910 524 ma-

109 563 162 639 gis
187 576 228 622 ao
252 560 361 636 magis
382 559 586 621 favorabiles
602 563 636 622 et
649 560 821 637 benignos.
839 563 909 622 Da-

111 667 181 720 tum
196 657 283 734 apud
300 655 420 718 Urbem
443 658 607 727 Veterem,
623 658 664 717 1v
679 657 746 717 hal.
763 658 907 734 augusti,

112 755 326 834 pontificatus
341 755 447 816 nostri
464 770 552 815 anno
568 754 694 832 quinto.

494 914 531 999 V

145 1042 197 1101 Ad
217 1039 373 1101 abbatem
390 1038 424 1101 et
446 1041 626 1099 canonicos
647 1039 875 1112 spontaneos.

409 1151 444 1208 29
455 1150 518 1222 julii
535 1150 614 1208 1220.

315 1257 395 1322 [Mon.
408 1258 490 1320 hung.
506 1256 576 1314 bist..
585 1257 628 1307 xl.
641 1255 709 1321 tot]

112 1355 309 1428 Privilcginm,
330 1353 365 1410 ab
387 1355 555 1412 Innocentio
579 1367 651 1426 papa
667 1353 710 1410 eis
730 1367 909 1421 concessum,

427 1440 587 1498 confirmat.

153 1540 320 1602 Honorius
330 1540 516 1616 episcopus,
528 1555 644 1600 servus
656 1554 827 1600 servornm
839 1539 910 1607 Dei,

109 1638 243 1699 dilectis
255 1638 333 1697 tiliis
343 1636 454 1698 abbati
466 1638 499 1697 et
512 1636 682 1697 canonicis
701 1637 910 1712 Spalatensi-

110 1735 186 1801 bus,
202 1734 342 1795 salutem
359 1735 392 1794 et
406 1733 621 1810 apostolicam
635 1733 909 1794 benedictionem.

154 1835 190 1890 ln
207 1831 329 1892 litteris
341 1828 435 1891 bonae
450 1830 618 1890 memoriae
643 1830 827 1890 innocentii
848 1846 910 1906 pa·

112 1944 163 2005 pae
190 1927 445 2004 praedecessoris
474 1926 579 1987 nostri
606 1927 655 1986 sic
678 1927 910 2004 perspeximus

746 305 973 367 EPISTOLAE.
997 308 1075 366 but.
1099 310 1137 368 V.

1702 305 1763 367 490

964 463 1187 527 arbanensem
1202 466 1402 543 episcopum,
1426 468 1458 527 et
1477 465 1573 528 bonae
1592 464 1761 525 memoriae

965 566 1001 623 (l.
1025 562 1066 624 de
1091 565 1212 625 Sancto
1237 563 1393 639 Apostolo
1423 565 1552 624 Sanctae
1579 561 1695 623 Mariae
1722 559 1758 621 in

965 661 1101 721 Pontion
1116 660 1320 720 cardinalem
1341 660 1507 723 concessit
1525 659 1694 721 auditores
1697 701 1757 719 .....

966 756 1148 818 Praesentia
1169 758 1349 829 constituti,
1366 759 1441 835 post
1456 757 1576 818 multas
1590 756 1758 832 discepta-

965 853 1074 914 tiones
1098 855 1131 915 et
1144 854 1372 930 allegationes,
1399 854 1524 915 saniori
1545 853 1597 914 usi
1621 852 1761 915 consilio

964 950 1078 1011 taliter
1105 954 1341 1023 convenerunt,
1369 951 1455 1029 quod
1485 949 1599 1013 clerici
1626 949 1762 1011 archie-

966 1047 1100 1124 piscopo
1122 1049 1273 1124 quartam
1301 1051 1428 1125 partem
1449 1048 1705 1109 decimationum
1729 1047 1762 1107 et

966 1143 1168 1206 oblationum
1181 1160 1343 1221 persuum
1354 1149 1614 1222 procuratorem,
1630 1158 1761 1204 annua·
1782 1195 1792 1213 ,

965 1242 1024 1304 tim
1050 1242 1168 1318 viginti
1192 1258 1350 1319 perparos
1373 1258 1432 1319 pro
1455 1241 1761 1318 recompensatione

966 1339 1231 1415 supradictarum
1247 1340 1529 1417 procurationum,
1553 1341 1586 1401 et
1600 1338 1686 1416 quod
1706 1353 1762 1399 re-

966 1435 1097 1495 siduum
1111 1436 1246 1498 essetde
1255 1437 1327 1513 ipsa
1339 1438 1455 1514 quarta
1469 1437 1502 1497 in
1513 1453 1609 1497 suum
1620 1451 1761 1497 commo·

966 1531 1044 1593 dum
1059 1536 1310 1596 converteretur
1332 1537 1364 1595 et
1379 1549 1491 1608 nsum;
1513 1535 1674 1610 praeterea
1701 1549 1761 1594 sex

966 1632 1093 1692 tantum
1109 1631 1249 1707 prandia
1267 1631 1361 1692 daret
1373 1631 1497 1692 eisdem
1512 1631 1644 1692 statutis
1666 1629 1761 1692 testi-

965 1727 1223 1799 vitatibusanni‚
1232 1728 1359 1790 scilicet
1372 1729 1479 1790 sancti
1492 1727 1667 1799 Dominici,
1677 1730 1760 1789 Pen-

965 1825 1123 1896 tecostes,
1151 1826 1186 1885 in
1215 1825 1433 1887 translatione
1462 1824 1553 1886 beati
1581 1824 1757 1896 Dominici,

965 1922 1073 1983 sancti
1088 1923 1267 1994 anastasii,
1293 1925 1483 1984 sanctorum
1503 1924 1629 1984 cosmae
1644 1924 1677 1985 et
1691 1925 1758 1984 Da-

965 2019 1079 2091 miani‚
1089 2021 1122 2082 et
1131 2020 1425 2093 sanctiVincentii3
1437 2021 1623 2096 potationes
1637 2018 1758 2080 sabba·

964 2115 1074 2175 torum
1089 2117 1121 2176 et
1136 2115 1241 2176 tribus
1258 2115 1535 2187 hebdomadariis,
1546 2115 1686 2191 singulis
1697 2115 1758 2176 do-
1798 2189 1804 2203 .

112 2025 302 2086 contineri:
354 2044 357 2050 ·

155 2122 368 2184 Innocentius
383 2121 568 2198 episcopus,
583 2123 645 2183 etc.

151 2222 259 2290 Quum
275 2221 360 2280 inter
374 2218 468 2280 bonae
483 2219 652 2279 memoriae
666 2221 701 2279 P.
720 2218 908 2295 praedeces·
966 2212 1097 2274 minicia
1120 2211 1235 2273 diebus
1259 2214 1520 2290 procurationes,
1541 2212 1583 2274 ab
1602 2211 1756 2274 omnibus

111 2333 221 2378 sorem
248 2318 358 2387 tuum,
383 2317 485 2377 frater
504 2316 765 2392 archiepiscope,
789 2332 828 2376 ac
843 2318 908 2376 tuae
964 2310 1064 2370 etiam
1080 2310 1156 2370 aliis
1174 2310 1359 2387 adjutoriis,
1374 2327 1447 2388 quae
1463 2327 1482 2371 a
1498 2311 1599 2374 totius
1611 2311 1756 2372 civitatis

111 2414 259 2476 civitatis
268 2413 407 2473 clericos
421 2413 631 2489 supervariis
642 2413 793 2473 articulis
805 2429 910 2489 quaes·
964 2407 1096 2468 clericis
1112 2407 1221 2469 debito
1234 2406 1418 2483 expetebat,
1435 2408 1502 2470 tam
1521 2423 1642 2487 prose,
1659 2423 1757 2484 quam

110 2513 158 2573 tio
179 2512 376 2578 verteretur,
393 2526 466 2571 eam
487 2510 594 2570 felicis
607 2510 847 2571 recordationis
871 2511 904 2570 c.
964 2519 1023 2580 pro
1052 2505 1301 2566 successoribus
1329 2506 1398 2566 suis
1427 2508 1586 2583 perpetuo
1614 2504 1758 2566 reddidit

111 2624 208 2686 papae
223 2607 478 2685 praedecessoris
496 2607 601 2668 nostri
621 2606 800 2668 audientiae
822 2623 909 2683 prae·
963 2601 1104 2663 clericos
1121 2604 1319 2664 memoratos
1335 2603 1507 2664 immunes.
1527 2605 1630 2674 Quam
1647 2601 1759 2680 utique

112 2708 298 2776 sentarunt,
317 2704 425 2765 utsub
451 2703 725 2780 ipsiusexamine
747 2705 908 2764 ventilata
963 2700 1216 2761 conventionem
1249 2700 1457 2761 amicabilem
1482 2700 1522 2761 de
1550 2715 1692 2760 assensu
1725 2702 1758 2761 et

111 2803 177 2863 tlne
208 2802 316 2863 debito
346 2801 565 2862 clauderetur.
595 2804 622 2861 Α
649 2801 768 2878 quibus
795 2801 908 2878 utique
962 2797 1132 2858 voluntate
1147 2798 1433 2875 utriusquepartis
1445 2797 1564 2859 factam
1577 2813 1638 2859 nos
1651 2799 1757 2858 ratam

109 2900 244 2962 clericis
265 2900 351 2960 idem
372 2902 449 2961 tuus
464 2898 690 2975 praedecessor
710 2896 851 2975 petebat,
873 2900 909 2959 ut
964 2894 1121 2955 habentes
1137 2897 1170 2956 et
1185 2896 1325 2966 firmam,
1343 2911 1417 2956 eam
1430 2895 1470 2955 ad
1487 2895 1658 2972 exemplar
1667 2897 1759 2972 ejus-

109 3000 263 3076 quartam
290 2999 415 3073 partem
436 2996 692 3056 decimationum
714 2997 747 3056 et
761 2994 906 3056 oblatio·
962 2991 1036 3052 dem
1050 2992 1305 3068 praedecessoris
1321 2992 1425 3052 nostri
1440 2992 1638 3055 auctoritate
1651 2994 1759 3067 Apos-

110 3112 191 3157 uum
208 3096 401 3170 decerpere
417 3093 561 3155 civitatis
575 3092 638 3153 sibi
653 3092 797 3153 debitam
810 3093 908 3153 exhi·
962 3089 1061 3151 tolica
1077 3090 1311 3150 confirmamus
1326 3093 1358 3149 et
1374 3089 1548 3165 praesentis
1567 3087 1682 3165 scripti
1695 3104 1756 3164 pa-

107 3189 239 3253 berent.
258 3188 394 3250 Petebat
409 3188 520 3259 etiam,
544 3190 579 3248 ut
600 3203 640 3248 eo
662 3188 820 3263 tempore,
843 3204 907 3264 quo
961 3186 1367 3248 trociniocommunimus.

108 3289 184 3365 ipse
200 3288 253 3348 vel
280 3302 489 3347 successores
506 3285 557 3346 sui
580 3286 620 3346 ad
643 3288 825 3346 Romanam
841 3288 906 3346 Ec·
1002 3285 1071 3345 Nos
1085 3299 1175 3360 ergo,
1189 3285 1273 3362 quod
1290 3300 1390 3361 super
1411 3284 1474 3345 hoc
1487 3284 1528 3345 ab
1541 3284 1655 3345 eodem
1672 3301 1758 3361 prae-

107 3385 249 3446 clesiam
262 3383 458 3446 accederent
473 3383 771 3453 consecrandi,seu
785 3384 909 3443 Roma·
962 3380 1135 3443 decessore
1159 3384 1272 3443 nostro
1295 3381 1497 3453 factumest,
1522 3380 1754 3458 approbantes,

108 3496 191 3541 num
221 3478 425 3549 Pontificem,
452 3478 684 3554 imperatorem
713 3478 765 3538 vel
795 3493 907 3554 regem
962 3478 1044 3540 illud
1055 3479 1448 3555 auctoritatehpostolica
1464 3478 1708 3551 confirmamus,
1724 3482 1758 3541 et

107 3593 212 3639 causa
228 3576 428 3637 visitationis
442 3575 582 3646 adirent,
600 3575 716 3636 clerici
731 3575 793 3635 sibi
807 3575 907 3652 adJ'u-
962 3577 1135 3652 praesentis
1157 3577 1270 3654 scripti
1294 3576 1479 3653 patrocinio
1501 3576 1754 3658 communimus.
1824 3598 1846 3657 j

107 3675 233 3738 terium
249 3671 479 3749 impenderent
495 3672 727 3748 opportunum.
745 3672 812 3747 Ipsi
827 3687 906 3732 vero
962 3673 1053 3734 Nulli
1066 3675 1289 3749 ergoomnino
1303 3674 1473 3734 hominum
1485 3673 1586 3736 liceat
1598 3675 1684 3735 hano
1697 3690 1757 3750 pa·
1806 3684 1810 3689 ’

108 3770 177 3831 sibi
191 3770 233 3831 ad
244 3769 316 3830 haec
327 3769 452 3845 pariter
462 3767 714 3844 respondebant,
732 3767 817 3845 quod
832 3784 906 3828 cum
961 3770 1074 3844 ginam
1089 3773 1211 3831 nostrae
1225 3771 1485 3832 confirmationis
1499 3771 1691 3846 intringere,
1703 3772 1756 3832 vel

107 3867 375 3946 praedecessores
395 3864 499 3941 ipsius
518 3865 663 3941 quinque
679 3863 905 3924 hebdomada·
962 3867 992 3927 ei
1008 3882 1092 3927 ausu
1107 3868 1284 3929 temerario
1305 3869 1481 3929 contraire.
1499 3868 1623 3946 Siquis
1646 3873 1756 3931 autem

105 3965 190 4035 rios,
208 3964 437 4041 presbyterum
450 3963 589 4032 scilicet,
605 3962 750 4035 levitam,
768 3961 906 4021 subdia·
961 3963 1025 4024 hoc
1039 3965 1202 4025 attentare
1215 3946 1474 4041 praesumpserit,
1491 3965 1755 4044 indignationem

106 4077 242 4131 conum,
260 4060 424 4138 acolytam
451 4062 484 4122 et
508 4060 692 4128 sacristam,
721 4074 779 4135 per
803 4060 905 4120 totam
960 4061 1194 4138 omnipotentis
1206 4062 1275 4133 Dei,
1286 4066 1319 4122 et
1330 4061 1501 4122 beatorum
1518 4063 1649 4124 Petriet
1660 4064 1755 4123 Pauli

105 4161 303 4220 tenerentur
317 4157 557 4218 hebdomadam
579 4171 769 4233 procurare,
786 4157 820 4217 et
843 4156 905 4216 hoc
960 4158 1185 4234 apostolorum
1200 4162 1283 4236 ejus,
1297 4175 1333 4219 se
1347 4159 1714 4221 noveritincursnrum.
1782 4144 1787 4148 ’

106 4255 159 4317 eis
170 4254 380 4331 importabile
390 4254 575 4326 videretnr3
588 4240 634 4313 ita
650 4269 723 4314 cum
734 4252 905 4314 canonicis
1000 4257 1117 4316 Datum
1131 4256 1215 4332 apud
1234 4255 1353 4316 Urbem
1363 4258 1527 4330 Veterem,
1542 4259 1585 4319 tv
1593 4256 1754 4318 kalendas

106 4354 348 4424 convenerunt,
366 4354 401 4413 ut
416 4367 475 4428 pro
491 4351 799 4427 recompensatione
821 4366 903 4426 pro·
960 4354 1104 4430 augusti,
1120 4353 1331 4430 pontificatus
1344 4355 1450 4416 nostri
1461 4362 1550 4417 anno'
1564 4355 1691 4433 quinto.

105 4451 319 4512 curationum
344 4448 609 4525 supradictarum
634 4447 797 4508 haberent
823 4447 904 4524 ipsis

105 4547 261 4626 quartam
286 4548 412 4624 partem
434 4546 692 4607 decimationum
707 4547 740 4606 et
763 4544 905 4605 oblatio·
1325 4495 1381 4583 VI

105 4661 187 4706 num
203 4644 243 4704 de
272 4658 411 4720 corpore
426 4643 580 4714 civitatis,
608 4642 694 4703 sicut
708 4641 743 4701 in
770 4641 904 4717 scriptis
1112 4631 1164 4690 Ad
1177 4630 1365 4703 capitutum
1383 4631 1595 4702 sparamese.

104 4741 203 4803 bonae
230 4742 398 4802 memoriae
427 4741 557 4811 (laudii,
588 4740 727 4801 (berardi
752 4740 785 4800 et
813 4739 902 4800 Petri
1252 4737 1362 4812 attiuhi
1380 4739 1459 4796 12²0.

105 4840 388 4919 praedecttSSOI'um
412 4853 547 4899 suorum
562 4836 751 4898 continetur
766 4853 904 4913 expres·
1084 4845 1176 4909 [Fejem
1188 4844 1272 4895 Codex
1284 4844 1346 4908 dipl.
1363 4845 1457 4908 flung„
1472 4844 1546 4906 lll,1,
1558 4844 1627 4911 m]

105 4953 191 4999 sum.
223 4936 383 4998 Petebant
407 4936 545 5011 insuper
566 4933 739 4995 duodecim
764 4933 902 5009 prandia
958 4943 1101 5001 Honorius
1115 4942 1284 5000 electionem
1297 4941 1624 5015 Guncelliseprobasse,
1638 4952 1666 5002 et
1680 4959 1749 5002 con·

105 5036 207 5096 certis
220 5034 299 5094 anui
314 5032 548 5095 festivitatibus
565 5031 788 5108 percipienda,
804 5033 901 5107 pota-
993 5031 1182 5089 secretionem
1206 5032 1295 5104 ipsius
1316 5031 1439 5089 lloberto
1454 5032 1660 5104 vesprimiensi
1674 5035 1750 5107 epis·

103 5133 215 5195 tiones
237 5130 449 5191 sabbatorum
472 5132 505 5191 et
519 5129 769 5206 procurationes
797 5128 903 5190 tribus
992 5135 1065 5193 ⁰0lt0
1079 5119 1227 5188 detulisse,
1240 5120 1393 5192 spalatinis
1407 5120 1561 5194 ὓῑῑῦῑῆῡθῑ·

105 5228 387 5299 hebdomadariis,
416 5228 557 5303 singulis
585 5225 701 5287 diebus
727 5226 903 5288 dominicis
997 5228 1164 5289 Honorius
1201 5229 1387 5306 episcopus,
1422 5245 1539 5291 servus
1578 5246 1750 5293 servorum

103 5325 325 5388 exhibendas.
349 5326 429 5385 Cum
449 5325 552 5399 igitur
569 5324 656 5385 idem
678 5324 904 5399 praedecessor
958 5324 1028 5396 Dei,
1041 5324 1171 5386 dilectis
1182 5324 1272 5396 filiis,
1285 5325 1430 5402 capitulo
1443 5326 1643 5402 Spalatensi‚
1657 5327 1751 5388 salu·

104 5426 218 5485 vester
228 5423 341 5483 multis
352 5424 384 5483 et
397 5422 500 5483 variis
513 5421 655 5497 negotiis
666 5424 845 5499 occupatus
861 5423 901 5484 ad
959 5423 1022 5484 tem
1038 5422 1071 5483 et
1084 5422 1299 5498 apostolicam
1316 5422 1590 5484 benedictionem.

105 5521 179 5582 hmc
199 5520 401 5597 respondere
426 5536 492 5580 non
516 5519 654 5587 valeret,
678 5520 902 5582 venerabilem
999 5519 1089 5581 Licet
1113 5519 1147 5579 in
1171 5519 1328 5581 dilectum
1350 5521 1465 5590 hlium,
1481 5519 1617 5581 fratrem
1634 5520 1751 5598 hospi·

105 5620 243 5682 tratrem
257 5620 443 5679 nostrumt.
459 5619 537 5678 tunc
548 5616 799 5689 viterbiensem,
817 5635 904 5680 nitriae
960 5617 1036 5680 talis
1052 5619 1085 5679 S.
1097 5617 1361 5695 regisstepnani
1374 5618 1414 5678 de
1428 5616 1546 5678 ordine
1559 5619 1750 5682 crucifero-
