3824 6180
127 120 164 181 73
550 110 561 125 ·
746 120 974 181 urisroum.
999 120 1075 179 mu.
1100 120 1160 179 ns·
1473 86 1494 163 .'
1735 110 1775 179 ⁷¹¹

164 280 381 342 Praesenlatae
409 279 505 342 nebis
544 279 737 343 dilectorum
776 279 920 343 illiorum

125 377 264 455 capituli
279 378 512 440 Brecbineusis
521 378 671 439 ecclesiae
685 377 806 439 litterae
813 377 923 439 conti-

126 475 259 547 nebant,
277 476 362 551 quod
373 492 487 537 eorum
503 476 643 537 ecclesia
659 475 802 553 pastoris
826 474 920 535 sola-

125 572 171 634 tio
195 572 365 645 destituta,
391 573 455 650 ipsi
478 576 575 650 prout
598 572 698 633 moris
723 574 772 634 est
798 588 922 634 conre-

127 670 256 731 uientes
285 670 319 731 iu
342 687 455 741 unum,
484 671 599 732 Sancti
635 670 778 747 Spiritus
814 670 922 747 gratia

126 768 292 839 invocata,
308 768 464 829 dilectum
480 768 584 828 illium
603 768 809 843 Gregorium‚
826 770 921 845 ejus-

128 866 200 925 dem
215 865 364 926 ecclesiae
378 865 661 936 archidiaconum,
678 866 786 927 virum
812 867 924 927 scien-

128 964 172 1023 tia
200 964 234 1023 et
259 963 406 1024 moribus
435 964 633 1025 adornatum
657 964 720 1024 sibi
752 965 924 1040 elegeruut

130 1061 290 1121 canonice
305 1077 344 1122 ac
360 1062 568 1122 concorditer
582 1062 616 1122 iu
632 1063 797 1139 pastorem
814 1078 820 1121 :
838 1061 923 1121 unde

128 1157 223 1217 uobis
264 1158 434 1219 humiliter
468 1159 708 1235 supplicarunt,
749 1160 783 1221 ut
818 1160 923 1219 eidem

127 1255 232 1316 electo
249 1255 433 1316 laceremus
448 1274 568 1317 munus
584 1257 846 1318 consecrationis
861 1257 925 1316 ini-

127 1353 237 1429 peudi.
255 1355 322 1414 Nos
338 1354 441 1429 igitur
455 1354 495 1414 de
510 1354 711 1415 discretione
725 1357 782 1415 tua
798 1369 922 1429 geruu-

129 1453 177 1510 tes
212 1449 366 1510 fiduciam
388 1451 582 1527 pleniorem,
623 1450 823 1513 fraternitati
859 1453 924 1512 trice

127 1561 186 1622 per
210 1548 400 1623 Apostolica
424 1548 546 1625 scripta
572 1549 777 1621 mandamus,
803 1549 923 1625 quate-

127 1660 189 1704 nus
206 1645 247 1706 de
269 1645 375 1720 ipsius
401 1645 575 1706 electionis
600 1645 707 1715 modo,
731 1645 924 1722 eligentium

128 1742 258 1810 studiis,
295 1745 327 1803 et
356 1743 452 1803 electi
466 1743 593 1804 meritis
623 1743 762 1804 veritate
794 1743 925 1819 plenius

127 1838 298 1913 inquisita,
316 1840 344 1899 si
359 1840 557 1901 electionem
570 1841 675 1917 ipsam
701 1840 870 1901 inveneris
885 1839 925 1899 de

129 1948 271 2009 persona
291 1933 422 2005 idonea,
440 1950 513 2011 quae
536 1936 627 1995 tanto
644 1937 805 2010 congruat
831 1933 924 1995 oneri

127 2032 160 2090 et
170 2030 302 2101 honori,
320 2030 480 2092 canonIce
493 2031 705 2102 celebratam,
723 2032 827 2109 ipsam
844 2048 927 2092 auc-

128 2128 262 2189 toritate
282 2130 395 2189 nostra
421 2130 608 2200 connrmes,
626 2132 658 2190 et
679 2129 843 2207 adjunctis
867 2128 925 2190 tibi

128 2223 318 2286 duobusvel
327 2225 433 2287 tribus
442 2227 626 2288 convicinis
641 2227 806 2303 episcopis
818 2227 924 2288 eidem

130 2323 236 2383 electo
250 2339 370 2384 munus
385 2324 646 2384 consecrationis
659 2324 843 2400 impendas,

167 2421 287 2481 Datum
312 2421 478 2491 Laterani,
496 2422 601 2482 XVIII
626 2422 786 2482 kalendas
802 2425 927 2498 janua·

133 2517 184 2587 rii,
199 2517 410 2593 pontificatus
426 2519 531 2579 nostri
541 2533 629 2579 anno
644 2519 753 2581 tertio.

466 2686 587 2773 LXXI

275 2822 326 2880 Ait
340 2821 495 2880 abbatem
507 2822 778 2882 cisterciensem.

394 2934 427 2990 le
441 2931 569 2992 decemb.
586 2934 664 2990 lilii.

128 3038 280 3102 [biennique.
290 3039 606 3096 Annal.Cisterc.IV,l85;
614 3040 900 3103 llonumcntspourscri
908 3040 928 3088 ir

174 3118 319 3169 al'lristoire
327 3119 359 3168 de
370 3120 395 3168 Is
403 3119 521 3183 province
530 3120 560 3169 de
568 3120 672 3180 ¹tamur,
680 3120 711 3178 ll,
719 3134 736 3176 r,
745 3119 785 3177 ἥ,
797 3134 822 3167 n.
831 3119 881 3183 li]

104 3272 108 3277 .
130 3225 240 3282 lubibet
261 3226 378 3298 nequis
399 3226 434 3282 ab
453 3226 495 3283 esss
515 3225 550 3282 de
572 3225 720 3283 novalibus
737 3226 781 3283 vel
802 3226 838 3282 de
855 3241 929 3283 novo

163 3314 310 3385 acquisitis
325 3316 369 3372 vel
382 3314 442 3387 jam
455 3316 596 3386 possessis
609 3314 736 3372 decimas
753 3316 870 3389 exigere
884 3316 927 3372 vel

162 3411 334 3474 extorquere
352 3412 514 3475 praesumat

166 3513 335 3572 Honorius
346 3513 532 3588 episcopus,
547 3528 664 3573 servus
675 3528 846 3573 servorum
856 3515 926 3579 liei,

128 3609 239 3669 abbati
251 3609 518 3679 Gleterciensi,et
533 3610 697 3669 universis
714 3609 928 3671 coabbatibus

128 3710 211 3783 ejus,
229 3710 261 3767 et
276 3706 434 3767 fratribus
448 3707 508 3766 sub
524 3707 639 3768 eodem
653 3706 769 3768 ordine
783 3709 849 3768 Deo
862 3724 928 3768 sor·

127 3803 307 3864 cientibus.

165 3900 336 3975 Contingit
358 3900 533 3969 interdum,
559 3901 644 3978 quod
669 3901 819 3961 nonnulli
845 3918 927 3977 pro-

127 3998 210 4074 priis
233 3996 461 4058 incumbentes
476 3997 660 4069 affectibus,
682 3999 759 4058 dum
782 4000 929 4059 sanctio-

127 4113 206 4155 num
234 4100 369 4155 censu'm
394 4096 579 4171 legitimum
606 4097 645 4156 ad
676 4112 736 4155 sua
766 4098 841 4157 vota
862 4113 926 4157 uon

127 4192 251 4253 liabent
300 4193 608 4261 accommodatum,
659 4194 929 4269 superadducunt

126 4291 317 4351 adulterum
337 4290 551 4362 intellectum,
574 4290 609 4350 in
635 4291 810 4367 temporali
833 4309 926 4352 coru-

127 4388 274 4465 peudio,
313 4390 488 4449 externum
517 4388 747 4464 compendium
782 4405 847 4448 uon
881 4390 927 4450 ti-

127 4488 257 4548 mentes
279 4484 337 4564 (1).
378 4488 480 4557 Sane,
512 4487 589 4562 quia
616 4487 702 4547 sicut
726 4487 925 4559 audivimus

127 4583 263 4660 quidam
284 4600 345 4644 suo
373 4583 472 4643 nimis
498 4583 699 4644 inhaerentes
715 4584 850 4658 ingenio
866 4586 926 4663 (2),

128 4681 339 4757 nimiumque
352 4680 533 4740 voluntarii
544 4681 681 4740 Concilii
698 4682 865 4756 generalis
880 4683 929 4743 iu·

128 4779 301 4853 terpretes,
316 4776 356 4836 de
374 4776 548 4837 novalibus
557 4781 630 4853 post
644 4778 731 4838 idem
745 4779 926 4839 Concilium

128 4874 315 4952 acquisitis,
341 4890 361 4934 a
387 4873 481 4935 vobis
511 4876 681 4950 contingat
708 4875 856 4937 indebita
879 4876 927 4953 (3)

128 4972 360 5034 molestatione
380 4972 508 5043 vexari,
535 4988 595 5032 rios
620 4972 927 5048 interpretationem

164 5102 206 5174 (I)
223 5102 386 5159 Etiamnum
400 5101 581 5174 dispendium
596 5088 820 5177 (merubidos).

163 5176 206 5249 (2)
223 5173 367 5231 lnlraereui
380 5174 507 5245 iugenio.
523 5173 613 5244 (blou.
624 5171 736 5245 histor.)

128 5243 926 5388 (ἐξ),ἳῗξθεῶῗῑ)ὶιωονυτὺε;Λυοὸἱεοοηεὶιιραίίηάεὺϋα.

163 5390 207 5463 (a)
226 5388 368 5457 luipsaru.
400 5382 438 5455 (b)
452 5384 556 5441 Etiam.
597 5384 830 5455 (cll‘uudioruur.

163 5462 202 5529 ll)
220 5456 417 5514 :ldi'crtrules
435 5456 522 5529 (bion.
538 5454 656 5529 luston).

80 5594 127 5733 b.

123 5732 250 5936 Χ
340 5930 345 5935 ,

975 278 1109 340 illorum
1141 278 1326 341 intellectui
1351 276 1598 342 constitutionis
1628 277 1780 355 praedicti

976 375 1116 437 concilii
1125 391 1226 453 super
1239 374 1656 437 Cisterciensiumdecimis
1666 374 1775 449 editas,

977 473 1148 535 afferimus
1163 474 1383 549 peregrinam3
1397 474 1431 533 in
1442 471 1571 551 ipsaia)
1580 472 1712 550 quidem
1721 488 1777 535 ex·

977 587 1092 647 presse
1101 572 1247 642 cauetur,
1269 573 1303 631 ut
1317 570 1357 631 de
1370 571 1489 631 alienis
1506 571 1617 641 terris,
1632 573 1665 632 et
1686 587 1781 633 amo·
1873 592 1891 631 .·

977 669 1018 729 do
1029 667 1075 748 (b)
1086 668 1309 745 acquirendis,
1327 671 1435 746 etjam
1447 669 1476 728 si
1491 685 1548 730 eas
1561 670 1780 746 propriisma·

977 766 1086 837 nibus,
1111 767 1167 827 aut
1196 766 1380 842 sumptibus
1409 766 1598 837 colueritis,
1633 767 1779 829 decimas

979 865 1177 941 persolvatis
1189 863 1351 935 ecclesiis,
1364 864 1483 941 quibus
1497 865 1626 925 ratione
1639 864 1779 940 praedic-

979 963 1086 1023 torum
1107 960 1152 1039 (c)
1183 964 1281 1023 antea
1300 962 1525 1022 solvebantur.
1558 962 1650 1023 Unde
1679 961 1707 1021 si
1732 962 1774 1022 ad

979 1059 1184 1141 propositum
1196 1060 1301 1119 aciem
1323 1059 1533 1121 discretionis
1549 1059 1776 1130 extenderent,

979 1157 1190 1218 admittentes
1198 1155 1245 1234 (4)
1255 1157 1483 1227 nibilominus,
1503 1156 1671 1233 dequibus
1680 1172 1780 1217 nova·

980 1255 1067 1315 libus
1091 1254 1280 1330 ApostoIIca
1298 1255 1399 1315 Sedes
1415 1255 1579 1330 intelligat
1600 1254 1779 1331 indulgen-

979 1352 1060 1413 tiam
1068 1350 1115 1430 (5)
1125 1353 1519 1413 concessamretractare:
1534 1353 1608 1412 Non
1622 1352 1670 1413 sic
1678 1368 1779 1428 super

982 1448 1157 1509 novalibus
1165 1465 1257 1509 uovae
1269 1449 1553 1526 interpretationis
1562 1448 1706 1510 ludibrio
1722 1449 1778 1509 in-

980 1546 1077 1622 genia
1088 1545 1268 1621 fatigarent
1280 1545 1339 1625 (6);
1351 1563 1457 1623 neque
1469 1546 1559 1607 enim
1574 1546 1708 1607 novalia
1721 1546 1778 1607 di-

980 1645 1101 1705 cuntur
1112 1644 1257 1720 quoquis
1267 1644 1306 1704 de
1319 1645 1565 1720 uovoacquirit
1579 1644 1637 1704 sed
1651 1660 1726 1720 quae
1738 1644 1778 1705 de
1856 1672 1861 1677 ·
1906 1630 1911 1635 ¹

981 1758 1067 1802 novo
1087 1741 1176 1812 colit,
1202 1757 1277 1802 cum
1299 1742 1459 1804 haetenus
1480 1741 1617 1812 inculta,
1644 1743 1677 1803 et
1691 1742 1776 1803 nulli

981 1838 1181 1899 redditualia
1194 1839 1444 1899 remansissent.
1468 1838 1657 1899 lubibemus
1673 1839 1775 1914 igitur

981 1935 1180 1997 auctoritate
1195 1936 1419 2012 praesentium,
1434 1937 1469 1997 ut
1479 1935 1590 1997 nullus
1602 1951 1622 1995 a
1633 1935 1778 1997 vobisdo

981 2032 1155 2093 novalibus
1181 2049 1200 2093 a
1224 2025 1536 2109 tempore'Concilii
1557 2033 1710 2100 excultis,
1725 2033 1778 2093 vel

981 2130 1016 2189 in
1032 2131 1199 2207 posterum
1216 2130 1358 2206 propriis
1379 2130 1531 2190 manibus
1559 2132 1617 2191 aut
1636 2132 1780 2207 sumpti-

981 2227 1042 2287 bus
1055 2227 1245 2288 excolendis
1262 2227 1321 2307 (7),
1339 2227 1410 2289 sive
1423 2228 1463 2289 de
1481 2244 1597 2289 novoa
1613 2227 1706 2289 vobis
1721 2244 1781 2289 ac-

981 2325 1124 2402 quisitis,
1136 2325 1206 2386 sive
1216 2325 1257 2385 ab
1271 2325 1350 2385 olim
1361 2326 1536 2402 possessis,
1548 2325 1694 2386 decimas
1707 2326 1781 2387 exi-

981 2437 1071 2497 gere,
1094 2421 1145 2482 vel
1170 2423 1367 2498 extorquere
1386 2425 1576 2499 praesumat.
1593 2421 1686 2482 Nulli
1701 2438 1780 2499 ergo

982 2518 1117 2579 omniuo
1146 2519 1316 2579 bominum
1351 2519 1438 2579 hane
1471 2520 1627 2597 paginam
1657 2514 1782 2581 nostrae

983 2616 1244 2678 condrinationIs
1261 2617 1455 2691 infringere,
1465 2618 1517 2678 vel
1531 2618 1561 2678 ei
1577 2633 1661 2678 ausu
1671 2618 1780 2679 teme-

983 2714 1073 2775 rario
1094 2715 1271 2776 contraire.
1298 2714 1428 2790 Siquis
1453 2717 1563 2776 autem
1586 2715 1649 2777 boc
1672 2716 1782 2777 atten-

982 2813 1054 2871 tare
1070 2813 1328 2889 praesumpserit,
1345 2813 1607 2888 indignationem
1633 2812 1779 2889 omnipo·

985 2909 1084 2970 tentls
1100 2910 1170 2979 Dei,
1183 2911 1216 2969 et
1230 2909 1402 2970 beatorum
1418 2911 1507 2969 Petri
1523 2911 1555 2971 et
1572 2910 1666 2971 Pauli
1682 2926 1782 2987 apos-

983 3005 1126 3065 tolorum
1142 3008 1225 3081 eius,
1240 3022 1275 3065 se
1292 3006 1422 3066 noverit
1436 3007 1659 3067 incursurum.

1024 3103 1141 3162 Datum
1178 3102 1359 3172 Laterani,
1402 3103 1529 3163 decimo
1564 3103 1678 3179 quinto
1715 3103 1780 3163 ka·-

984 3198 1098 3260 lendas
1116 3200 1288 3277 januarii,
1321 3200 1531 3276 pontificatus
1558 3200 1663 3262 nostri
1692 3214 1781 3261 anuo

983 3297 1092 3358 terno.

1310 3405 1453 3491 LXXII

1057 3532 1108 3589 Ad
1123 3529 1270 3589 Petrmu
1285 3531 1439 3591 cebetem
1455 3531 1488 3591 ct
1502 3532 1707 3591 corruentium

1181 3632 1214 3685 δ’.
1233 3630 1381 3701 Reriliipii
1398 3631 1587 3688 liciitcusis.

1248 3739 1280 3796 lit
1293 3738 1422 3795 decemb.
1437 3740 1515 3796 1218.

1009 3845 1107 3906 Nuria,
1120 3843 1242 3894 dccliircs
1253 3844 1470 3895 administratives
1480 3845 1510 3894 de
1519 3845 1639 3903 lleims,l,
1656 3859 1684 3901 ιι,
1695 3846 1751 3903 tio,

1337 3939 1364 3973 n.
1378 3925 1430 3989 iil

984 4012 1116 4085 Indulget
1132 4021 1162 4069 ut
1174 4014 1268 4069 nullus
1288 4014 1315 4070 iu
1332 4028 1382 4069 eos
1396 4016 1440 4070 vel
1451 4029 1550 4070 corum
1574 4014 1780 4071 monasterium

1018 4103 1080 4158 sine
1103 4101 1253 4160 manifesta
1274 4110 1302 4159 et
1324 4103 1484 4159 rationabili
1506 4118 1593 4160 causa
1614 4118 1780 4161 excommu-

1020 4192 1181 4260 nicationis,
1194 4193 1392 4264 suspensionis
1407 4180 1602 4250 sel‘iutcrdieti
1624 4193 1783 4251 sententias

1020 4282 1203 4354 promulgare
1220 4290 1382 4354 praesumat.

1023 4390 1202 4460 Honorius,
1217 4393 1292 4461 etc,
1304 4390 1432 4451 dilectis
1446 4390 1524 4450 filiis
1537 4390 1647 4451 abbati
1659 4394 1691 4452 et
1706 4407 1782 4453 con·

984 4488 1096 4548 ventui
1132 4491 1165 4547 S.
1197 4488 1339 4563 RemIgii
1370 4489 1553 4559 Remensis,
1580 4489 1721 4550 salutem
1749 4491 1782 4550 et
1870 4530 1887 4543 a

983 4586 1199 4663 apostolicam
1212 4585 1486 4645 benedictionem.

1029 4686 1068 4745 ut
1090 4683 1314 4761 improborum
1335 4681 1504 4743 temerilas
1529 4698 1603 4759 quae
1623 4682 1692 4759 juri
1720 4700 1782 4760 pu-

983 4780 1069 4841 blico
1085 4783 1276 4850 reluctatur,
1296 4779 1464 4840 eltlcacius
1479 4779 1675 4851 refrenetur,
1691 4797 1779 4841 uou-

983 4893 1163 4953 numquam
1200 4876 1286 4953 qriod
1314 4880 1364 4938 est
1398 4877 1481 4937 meri
1515 4880 1602 4954 Juris
1639 4880 1781 4954 petenti-

983 4974 1044 5034 bus
1084 4973 1274 5050 specIaliter
1316 4975 1549 5050 indulgemus,
1594 4992 1668 5037 cum
1706 4976 1780 5053 plus

1019 5104 1060 5175 (ὅ)
1078 5102 1195 5163 Additur
1224 5112 1287 5176 post
1313 5104 1521 5179 indulgentiam
1540 5123 1547 5163 :
1564 5108 1653 5175 Super
1675 5108 1781 5165 tutibus

980 5177 1228 5246 plumculmen.
1250 5176 1361 5246 histor.)

1019 5247 1064 5318 llil
1083 5248 1151 5303 Post
1183 5247 1339 5317 sclipurem
1377 5245 1479 5304 desunt
1510 5246 1593 5304 liucae
1629 5258 1782 5320 sequentes

983 5333 1073 5389 usque
1086 5318 1249 5373 iubilemus.
1269 5319 1357 5387 (lton.
1376 5317 1489 5379 luston.)

1019 5391 1058 5462 (ll
1073 5391 1181 5445 Desunt
1193 5397 1279 5445 etiarn
1291 5389 1348 5443 lucc
1364 5389 1446 5443 ucria
1462 5382 1544 5443 :Siue
1558 5390 1591 5447 <le
1605 5406 1674 5447 ricco
1691 5406 1780 5463 usquc

983 5459 1113 5516 decipias.
1129 5459 1218 5533 (lion
1236 5457 1350 5529 histor.)
