3774 6186
115 319 174 379 425

115 474 311 550 dicatorum,
335 478 422 540 sicut
440 480 623 552 credimus,
647 481 807 543 Dominus
834 498 911 543 sus·

115 575 241 648 citavit,
269 576 328 653 qui
356 590 426 638 non
450 593 524 655 quae
549 594 609 640 sua
636 580 723 650 sunt,
751 579 808 640 sed
835 596 909 657 quae

115 673 238 734 Christi
267 678 464 751 quarentes,
488 678 554 736 tam
584 677 699 737 contra
728 675 910 752 profligan·

116 768 174 832 das
207 771 364 841 haereses,
399 789 498 848 quarn
535 775 652 834 contra
684 776 794 849 pestes
826 774 910 835 alias

118 867 304 930 mortiferas
318 868 532 945 extirpandas
548 869 793 933 se-dedicarunt
806 886 910 932 evan-

117 964 306 1039 gelizationi
326 966 419 1027 verbi
431 967 490 1027 Dei
505 968 539 1027 iu
553 967 738 1044 abjectione
752 968 909 1029 volunta-

117 1062 172 1124 riae
204 1064 419 1139 paupertatis.
445 1065 514 1124 Nos
541 1065 644 1138 igitur
672 1081 786 1125 eorum
820 1066 909 1140 pium

116 1162 334 1236 propositum,
362 1162 396 1222 et
423 1161 648 1226 necessarium
688 1163 908 1224 ministerium

113 1256 230 1321 tavare
267 1260 514 1336 prosequentes,
544 1258 785 1321 fraternitatem
818 1262 907 1321 tuam

109 1357 236 1431 praeis
252 1356 435 1432 rogandam
455 1356 620 1428 duximus
647 1359 680 1419 et
699 1357 906 1428 mouendam,

104 1468 170 1530 per
186 1454 377 1530 apostolica
391 1453 450 1514 tibi
466 1455 589 1532 scripta
605 1453 811 1526 mandantes,
826 1472 911 1531 qua-

103 1552 210 1616 tenus
232 1551 273 1612 oh
299 1552 520 1613 reverentiam
541 1551 700 1623 divinam,
714 1553 748 1613 et
761 1555 908 1613 nostram

99 1663 169 1708 eos
196 1646 321 1709 habeas
346 1648 497 1710 devotius
524 1649 788 1719 commendatos,
812 1651 849 1711 ut
867 1649 908 1710 ad

97 1746 355 1822 promotionem
374 1762 489 1807 eorum
511 1747 638 1807 ordinis
662 1746 774 1808 taliter
794 1747 907 1808 inteu-

97 1842 192 1904 dere
224 1843 369 1915 studeas,
398 1843 485 1921 quod
514 1844 600 1921 apud
632 1847 746 1915 Deum,
778 1845 831 1905 cui
860 1846 909 1905 est

97 1955 229 2002 eorum
259 1943 354 2018 grata
380 1941 516 2017 religio,
544 1942 652 2018 possis
680 1942 909 2020 multipliciter

97 2040 308 2116 promereri,
329 2039 362 2101 et
381 2039 460 2101 dicti
481 2038 602 2102 iratres
620 2056 679 2116 per
698 2040 908 2116 cooperatio-

100 2150 189 2196 nem
203 2138 306 2207 tuam,
317 2138 350 2196 et
359 2136 501 2196 aliorum
515 2135 660 2196 fidelium
673 2135 909 2208 roborati,sns·

97 2234 198 2310 cepti
224 2233 400 2294 ministerii
427 2248 560 2293 cursum
588 2231 719 2294 felicius
748 2249 906 2294 cousum-

103 2331 254 2398 mantes,
270 2331 418 2407 optatum
431 2331 600 2407 reportent
621 2331 673 2391 sui
688 2330 812 2391 laboris
823 2330 908 2391 truc·

102 2431 193 2500 tum,
212 2430 245 2489 et
259 2428 371 2499 tinem,
383 2426 522 2490 salutem
538 2427 695 2490 videlicet
707 2428 904 2498 animarum,

103 2541 151 2587 ac
175 2541 237 2586 nos
261 2524 468 2587 devotionem
487 2527 579 2586 tuam
598 2525 719 2586 exinde
740 2525 905 2602 possimus

107 2623 147 2684 in
163 2623 303 2684 Domino
315 2622 558 2685 commendare.

152 2722 271 2782 Datum
286 2719 427 2783 viterbii
438 2720 545 2798 pridie
559 2735 664 2784 nonas
676 2721 754 2782 maii
768 2720 911 2797 pontifi--

113 2821 206 2881 catus
216 2818 424 2888 uostmanno
436 2818 574 2895 quarto,

431 2987 586 3073 CXXVI

112 3124 161 3193 Ad
194 3121 430 3182 Christianum
458 3123 616 3181 Prussiae
645 3123 841 3193 episcopum
871 3119 904 3180 et

130 3234 249 3281 orrtnes
262 3220 390 3280 Christi
401 3219 517 3290 fideles
530 3218 666 3278 >conitar
680 3218 880 3292 baptizatos.

411 3330 429 3388 8
443 3331 511 3387 maii
527 3331 605 3388 1220.

122 3438 229 3503 ibahar.
239 3438 394 3498 Romanum,
404 3437 445 3487 ed.
457 3438 544 3497 Taua,
553 3438 595 3494 lll,
608 3436 663 3485 369.
676 3435 812 3501 Raynaldi,
823 3436 889 3487 hun.

341 3516 408 3567 Eccl.
423 3517 456 3566 ad
470 3531 513 3566 an.
527 3514 673 3581 thabsia]

114 3617 204 3674 louet
233 3615 359 3689 pontifex
390 3615 489 3672 iideles
509 3629 592 3671 sacro
615 3615 785 3687 baptismate
813 3630 903 3688 nuper

143 3705 255 3763 ablutos
274 3712 305 3762 ut
327 3711 403 3762 atem
429 3705 546 3761 firmiter
570 3706 599 3760 in
625 3703 690 3771 tide,
711 3720 747 3760 ua
767 3705 903 3760 aerunmis

143 3792 332 3867 [tangentum
357 3794 426 3865 quin
455 3794 512 3849 imo
532 3791 707 3864 triumphent
726 3791 802 3863 quod
821 3792 902 3864 digni

141 3882 232 3941 hahiti
246 3883 303 3939 siut
317 3883 506 3939 contumelias
522 3881 578 3953 pati
594 3896 645 3953 pro
656 3879 776 3939 Christo.

146 3990 316 4054 Honorius
324 3990 509 4067 episcopus,
519 4006 633 4050 servus
647 4005 817 4050 servorum
830 3991 899 4061 Dei,

109 4088 292 4152 teuerahili
311 4087 406 4149 fratri
421 4088 587 4163 episcopo,
611 4088 644 4147 et
667 4087 798 4148 dilectis
823 4088 901 4148 liliis

107 4188 274 4250 universis
288 4185 411 4248 Christi
428 4184 581 4246 fidelihus
603 4185 733 4246 noviter
752 4184 903 4260 baptiza-

105 4285 148 4346 tis
164 4284 326 4356 prussiae,
343 4284 483 4346 salutem
503 4288 537 4345 et
556 4282 771 4359 apostolicam
795 4282 901 4344 bene-

99 4380 296 4445 dictionem.

141 4481 278 4542 Gratias
301 4480 431 4554 agimus
453 4478 604 4554 largitori
636 4478 783 4539 omnium
816 4495 900 4553 gra-

97 4579 239 4647 tiarum,
252 4577 309 4652 qui
325 4576 459 4653 propria
474 4576 581 4650 gloria
597 4578 630 4637 et
649 4577 771 4638 virtute
787 4593 844 4637 vos
860 4577 901 4637 de

97 4676 209 4737 variis
223 4690 375 4735 errorum
395 4673 540 4734 tenebris
562 4674 597 4734 in
621 4673 819 4734 admirabile
844 4674 900 4734 lu-

97 4787 179 4835 men
196 4772 274 4832 fidei
289 4771 475 4842 advocavit,
490 4773 522 4831 et
542 4772 576 4830 in
593 4771 730 4845 regione
745 4771 901 4832 habitan-

100 4871 192 4933 tibus
225 4868 405 4946 aliquando
433 4868 557 4929 umbrae
591 4868 706 4929 mortis
738 4868 901 4929 revelavit

99 4969 199 5030 vohis
224 4969 289 5043 per
305 4966 463 5042 Spiritum
487 4969 744 5037 Sauconnam,
771 4967 827 5043 qui
851 4968 901 5028 est

102 5065 163 5126 lux
183 5064 309 5135 mundi,
338 5064 441 5123 tilium
466 5080 562 5123 suum
586 5064 761 5125 homiuum
786 5067 899 5125 lesum

102 5164 283 5231 Christum,
301 5161 385 5221 utin
409 5161 580 5235 agnitione
602 5161 705 5237 ipsius
727 5161 800 5221 vias
823 5162 899 5222 vitae

103 5259 289 5321 certissime
310 5257 530 5326 ambulantes,
553 5258 609 5334 qui
631 5258 811 5334 aliquando
833 5274 899 5319 non

104 5357 246 5435 populus
260 5357 319 5416 Dei
333 5355 455 5426 inistis,
478 5372 565 5415 nunc
584 5354 725 5431 populus
739 5356 797 5416 Dei
812 5356 897 5427 sitis,

103 5462 136 5517 et
154 5455 210 5532 qui
233 5469 301 5515 non
324 5453 492 5515 consecuti
515 5452 789 5522 misericordiam,
810 5469 898 5513 nunc

104 5550 370 5616 misericordiam
396 5549 576 5620 consecuti,
591 5549 724 5626 possitis
747 5550 781 5610 iu
796 5549 900 5626 adop-

103 5651 190 5713 tione
208 5650 354 5710 riliorum
375 5649 435 5712 Dei
455 5649 573 5710 merito
587 5647 739 5724 gloriari,
757 5647 900 5711 haeredi-

733 322 960 383 EPISTOLAE.
986 322 1063 382 LIB.
1077 323 1141 391 qlV.

963 481 1064 542 tatem
1086 481 1380 543 incontaminatam
1405 481 1439 541 in
1462 477 1555 540 coelis
1570 480 1602 539 et
1616 478 1757 538 immar-

964 578 1150 640 cessibilem
1175 579 1338 655 adepturi.
1364 578 1570 654 Quapropter
1596 576 1759 636 universi·

962 676 1064 738 tatem
1090 678 1234 738 vestram
1261 691 1431 737 monemus
1469 675 1503 734 in
1534 673 1689 743 Domino,
1726 674 1759 733 et

963 774 1146 845 hortamur,
1164 776 1326 851 quatenus
1338 790 1395 834 vos
1410 774 1501 850 ipsos
1512 771 1629 847 dignos
1644 771 1759 831 divina

962 873 1138 933 vocatione
1152 871 1338 944 reddentes,
1356 887 1430 933 cum
1452 870 1542 931 omni
1555 869 1674 930 timore
1688 870 1758 930 Do·
1824 900 1826 905 ·

964 968 1044 1028 mini
1070 970 1164 1031 stetis
1190 970 1225 1029 in
1251 968 1314 1030 tide
1339 968 1481 1029 viriliter
1502 968 1536 1028 et
1553 967 1755 1038 constanter,

963 1067 1148 1127 exercendo
1169 1065 1244 1127 fidei
1267 1081 1367 1143 opera
1383 1066 1417 1125 in
1442 1065 1575 1134 virtute,
1592 1081 1657 1125 nou
1673 1080 1758 1124 con-

962 1163 1084 1225 tristati
1114 1163 1280 1241 aliquibus
1302 1162 1584 1234 tribulationibus,
1613 1178 1687 1238 quae
1717 1161 1757 1222 ad

963 1261 1092 1337 tempus
1113 1263 1201 1328 sunt,
1218 1261 1274 1321 sed
1300 1261 1403 1323 laetati
1421 1260 1541 1336 potius,
1559 1258 1645 1336 quod
1666 1258 1759 1335 digni

963 1357 1067 1418 hahiti
1088 1359 1167 1419 estis
1188 1374 1247 1434 pro
1278 1359 1411 1419 nomine
1433 1361 1514 1420 Jesu
1539 1356 1761 1418 contumelias

963 1456 1138 1516 sustinere.
1166 1456 1288 1516 Fidelis
1308 1456 1397 1519 enim
1421 1457 1508 1516 Deus
1530 1471 1590 1516 nos
1615 1455 1760 1530 patietur

962 1568 1021 1613 vos
1035 1553 1167 1619 tentari,
1189 1554 1276 1613 ultra
1299 1568 1397 1629 quam
1422 1552 1588 1614 sustinere
1610 1552 1755 1628 possitis,

963 1650 1019 1710 sed
1036 1649 1136 1711 faciet
1150 1665 1222 1710 cum
1244 1651 1427 1711 tentatione
1451 1650 1663 1725 proventum;
1679 1649 1757 1724 quia

963 1748 1048 1824 quod
1060 1749 1327 1809 momentaneum
1338 1749 1429 1808 estet
1439 1747 1511 1807 leve
1523 1746 1756 1818 tribulationis,

962 1845 1159 1906 immensum
1181 1844 1276 1906 vohis
1301 1845 1428 1920 pondus
1449 1845 1565 1919 gloriae
1588 1847 1756 1920 operatur.

963 1943 1125 2004 Sicorim
1149 1942 1387 2005 clarificabitur
1410 1942 1559 2003 Christus
1590 1941 1626 2002 in
1650 1941 1755 2013 vobis,

962 2041 991 2101 si
1004 2057 1062 2102 vos
1077 2039 1388 2117 irreprehensibiles
1409 2041 1655 2111 conservantes,
1671 2055 1757 2115 gen-

961 2140 1026 2199 tem
1042 2139 1196 2208 vestram‚
1211 2137 1392 2198 secundum
1403 2152 1549 2209 caruem,
1564 2137 1605 2197 ad
1619 2137 1759 2197 aemula-

961 2235 1084 2296 tionem
1107 2235 1365 2311 provocaveritis
1392 2234 1560 2306 veritatis,
1588 2234 1624 2296 ut
1655 2234 1689 2295 in
1715 2248 1756 2295 eo

961 2332 1047 2409 quod
1063 2348 1151 2393 nunc
1167 2332 1208 2393 de
1230 2332 1323 2394 vohis
1339 2333 1497 2408 tauquam
1512 2331 1552 2392 de
1569 2331 1757 2394 malefacto·

960 2429 1051 2490 ribus
1070 2430 1154 2491 sorte
1168 2429 1338 2501 detrectat,
1355 2430 1488 2491 tandem
1506 2445 1549 2490 ex
1568 2429 1663 2490 honis
1676 2445 1757 2506 ope·

960 2527 1051 2588 ribus
1080 2543 1138 2588 vos
1167 2527 1383 2587 considerans
1410 2526 1452 2587 ad
1475 2527 1650 2588 Dominum
1674 2543 1756 2588 con·

959 2626 1229 2695 vertatur‚etvos
1238 2624 1484 2687 lucrifacientes
1495 2625 1624 2685 animas
1635 2625 1755 2687 multas

960 2724 1038 2793 Deo,
1056 2738 1211 2783 coronam
1234 2722 1349 2797 gloriae
1365 2722 1560 2782 mereamini
1581 2723 1752 2798 potiorem.

959 2822 1027 2881 Nos
1040 2821 1162 2891 autem,
1174 2819 1229 2896 qui
1240 2836 1310 2890 vos,
1324 2822 1492 2896 tamquam
1508 2820 1593 2881 tilios
1605 2819 1756 2882 henedic-

958 2920 1044 2979 tosa
1065 2918 1214 2987 Domine,
1235 2919 1386 2993 gerentes
1411 2918 1445 2978 in
1464 2917 1647 2978 visceribus
1672 2920 1755 2980 cari·

958 3015 1047 3086 tatis,
1073 3016 1280 3086 confidimus,
1304 3015 1382 3092 quia
1402 3015 1459 3092 qui
1479 3016 1580 3093 coeplt
1600 3015 1636 3080 iu
1659 3016 1751 3078 vohis

958 3127 1040 3188 opus
1056 3112 1188 3183 honum,
1209 3112 1377 3188 perficiet3
1404 3128 1507 3189 usque
1531 3114 1564 3173 in
1585 3112 1671 3173 diem
1688 3117 1754 3174 Do-

958 3209 1039 3272 mini
1052 3209 1278 3280 JesuChristi,
1293 3209 1386 3270 vohis
1399 3210 1433 3269 in
1447 3209 1611 3276 omnibus,
1633 3210 1751 3286 quibus

957 3324 1145 3383 possumus,
1173 3307 1391 3368 libentissime
1417 3307 1623 3377 assistemus,
1654 3325 1751 3370 omne

957 3405 1050 3466 vohis
1073 3405 1228 3466 solatium
1253 3406 1286 3466 et
1309 3405 1471 3466 auxilium
1496 3404 1693 3482 impensuri3
1719 3409 1753 3468 et

957 3518 1031 3562 cnm
1049 3503 1084 3563 in
1103 3502 1287 3564 libertatem
1306 3504 1414 3564 vocati
1439 3503 1518 3564 estis
1537 3503 1648 3580 adepti
1669 3520 1751 3579 gra-

956 3600 1036 3660 tiam
1053 3598 1209 3672 filiorum,
1225 3616 1283 3662 vos
1304 3616 1493 3672 conversos,
1512 3599 1545 3662 et
1558 3604 1697 3662 caeteros
1709 3603 1750 3663 ad

957 3697 1132 3757 hominum
1150 3698 1389 3759 convertendos
1413 3697 1552 3758 inomni
1572 3714 1752 3760 conserva-

956 3794 1064 3854 bimus
1094 3794 1258 3861 lihertate,
1285 3796 1428 3871 aliisque
1449 3795 1560 3870 dignis
1580 3795 1750 3858 favoribus

955 3907 1205 3968 prosequemur,
1231 3894 1307 3968 quia
1331 3909 1395 3952 nou
1411 3892 1617 3955 commodum
1639 3910 1751 3954 rerum

956 3989 1198 4064 temporalium,
1214 3990 1299 4066 quod
1312 3991 1378 4051 cito
1392 3989 1524 4064 periret,
1539 3990 1595 4049 sed
1608 3990 1749 4059 lucrum,

956 4085 1043 4163 quod
1067 4088 1132 4148 erit
1155 4089 1360 4163 perpetuum,
1387 4087 1421 4145 in
1447 4085 1540 4146 vohis
1569 4088 1750 4164 quaerimus

956 4184 1154 4246 animarum.

997 4285 1103 4358 Super
1115 4298 1155 4343 eo
1170 4298 1260 4353 vero,
1278 4281 1363 4359 quod
1388 4298 1455 4345 non
1479 4299 1593 4344 omnes
1612 4285 1748 4347 omnino

955 4381 1142 4456 petitiones,
1164 4396 1245 4456 quas
1270 4383 1376 4455 nupe‘r
1397 4380 1492 4441 nohis
1504 4382 1644 4443 dilectus
1660 4382 1749 4444 iilius

956 4478 1118 4538 llenricus
1134 4478 1238 4538 irater
1251 4480 1328 4539 tuus
1341 4493 1385 4539 ex
1407 4481 1500 4556 parte
1520 4480 1588 4551 tua,
1605 4496 1749 4544 venera-

955 4574 1031 4636 bilis
1047 4574 1149 4638 irater
1172 4575 1337 4652 episcope,
1363 4576 1553 4648 destinavit,
1580 4579 1749 4654 potuimus

955 4673 1127 4744 exaudire,
1144 4688 1210 4735 non
1225 4671 1379 4735 turbetur
1396 4689 1454 4734 cor
1469 4676 1626 4746 vestrum,
1644 4692 1750 4752 neque

954 4770 1119 4838 formidet,
1129 4771 1207 4847 quia
1222 4786 1296 4831 cum
1312 4770 1353 4830 ad
1366 4770 1625 4832 succurrendum
1639 4775 1750 4835 Terrae

955 4871 1085 4929 Sanctae
1100 4869 1140 4929 de
1158 4869 1355 4929 necessitate
1370 4868 1517 4930 totaliter
1532 4885 1620 4931 nuuc
1635 4871 1748 4934 inteu-

954 4967 1032 5027 dere
1060 4966 1309 5043 compellamur,
1324 4980 1389 5026 nou
1413 4966 1558 5043 expedit,
1576 4969 1613 5029 ut
1631 4985 1750 5032 cruce-

955 5065 1159 5138 signatorum
1172 5063 1336 5125 auxilium
1351 5063 1532 5136 dividatur,
1549 5081 1591 5127 ne
1606 5066 1749 5131 divisum

954 5162 1160 5223 inveniretur
1182 5161 1311 5232 inutile,
1337 5162 1424 5237 quod
1452 5166 1606 5239 speratur
1629 5165 1748 5227 attica-

953 5259 1135 5330 cisaimum,
1153 5262 1288 5320 auctore
1303 5259 1453 5332 Domine,
1468 5260 1665 5334 adunatum;
1692 5264 1748 5322 sed

954 5355 1031 5432 quia
1045 5356 1131 5417 sicut
1150 5355 1184 5415 iu
1200 5356 1339 5418 Domino
1355 5357 1561 5427 confidimus,
1580 5359 1749 5432 negotium

953 5456 1064 5514 'lerrae
1092 5455 1221 5515 Sanctae
1243 5453 1277 5513 in
1300 5455 1453 5530 proximo
1478 5455 1577 5514 finem
1606 5456 1748 5532 accipiet
1815 5464 1820 5489 “·

954 5550 1145 5627 gloriosnm,
1161 5552 1238 5612 tunc
1260 5553 1328 5613 tota
1341 5551 1462 5615 virtute
1476 5551 1511 5612 iu
1527 5553 1675 5615 vestrum
1688 5554 1749 5614 ad-

951 5646 1349 5728 jutoriumintendemus,
1364 5649 1398 5711 et
1410 5647 1514 5721 vobis,
1533 5651 1565 5712 et
1578 5651 1747 5728 provehis

1700 319 1867 399 aas¹
