3774 6186
114 300 179 362 lar
747 299 974 362 srlsrocu.
1000 301 1077 361 nin.
1102 302 1158 361 nr.
1218 276 1221 285 '
1717 297 1773 356 ras

115 458 694 524 auctoresabadministrationeseu
707 459 923 539 dispositione
1019 463 1060 521 lu
1075 463 1233 531 carradam
1253 463 1390 522 hrodum
1408 460 1566 534 smiptruu
1587 458 1637 518 est
1656 457 1772 518 arciri-

115 559 354 635 temporalium
377 574 489 621 rerum
512 560 579 621 toto
597 560 676 622 vitae
691 574 761 620 sum
776 560 923 636 tempore
979 558 1142 635 episcopis
1166 563 1199 619 et
1220 557 1394 634 episcopis,
1421 558 1455 617 ln
1482 572 1621 634 quorum
1650 556 1775 615 dioeoe-

115 653 484 734 arceantur,nlslprior
496 657 644 734 inspecta
656 657 923 719 utilitatedomus
979 654 1072 716 sibus
1101 655 1217 716 domus
1246 655 1560 716 Grandimontenses
1588 653 1776 714 consistunt

115 754 220 815 aliter
238 769 397 832 processu
414 755 574 831 temporis
596 755 730 816 duxerit
744 754 923 832 provideri·
978 768 1085 827 resque
1112 756 1377 829 compescentes;
1407 752 1534 813 auxilio
1565 752 1720 812 comitum
1743 754 1776 811 et

115 851 211 911 dum.
222 850 406 913 Praedictus
417 867 546 929 quoque
558 849 923 929 stephanusquiquasi
978 851 1139 912 baronum
1155 867 1194 913 ac
1210 850 1369 911 nobilium
1383 853 1567 912 vestrarum
1583 850 1772 919 dioecesum,

114 947 209 1009 alter
221 947 333 1011 Abuor
346 947 455 1009 cubile
470 949 573 1024 patris
591 948 771 1009 ascendere
785 964 850 1010 non
864 966 925 1010 ex·
979 949 1098 1025 quibus
1118 965 1218 1025 super
1234 949 1296 1010 hoc
1314 949 1439 1025 scripta
1459 951 1571 1009 nostru
1586 947 1773 1022 dirigimus,

116 1047 233 1124 pavit,
255 1046 290 1108 et
308 1045 421 1107 clerici
442 1046 500 1122 qui
524 1044 736 1107 adhaeserunt
749 1047 868 1111 eidem.
885 1062 924 1108 eo
980 1046 1007 1106 si
1021 1063 1074 1107 res
1090 1047 1201 1108 forsan
1216 1046 1376 1122 exegerit,
1390 1046 1554 1105 invocato.
1569 1047 1696 1115 batum,
1711 1048 1773 1104 etc.

116 1144 401 1205 excommunicati
434 1142 467 1204 in
500 1143 573 1204 loco
606 1142 781 1205 interdicto
812 1143 924 1206 divina
1021 1146 1057 1204 In
1079 1145 1230 1205 eumdem
1246 1143 1377 1205 modum
1400 1142 1775 1219 scriptumestvicariis

117 1242 407 1320 praesumpserunt
418 1239 718 1313 ostiolacelebrare,
728 1241 816 1304 dicta
828 1258 924 1320 poena
980 1243 1125 1320 episcopi
1138 1244 1346 1304 lemovicen.

117 1338 454 1417 plectantur-‚secde
473 1338 923 1403 caeterocelebrentrelmi-
1021 1341 1185 1416 Scriptum
1215 1343 1266 1401 est
1293 1342 1327 1400 iu
1358 1341 1508 1401 eurndom
1537 1340 1669 1399 modum
1705 1338 1776 1411 regi

118 1437 274 1504 nistreut
290 1437 357 1497 nisi
373 1436 485 1498 forsan
501 1452 658 1514 processu
672 1440 832 1516 temporis
847 1455 926 1514 gra-
982 1439 1131 1499 Frauniae
1147 1442 1180 1500 et
1194 1438 1381 1508 comitibus,
1399 1437 1581 1499 baronibus
1595 1440 1629 1499 et
1653 1435 1775 1496 nobili-

75 1576 79 1583 ·
115 1535 202 1596 ham
229 1527 383 1611 poterunt
406 1535 567 1597 obtinere.
589 1538 624 1597 Si
647 1552 712 1614 qua
736 1552 814 1599 vero
839 1537 925 1599 iacta
979 1535 1357 1617 busvirisperregnum
1374 1536 1523 1596 Franciae
1542 1538 1575 1596 et
1595 1535 1774 1597 Bituricen.

117 1633 200 1694 sunt
220 1647 279 1709 per
303 1632 454 1696 eumdem
477 1633 681 1710 Stephanum
710 1634 787 1695 dum
809 1651 846 1696 se
866 1651 925 1711 pro
980 1633 1169 1695 Narboueu.
1183 1633 1416 1709 Burdegallen.
1431 1633 1627 1694 etAuxitan.
1641 1631 1779 1708 provin·
1842 1673 1845 1680 -

117 1731 233 1808 priore
246 1731 392 1807 gerebat,
413 1748 453 1794 ea
472 1732 680 1794 decernimus
698 1732 850 1794 habenda
865 1749 926 1810 pe·
981 1732 1061 1792 cias.
1078 1731 1243 1792 amalrico
1252 1731 1365 1795 comiti
1379 1731 1546 1802 Tolosam,
1565 1729 1775 1790 Lemoviceu.

119 1828 211 1891 nitus
227 1845 287 1907 pro
301 1830 444 1892 intectis.
468 1830 576 1890 Priori
598 1832 709 1892 autem
724 1844 839 1901 omnes
859 1832 925 1891 tam
981 1832 1189 1892 et·Turouen.
1199 1829 1385 1891 comitibus.
1399 1828 1530 1904 liugoni
1540 1827 1775 1896 deLeziniaco,

117 1927 248 1999 clerici,
263 1943 362 2004 quam
381 1928 533 1989 conversi
550 1927 635 1988 sicut
652 1926 737 2003 patri
756 1928 790 1988 et
800 1928 925 2004 pastori
980 1927 1076 1988 Nelie
1091 1926 1132 1988 de
1147 1930 1250 1989 Resez
1263 1929 1296 1989 et
1310 1927 1387 1987 aliis
1402 1925 1568 1986 nobilibus
1583 1941 1642 2002 per
1655 1925 1777 1985 Lemo·

117 2039 183 2086 suo
204 2024 545 2086 humiliterobediant
565 2026 599 2085 et
619 2025 811 2098 intendant;
834 2024 927 2087 ideo-
981 2025 1089 2085 vicen.
1102 2027 1135 2086 et
1147 2026 1314 2087 Pictaven.
1328 2024 1487 2085 dioeceses
1505 2022 1703 2093 constitutis,
1713 2038 1777 2083 us-

116 2138 186 2199 que
197 2121 390 2184 discretioni
401 2122 521 2183 vestrae
532 2136 591 2198 per
602 2122 791 2198 apostolica
802 2123 925 2199 scripta
980 2137 1045 2196 qtae
1071 2122 1253 2183 intendant.
1277 2122 1369 2182 Unde
1393 2120 1640 2183 venerabilibus
1663 2119 1779 2180 iratri-

117 2217 271 2280 districte
287 2218 508 2295 praecipiendo
531 2218 737 2290 mandamns,
762 2223 926 2296 quatenus
981 2219 1042 2280 bus
1066 2220 1188 2281 nostris
1207 2219 1467 2296 archiepiscopis
1483 2221 1515 2279 et
1536 2218 1701 2295 episcopis
1717 2234 1778 2294 per

119 2315 246 2378 dictum
259 2316 404 2392 priorem
417 2331 492 2377 curn
514 2315 646 2377 clericis
658 2316 694 2376 in
705 2317 928 2378 Grandimon·
982 2333 1121 2393 regnum
1133 2319 1285 2379 Franciae
1300 2317 1488 2379 constitutis
1500 2316 1649 2379 districte
1660 2317 1781 2393 praeci-

119 2415 188 2476 ten.
209 2413 431 2491 personaliter
453 2412 661 2485 reducentes,
684 2414 751 2475 tam
773 2430 824 2485 ea,
853 2431 926 2492 quae
981 2415 1101 2492 piendo
1118 2415 1312 2476 mandamus
1325 2416 1359 2475 ut
1373 2417 1439 2501 tam
1455 2430 1590 2492 eaquae
1606 2414 1778 2491 praemissu

120 2511 297 2590 praemissa
309 2511 396 2581 sunt,
410 2525 508 2587 quam
524 2511 641 2587 quain
656 2513 769 2572 nostro
784 2511 925 2588 privile-
981 2516 1059 2574 sunt
1078 2529 1175 2590 quam
1196 2528 1270 2589 quae
1293 2511 1325 2572 in
1346 2501 1458 2576 nostro
1480 2512 1655 2587 privilegio
1670 2513 1780 2573 conti·

120 2609 176 2685 gio
206 2607 429 2679 continentur,
450 2607 581 2670 faciatis
605 2607 844 2670 inviolabiliter
862 2608 924 2670 ob·
981 2612 1113 2683 nentur,
1128 2598 1779 2672 laciantinviolabiliterobservari.Cou-

121 2706 263 2767 servarl.
292 2705 559 2766 contradictores
584 2705 612 2766 si
639 2706 694 2782 qui
722 2705 847 2767 luerint
873 2707 925 2767 vel
980 2708 1177 2770 tradictores
1195 2709 1224 2768 si
1247 2709 1304 2785 qui
1323 2708 1456 2779 luerint,
1480 2708 1532 2768 vel
1552 2706 1693 2769 rebelles
1720 2723 1779 2783 per

121 2803 277 2875 rebelles,
293 2818 538 2880 percensuram
551 2803 825 2875 ecclesiasticam,
842 2803 924 2864 sub-
982 2821 1156 2867 censuram
1177 2806 1437 2867 ecclesiasticam
1467 2804 1597 2868 sublato
1628 2805 1779 2884 appella-

121 2900 190 2963 lato
202 2900 439 2978 appellationis
449 2898 633 2971 obstaculo,
650 2901 804 2977 quotiens
818 2901 927 2978 requi·
981 2904 1082 2966 tionis
1105 2904 1286 2970 obstaculo,
1301 2904 1453 2981 quotiens
1469 2904 1621 2981 requisiti
1643 2896 1799 2973 fuerint‚'

121 2999 177 3058 siti
204 2997 347 3068 fueritis,
371 2999 628 3074 compescentes,
646 2998 799 3060 invocato
824 2997 927 3058 ninil—
982 3003 1238 3078 compescentes,
1255 3003 1382 3063 auxilio
1398 3002 1588 3071 charissimi
1600 3002 1634 3062 in
1648 3002 1779 3065 Christo

120 3095 255 3156 ominus
265 3096 295 3155 si
308 3111 363 3156 res
372 3095 483 3156 torsan
494 3095 645 3169 exegerit
659 3095 787 3156 auxilio
795 3095 925 3156 brachii
982 3098 1043 3159 tilii
1053 3100 1157 3163 nostri
1165 3099 1616 3176 PhilippiregisF1·ancorum
1625 3100 1776 3170 illustris,

121 3192 306 3255 saecularis.
332 3193 401 3253 Nos
426 3192 515 3253 euim
541 3193 716 3253 carissimo
737 3193 772 3253 in
795 3193 926 3255 Christo
981 3196 1036 3257 oui
1047 3213 1147 3272 super
1159 3196 1221 3257 hoc
1232 3197 1354 3271 scripta
1368 3197 1663 3271 nostradirigimus
1680 3200 1779 3274 atque

121 3291 195 3352 tilio
207 3291 320 3352 nostro
329 3288 483 3367 Philippo
495 3291 565 3366 regi
577 3291 780 3351 Francorum
791 3291 924 3362 illustri,
983 3296 1103 3366 vestro,
1133 3294 1162 3355 si
1190 3309 1244 3354 res
1271 3294 1384 3354 forsan
1420 3295 1581 3369 exegerit,
1611 3295 1776 3356 inuocato.

120 3404 163 3450 ac
184 3388 278 3465 regni
303 3390 376 3464 ejus
395 3387 600 3464 principibus
612 3387 787 3464 dirigimus
803 3389 926 3465 scripta
982 3391 1125 3469 Ideoque
1157 3391 1363 3453 nobilitatem
1390 3394 1535 3452 vestram
1560 3407 1716 3468 rogamus
1746 3395 1779 3454 et

121 3486 249 3557 nostra,
267 3486 302 3547 ut
319 3485 360 3546 ad
380 3484 623 3562 reprimendam
643 3484 815 3547 rebellium
836 3486 928 3548 inso-
982 3505 1153 3551 monemus
1189 3491 1314 3551 attente
1361 3505 1419 3566 per
1454 3489 1643 3567 Apostolica
1682 3489 1777 3551 vohis

122 3582 259 3645 leudam
275 3583 369 3643 vobis
385 3583 731 3659 praesteutauxilium
749 3584 926 3644 consilium
981 3587 1105 3664 scripta
1147 3587 1352 3659 mandantes,
1392 3592 1556 3664 quatenus
1589 3604 1664 3648 cum
1698 3588 1776 3649 dicti

121 3682 158 3742 et
182 3680 340 3752 levorem,
358 3695 432 3741 cum
454 3695 474 3740 a
500 3678 593 3740 vobis
617 3679 740 3742 luerint
759 3681 924 3758 requisiti.
982 3685 1110 3761 praelati
1132 3701 1233 3762 super
1252 3685 1315 3748 hoc
1329 3687 1493 3747 auxilium
1509 3688 1655 3748 vestrum
1676 3686 1777 3746 duxe-

122 3778 216 3850 Quod
234 3778 262 3838 si
276 3794 341 3839 nou
353 3793 467 3839 omnes
478 3777 544 3838 duo
556 3779 715 3849 vestrum,
731 3782 793 3839 etc.
808 3781 925 3841 Datum
982 3784 1049 3844 rint
1069 3784 1316 3860 requirendum,
1339 3800 1398 3855 ros
1421 3784 1502 3844 illud
1524 3785 1570 3845 ita
1596 3783 1778 3845 eldoaciter

122 3876 281 3938 Laterani
296 3875 437 3952 septimo
452 3875 613 3936 kalendas
627 3874 738 3936 martii
752 3876 928 3953 pontitlca-
982 3879 1180 3955 impendatis
1209 3879 1345 3949 eisdem,
1369 3881 1455 3956 quod
1486 3883 1554 3940 Deo
1578 3880 1719 3942 valeatis
1744 3882 1777 3941 et

122 3974 178 4034 tus
191 3973 296 4035 nostri
310 3989 398 4034 anuo
412 3973 521 4035 tertio.
981 3976 1170 4036 homiuibus
1190 3977 1408 4052 complacere,
1426 3993 1551 4053 nosque
1568 3976 1776 4038 devotionem

163 4075 208 4132 ln
234 4073 392 4133 cumdem
421 4074 562 4132 mediam
585 4071 744 4147 scriptum
771 4072 822 4132 est
849 4071 926 4131 uni-
982 4075 1125 4133 vestram
1160 4073 1391 4135 commendare
1428 4075 1546 4134 merito
1584 4074 1773 4136 debeamus.

121 4168 231 4230 versis
257 4167 517 4244 archiepiscopis
538 4170 571 4229 et
588 4166 753 4244 episcopis
769 4183 828 4244 per
848 4184 927 4243 reg·
981 4171 1110 4237 uatum.
1126 4173 1189 4232 etc.
1450 4172 1455 4182 '

121 4282 202 4330 num
226 4265 376 4327 Francia
398 4266 588 4328 constitutis
611 4280 717 4339 usqum
740 4265 923 4327 intendant.
1301 4297 1456 4383 Cxffl

123 4364 268 4440 ideoque
289 4362 500 4424 universitati
520 4364 639 4423 vestrae
662 4378 722 4439 per
736 4363 924 4440 spostolus
1367 4357 1379 4382 ⁴

122 4461 249 4538 scripta
272 4458 468 4521 mandamus
487 4463 520 4522 et
541 4459 690 4522 districte
714 4460 931 4537 praecipimus.
1106 4431 1157 4493 Aa
1171 4431 1379 4491 mmmm
1392 4432 1646 4493 summum·

122 4560 368 4637 quatenustam
387 4572 517 4634 eaquae
534 4559 808 4634 praemissasunt,
826 4574 924 4636 quam
963 4597 964 4600 =
1279 4541 1471 4602 ἳθῐθΜἏθ·

122 4673 200 4735 quse
213 4656 248 4717 iu
267 4658 379 4717 nostro
393 4654 568 4733 privilegio
581 4655 923 4727 continentunlesla-
1011 4651 1121 4713 [uma.
1132 4649 1178 4699 liu.
1190 4650 1233 4707 1¹¹·
1246 4649 1321 4715 11111-
1333 4650 1389 4700 ³⁰⁵·
1401 4651 1457 4700 1111·
1470 4653 1506 4702 ts
1518 4652 1592 4701 P0rl⁶
1602 4652 1638 4701 du
1648 4654 1743 4718 rusti]

121 4755 168 4817 tis
195 4754 231 4814 in
254 4753 408 4815 domibus
428 4753 532 4830 ipsius
550 4752 683 4813 Ordinis
713 4769 772 4830 par
796 4755 924 4815 reseas
978 4750 1021 4807 lle
1042 4747 1106 4820 uuis
1129 4749 1207 4805 illurn
1222 4749 1426 4820 compellatae
1445 4749 1562 4807 ordines
1578 4752 1776 4823 suscipiendos

121 4854 286 4914 dioeceses
294 4851 480 4913 constitutis
492 4850 621 4912 illibata
632 4837 761 4912 servani
770 4852 923 4928 quotiens
1015 4838 1059 4894 V⁰¹
1075 4836 1110 4893 ad
1124 4835 1309 4895 residentiam
1325 4838 1352 4893 1¹¹
1368 4838 1477 4910 capella
1493 4839 1522 4895 S·
1537 4839 1618 4896 ⁸⁰⁰5·

122 4950 256 5012 fueritis
294 4947 459 5026 requisiti.
498 4949 764 5011 contradictores
802 4949 831 5009 si
866 4951 923 5026 qui
1020 4946 1288 5017 Honoriusetc,
1306 4946 1428 5007 dilecto
1444 4946 1512 5008 illio
1534 4947 1614 5011 Lud.
1632 4949 1776 5012 Subdiu-

121 5045 309 5108 luerintvel
323 5044 925 5120 rebelles,percensuram-ecclesias·
979 5058 1073 5104 cono.

121 5144 224 5205 ticam
244 5142 374 5204 sublato
388 5142 622 5218 appellationis
637 5141 807 5204 obstaculo
827 5158 921 5204 com·
1020 5141 1178 5203 Precibus
1192 5142 1305 5204 dilecti
1320 5142 1382 5203 filii
1400 5143 1521 5205 nobilis
1537 5146 1600 5206 viri
1615 5148 1774 5207 Ludovici

121 5243 307 5320 pesceutes,
324 5239 455 5300 auxilio
467 5239 645 5299 clarissimi
663 5240 697 5300 in
717 5239 848 5301 Christo
862 5241 922 5300 tilii
979 5240 1048 5300 nati
1070 5240 1236 5300 carissimi
1261 5240 1296 5300 in
1323 5241 1454 5302 Christo
1479 5243 1540 5303 lilii
1566 5245 1670 5305 nostri
1699 5245 1775 5304 Plri-

122 5339 229 5402 nostri
247 5336 394 5414 Philippi
412 5336 501 5412 regis
518 5339 719 5398 Francorum
736 5337 877 5400 illustris
892 5342 924 5400 et
978 5336 1060 5414 lippi
1089 5338 1179 5412 regis
1204 5340 1411 5400 Francorum
1438 5339 1590 5411 illustris,
1614 5344 1710 5417 cujus
1739 5358 1775 5402 es

121 5437 312 5517 principum
352 5435 446 5510 regni
472 5436 556 5510 eius,
584 5434 703 5512 quibus
733 5450 834 5513 super
861 5437 923 5497 hoc
978 5434 1153 5512 deputatus
1178 5435 1358 5514 obsequiis,
1386 5438 1549 5504 inclinati.
1574 5440 1773 5502 auctoritate

121 5535 247 5612 scripta
268 5533 381 5594 nostra
406 5531 580 5606 dirigimus
602 5531 631 5592 si
646 5547 700 5593 res
716 5531 921 5597 lorsanexe-
979 5534 1192 5610 presentium
1217 5535 1417 5606 inhibemus,
1448 5551 1490 5595 ne
1519 5536 1594 5612 quis
1616 5541 1773 5613 quamdiu

121 5634 222 5709 gerit,
236 5631 402 5698 inrorato.
420 5630 547 5701 ilatum,
567 5631 630 5690 etr.
957 5630 1073 5706 ⁴siurbis
1100 5632 1272 5708 placuerit,
1307 5635 1347 5695 ad
1375 5634 1603 5713 suscipiendos
1639 5639 1774 5700 ordines
