3824 6180
126 240 164 302 19
331 309 334 315 ,
482 188 497 201 ⁸
740 234 916 298 HONORII
938 234 984 294 111
1006 232 1155 293 OPERA.

123 401 199 461 XVI
224 397 357 461 kalend.
382 398 590 476 septembris,
612 397 795 460 indictione
807 396 915 465 sexta,
1323 388 1437 502 xm

125 497 368 558 incarnationis
381 496 561 559 Dominicae
572 511 661 558 anno
671 493 848 556 millesimo
861 493 919 553 du·

126 593 307 655 centesimo
324 592 451 655 docimo
463 594 592 664 octavo,
610 592 819 668 pontificatus
837 604 918 651 vero
1011 563 1063 622 Ad
1083 564 1266 637 [¹²⁴me
1284 559 1506 621 mmmm
1523 561 1737 633 ⁶1²²³⁰⁰P²‘⁷²²·

63 734 67 739 ,
125 690 249 753 domini
265 691 404 753 ilonorii
416 694 517 768 Papae
532 693 578 753 111
590 706 678 753 anno
692 690 804 752 tertio.
1237 682 1272 739 27
1295 681 1408 754 augusti
1425 681 1505 737 laia.

1096 787 1236 852 [Sharnlem
1247 786 1343 836 bullar.
1357 785 1493 845 Francisc„
1505 786 1525 843 l,
1539 800 1556 845 r,
1571 800 1596 835 n.
1611 784 1650 851 l.]

483 886 560 972 XII
974 897 1009 955 Ut
1025 893 1126 952 landos
1138 910 1189 971 pro
1208 891 1406 971 construendis
1427 890 1578 951 domiciliis
1592 899 1621 950 et
1644 895 1784 950 oratoriis

125 1020 177 1081 Act
189 1021 339 1080 cloacam
352 1021 589 1096 episcoporum
600 1016 920 1081 (mmmmm
1008 983 1167 1086 virginibus
1180 990 1214 1085 'et
1235 983 1298 1040 aliis
1312 981 1482 1084 'mulieribus
1496 996 1511 1038 a
1532 981 1639 1039 seculo
1660 980 1778 1085 lugiep.

440 1119 600 1178 poclm-w·
1009 1071 1084 1131 tibus
1092 1070 1234 1130 exhibitos
1242 1086 1358 1129 nomino
1366 1072 1501 1128 Ecclesia
1509 1071 1647 1128 Romanae
1657 1079 1783 1143 recipiat

1008 1168 1037 1219 et
1050 1162 1188 1219 ecclesiae
1198 1160 1406 1219 coustmendas
1418 1161 1445 1217 in
1455 1159 1525 1232 ipsis
1539 1160 1593 1216 soli
1602 1159 1785 1232 apostolica

397 1237 432 1296 ²5
447 1237 561 1312 augusti
576 1237 655 1294 ¹²¹⁸·
1010 1250 1208 1308 Sedisubesse
1222 1248 1368 1309 mearant.

223 1408 225 1413 ·
260 1349 786 1418 [uineae,rnesaumsmscd.,1,8oo.]
826 1378 829 1383 ·
1015 1367 1194 1438 Honorius,
1211 1363 1589 1438 etc.,venerahililratri
1603 1365 1784 1428 Hostlensi'

127 1458 348 1520 provideamus
361 1458 436 1517 bona
450 1459 552 1532 prioris
571 1459 783 1517 &ictericorum
799 1455 919 1515 lirandl·
979 1465 1136 1542 episcopo
1147 1465 1345 1542 Apostolicae
1357 1464 1451 1524 Sedis
1464 1463 1586 1540 legato,
1596 1463 1787 1526 salutemet

136 1592 138 1596 a
239 1556 329 1607 mont.
345 1549 475 1607 ecclesiae
487 1555 596 1607 temam
610 1545 813 1605 distrahantur.
975 1562 1191 1638 aposmpcam
1204 1562 1479 1623 benedictionem·

165 1664 332 1726 Honorius
341 1665 526 1742 episcopus,
539 1679 656 1726 servus
667 1678 839 1724 servorum
849 1661 920 1733 Dei,
1017 1660 1150 1721 Litterae
1168 1660 1234 1721 tuae
1259 1658 1354 1720 nobis
1369 1658 1527 1720 exhibitae
1546 1657 1785 1730 continebant,

127 1762 257 1824 dilectis
278 1762 359 1822 liliis
376 1762 514 1823 vicariis
528 1762 770 1838 episcoporum,
789 1760 822 1819 in
835 1775 922 1837 quo·
976 1757 1061 1834 quod
1075 1758 1288 1834 quamplures
1303 1757 1451 1832 virgines
1472 1756 1504 1817 et
1516 1756 1592 1817 aliae
1604 1756 1780 1829 mulieres

123 1850 201 1922 rum
236 1858 435 1921 dioeceslhus
456 1860 573 1920 domus
603 1857 754 1919 ecclesiae
777 1855 924 1916 Grandi·
967 1854 1096 1930 ¹quibus
1125 1855 1306 1916 secundum
1333 1854 1584 1915 instabilitatem
1605 1855 1788 1931 prosperi--

126 1957 292 2019 montensi
327 1954 484 2034 subjectae
510 1955 706 2024 consistunt,
728 1953 867 2018 salutem
891 1953 925 2015 et
977 1953 1056 2015 tatis
1071 1951 1247 2013 mundanae
1256 1967 1450 2028 prosperum
1466 1953 1588 2013 statum
1603 1951 1637 2011 in
1654 1952 1781 2014 saeculo

126 2055 344 2133 apostolicam
352 2053 629 2116 benedictionem.
977 2064 1038 2109 stra
1055 2049 1186 2111 videtur
1201 2048 1357 2110 nobilitas
1370 2049 1531 2126 polliceri,
1556 2064 1606 2119 eo,
1624 2048 1695 2126 qni,
1722 2049 1780 2110 uhi

165 2151 381 2223 Detrimenta,
396 2151 528 2213 sicutin
550 2149 646 2211 Bulla
662 2147 861 2220 cccvidih
881 2149 921 2220 ll,
977 2146 1048 2209 vult
1080 2147 1201 2223 spirat,
1236 2148 1372 2223 potante
1399 2147 1477 2208 vino
1512 2146 1786 2222 compunctionis

125 2249 167 2308 ad
202 2249 348 2325 episcop.
376 2249 503 2309 Pictav.
535 2262 643 2322 usquc
670 2244 922 2324 providendum.
977 2242 1120 2316 easdem,
1149 2246 1183 2307 et
1197 2244 1380 2305 manifestis
1395 2242 1657 2305 revelationibus
1679 2243 1788 2306 dante

126 2345 195 2405 Nos
209 2345 364 2405 verentes
392 2344 477 2421 quod
499 2343 648 2419 ipsorum
676 2342 763 2403 hona
787 2341 923 2404 interim
977 2341 1046 2402 illis
1061 2341 1350 2418 significationem,
1364 2340 1654 2417 utiugiantalace
1667 2356 1780 2415 arcus,

125 2443 250 2503 temere
269 2440 511 2510 distrahantur,
541 2441 727 2518 praesertim
741 2455 820 2527 ¹cum
844 2454 926 2500 con·
978 2437 1169 2501 desiderant
1183 2439 1298 2515 iugero
1313 2455 1460 2516 pompas,
1475 2441 1508 2501 et
1524 2439 1660 2501 divitias
1676 2439 1787 2518 hujus.

126 2539 215 2601 versi
237 2538 343 2599 eidem
366 2538 470 2615 priori
498 2537 632 2599 obedire
651 2537 873 2608 contemnant,
893 2537 926 2597 et
979 2537 1104 2606 mundi,
1115 2538 1148 2598 et
1156 2535 1314 2597 fabricari
1330 2536 1392 2597 sibi
1408 2537 1520 2613 aliqua
1540 2537 1722 2608 domicilla,
1744 2537 1780 2598 in

128 2635 274 2696 inbonis
298 2635 379 2711 ipsis
405 2634 558 2696 dicantur
578 2634 735 2711 privatim
749 2631 925 2710 etpubllce
979 2633 1098 2710 quihus
1117 2635 1231 2695 vivant
1255 2635 1339 2694 nihil
1362 2634 1567 2711 possidentes
1592 2633 1653 2694 suh
1681 2634 1783 2706 ooelo,

127 2732 360 2807 debaccharri;
376 2731 571 2793 discretioni
597 2732 717 2792 vestrae
736 2746 796 2808 per
813 2735 924 2807 Apos-
979 2732 1127 2807 exceptis
1152 2730 1329 2792 domiciliis
1358 2732 1461 2808 ipsis,
1493 2735 1525 2793 et
1547 2732 1784 2793 construendis

126 2830 226 2892 tolica
251 2830 374 2906 scripta
403 2829 609 2900 mandamus,
627 2830 802 2905 quatenus,
823 2844 924 2905 quum
978 2828 1782 2890 oratoriismarsnamcumadhoctihisundra

127 2927 342 3006 illi,qnorum
356 2927 447 2988 vices
463 2927 589 3003 geritis,
607 2927 674 2988 sint
696 2925 849 2987 absentes
865 2941 925 3001 pro
979 2925 1128 3002 pluribus
1158 2927 1315 2987 Ecclesiae
1331 2929 1498 2988 Romanae
1523 2926 1658 2987 nomine
1692 2926 1788 2988 offe·-

127 3025 275 3087 subsidio
289 3028 400 3086 Terrae
416 3024 545 3086 Sanctae
561 3022 720 3085 studeatis
732 3023 854 3097 singuli
867 3038 930 3099 per·
979 3024 1114 3095 rantur,
1156 3023 1291 3103 quidam
1324 3023 1473 3084 volentes
1512 3023 1576 3083 sihi
1609 3025 1781 3085 reservari

127 3122 322 3184 commissas
335 3121 430 3183 vobis
448 3121 609 3183 dioeceses
627 3120 726 3182 bonis
738 3119 922 3197 providere,
979 3122 1228 3192 correctionem,
1242 3121 1783 3183 institutionemetdestitutiouem

126 3219 213 3297 quod
227 3219 417 3298 hujusmodi
437 3219 635 3297 procedente
650 3218 794 3294 negotio,
810 3232 852 3278 ea
864 3232 925 3277 nec
978 3218 1108 3286 inillis,
1125 3228 1200 3279 ‘non
1223 3221 1382 3281 verentur
1403 3218 1542 3279 salubre
1550 3218 1686 3279 illarum
1699 3234 1780 3296 pro-

126 3317 241 3379 clerici
271 3332 332 3378 neo
356 3317 510 3377 conversi
536 3318 651 3376 contra
673 3315 778 3391 ipsius
804 3313 926 3390 prioris
979 3315 1122 3391 positum
1151 3315 1337 3392 impedire3
1368 3330 1470 3393 quare
1498 3318 1555 3378 tua
1585 3316 1778 3378 fraternitas

26 3458 37 3467 .
126 3412 358 3475 inhibitionem
373 3412 560 3474 distrahere
574 3411 788 3473 veldetinere
803 3426 928 3487 praesu·
979 3411 1169 3491 postulavit,
1192 3413 1229 3474 ut
1254 3428 1355 3490 super
1374 3413 1417 3474 iis
1441 3415 1579 3490 paterna
1602 3413 1788 3490 providere

127 3510 229 3572 mant.
254 3511 303 3572 Ad
319 3510 605 3586 recuperationem
631 3523 748 3569 eorum
771 3510 925 3586 quaejam
980 3509 1203 3572 sollicitudine
1216 3527 1419 3573 curaremus.
1428 3511 1583 3572 Volentes
1596 3511 1702 3586 igitur
1712 3511 1787 3588 piis

127 3608 285 3671 distracta
325 3607 492 3679 dicuntur,
520 3606 748 3683 impendentes
780 3604 929 3681 diligens
979 3607 1142 3668 dictarum
1158 3609 1333 3669 mulierum
1359 3608 1535 3670 desideriis
1555 3609 1604 3669 sio
1629 3607 1786 3670 savorem

127 3706 271 3768 studium
280 3707 313 3766 et
325 3703 650 3781 operamedlcacem,
663 3703 926 3766 contradicentes
978 3705 1207 3781 Apostolicum
1235 3706 1411 3782 impertiri,
1441 3706 1478 3767 ut
1510 3709 1543 3767 et
1569 3706 1652 3782 ipsae
1680 3721 1782 3769 asse-

127 3804 156 3866 si
171 3804 226 3881 qni
242 3803 366 3864 suerint
379 3802 433 3865 vel
453 3801 595 3863 rebelles
613 3803 681 3862 tam
701 3799 927 3863 ecclesiastica
979 3805 1123 3879 quantur
1138 3819 1206 3863 suae
1223 3804 1390 3880 petitionis
1415 3804 1580 3875 effectum,
1602 3807 1635 3865 et
1650 3803 1787 3866 dioece·

2 3899 16 3923 '
127 3916 226 3980 quam
238 3900 415 3978 temporali·
425 3899 642 3972 districtione,
663 3898 793 3962 sublato
807 3897 925 3976 appel-
980 3899 1053 3960 sani
1069 3898 1215 3961 locorum
1243 3901 1357 3962 etalii
1382 3901 1417 3961 in
1445 3916 1584 3977 quorum
1610 3900 1783 3978 parochiis

129 3994 264 4061 lationis
293 3997 477 4071 obstaculo,
498 3999 755 4074 compescentes.
780 3997 829 4059 Ad
854 3997 927 4058 haec
978 3997 1052 4060 loca
1073 3996 1147 4074 ipsa
1169 3999 1370 4068 consistunt,
1391 4000 1515 4074 justam
1542 4014 1608 4059 non
1635 3997 1791 4060 habeant

5 4156 9 4162 a
129 4096 339 4174 principeset
354 4095 509 4167 barones,
524 4093 926 4173 atquoslihetaliosquos
980 4096 1153 4158 materiam
1195 4095 1435 4168 murmurandi,
1470 4096 1684 4173 praesentium
1717 4093 1780 4158 tibi

126 4194 216 4255 idem
233 4194 325 4270 prior
346 4192 479 4254 duxerit
498 4191 728 4264 nominandos,
744 4192 866 4268 singuli
890 4191 927 4253 in
980 4192 1176 4254 auctoritate
1191 4190 1397 4264 mandamus,
1411 4195 1573 4271 quatenus
1588 4191 1784 4269 hujusmodi

130 4278 385 4353 commissa‘sibi
395 4290 532 4351 dioecesi
542 4291 737 4351 constitutos
749 4288 923 4360 moneatis,
980 4289 1098 4351 fundos
1114 4290 1148 4350 in
1165 4293 1222 4366 jus
1236 4292 1270 4350 et
1284 4290 1519 4367 proprietatem
1534 4290 1692 4352 Ecclesiae
1708 4293 1790 4353 ilo-1

128 4389 310 4467 prudenter
324 4390 356 4450 et
375 4388 556 4449 eltlcaciter
578 4387 754 4459 inducatis,
772 4402 814 4448 ne
829 4401 928 4448 occa·
980 4402 1087 4449 manae
1102 4386 1236 4447 nomine
1254 4387 1360 4462 ipsius
1380 4388 1534 4465 recipias,
1564 4389 1597 4448 et
1617 4387 1784 4449 ecclesias

127 4487 222 4548 sione
237 4486 455 4546 dissensionis
471 4485 661 4562 huiusmodi
671 4485 799 4546 debitos
814 4484 929 4545 reddi·
980 4484 1221 4546 construendas
1235 4485 1272 4547 in
1289 4485 1372 4561 ipsis
1388 4486 1452 4548 soli
1473 4485 1675 4563 apostolicae
1703 4486 1787 4547 Sedi

127 4588 181 4646 tus
217 4584 415 4645 subtrahant
447 4584 597 4644 ecclesiae
636 4583 836 4660 supradictas
873 4582 926 4643 vel
981 4582 1117 4643 subesse
1132 4581 1313 4657 decernas;
1344 4583 1390 4644 ita
1410 4584 1496 4659 quod
1523 4583 1635 4644 nullus
1656 4582 1786 4645 dioece-

127 4682 278 4743 domibus
293 4680 537 4759 pertinentibus
550 4681 590 4742 ad
607 4681 768 4742 eamdem.
787 4681 928 4741 Necim-
981 4695 1092 4752 sanus,
1100 4679 1470 4753 velaliaecclesiastica,
1482 4680 1697 4742 saecularisve
1708 4697 1786 4758 per-

127 4781 262 4857 pediant
286 4780 462 4859 quominus
478 4779 585 4840 dictus
607 4780 699 4855 prior
710 4779 751 4840 de
775 4777 926 4839 domibus
983 4793 1064 4837 sona
1077 4777 1112 4837 in
1127 4778 1176 4837 eis
1187 4779 1292 4854 possit
1301 4777 1364 4838 sihi
1373 4781 1431 4853 jus
1442 4778 1578 4856 aliquod
1589 4779 1782 4851 vendicare,

127 4876 209 4954 ipsis
222 4879 254 4939 et
267 4876 363 4938 honis
379 4877 419 4938 ad
432 4875 757 4954 eospertinentibus,
775 4876 874 4952 prout
885 4875 925 4936 ad
981 4873 1127 4952 quandiu
1138 4874 1270 4952 quidem
1281 4876 1405 4938 luerint
1417 4877 1489 4937 sine
1500 4876 1782 4954 possessionibus,

127 4993 202 5035 eum
218 4975 370 5052 pertinet,
387 4976 496 5036 valeat
513 4975 679 5045 ordinare,
696 4989 736 5035 ac
747 4975 928 5049 proventus
980 4971 1128 5043 decimis,
1146 4973 1353 5044 mortuariis,
1367 4989 1426 5050 per
1444 4990 1517 5053 quae
1532 4975 1617 5035 solet
1632 4975 1785 5037 locorum
1833 5046 1835 5052 Α

127 5063 510 5151 percipereconsuelos
534 5076 597 5135 Eos
618 5073 673 5151 qui
689 5071 928 5132 admonitioni·
980 5069 1199 5141 dioecesanis,
1225 5071 1258 5131 et
1280 5070 1357 5132 aliis
1378 5070 1596 5133 ecclesiarum
1629 5071 1780 5148 praelatis

126 5171 188 5232 bus
204 5173 322 5233 vestris
347 5172 559 5248 acquiescere
584 5186 651 5231 non
666 5169 857 5231 curaverint
868 5184 927 5245 per
979 5167 1209 5245 praejudicium
1225 5168 1390 5244 generari.
1410 5169 1447 5229 Si
1460 5184 1540 5229 vero
1563 5185 1621 5231 eas
1636 5171 1671 5230 in
1683 5169 1780 5231 iutu-

125 5286 301 5332 censuram
312 5268 586 5340 ecclesiasticam,
603 5268 826 5344 appellatione
839 5267 927 5343 post·
980 5282 1053 5326 rum
1066 5265 1189 5327 habere
1204 5265 1380 5342 contigerit
1392 5266 1633 5343 possessiones,
1647 5267 1700 5327 vel
1712 5266 1782 5330 alia

127 5369 245 5444 posita,
263 5366 513 5444 compescendo.
980 5363 1182 5440 supradicta,
1202 5364 1357 5425 nolumus
1383 5363 1473 5440 ipsos
1493 5363 1709 5435 dioecesanos
1728 5365 1782 5425 vel

168 5466 285 5526 Datum
299 5464 592 5536 Laterani,0ctavo
606 5462 767 5524 kalendas
782 5462 928 5540 septem·
980 5461 1064 5521 alios
1083 5461 1272 5538 hujusmodi
1287 5461 1510 5539 exemptionis
1523 5463 1687 5539 praetextu
1700 5463 1780 5539 jure

127 5564 206 5636 bris,
223 5564 436 5640 pontificatus
449 5563 553 5626 nostri
568 5577 657 5624 anno
671 5561 782 5624 tertio.
980 5559 1141 5622 canonico
1163 5558 1368 5622 delbaudari.
