3774 6186
740 416 916 479 nonnuli
936 417 982 479 111
1004 416 1151 480 OPERA.

431 603 617 693 CCXXIV

235 742 288 802 Ad
299 743 455 815 priorem
473 740 507 801 et
525 741 657 814 fratres
674 740 806 800 (matuta

376 837 664 899 Praedicatorom.

425 958 528 1030 illan.
545 959 623 1016 litt.

285 1064 400 1130 [llipollh
417 1064 484 1116 null.
500 1065 643 1122 Predicnt„
656 1065 696 1124 la,
710 1064 760 1130 la]

163 1169 297 1229 Prohibet
310 1185 347 1230 ne
360 1171 424 1244 ouis
440 1171 513 1229 vob‘s
526 1169 701 1229 solemnibus
718 1170 879 1240 adstrictus,

177 1263 242 1318 sine
254 1261 355 1333 prioris
367 1260 412 1316 sui
428 1260 552 1328 licentia,
567 1259 603 1316 ab
616 1258 715 1318 ordine
725 1258 861 1316 decedat.

166 1377 333 1439 Honorius
344 1376 529 1453 episcopus,
539 1390 834 1438 servusservorum
843 1376 914 1450 Del,

125 1473 256 1535 dilectis
291 1473 369 1534 fillis
402 1473 506 1551 priori
539 1475 573 1535 et
601 1472 759 1536 tratribus
789 1472 916 1536 ordinis

124 1570 395 1643 medicatorum,
412 1571 553 1632 salutem
574 1572 607 1631 et
626 1570 842 1647 apostolicam
856 1569 916 1634 be·

124 1667 358 1730 nedictionem.

165 1775 246 1835 Cum
259 1776 288 1835 is
307 1774 364 1852 qul
378 1774 556 1837 ecclesiam
571 1788 665 1836 snam
680 1788 766 1836 nova
785 1784 916 1852 semper

123 1871 218 1949 prole
242 1870 420 1944 foecundat,
436 1873 550 1934 rolens
567 1870 639 1933 haec
658 1872 816 1933 moderna
829 1873 915 1934 tem-

124 1983 206 2045 pora
230 1968 437 2030 conformare
465 1970 642 2046 prioribus.
670 1971 703 2031 et
725 1968 913 2045 regularem

122 2065 225 2127 vitam
247 2064 399 2143 professi,
426 2067 519 2128 verbi
539 2067 597 2128 Dei
618 2054 842 2130 exhortationi
855 2082 915 2128 va-

122 2163 215 2236 cetis,
258 2163 522 2240 evangelizantes
549 2179 611 2241 per
644 2164 758 2225 orbem
793 2179 913 2225 nomen

123 2260 256 2321 Domini
280 2262 361 2322 Jesu
384 2261 518 2332 Christi,
543 2262 742 2324 auctoritate
766 2277 914 2339 praesen·

121 2357 203 2419 tium
217 2356 417 2430 inhibemus,
440 2374 481 2419 ne
496 2359 570 2436 quis
586 2362 660 2436 post
672 2358 798 2421 ordinis
811 2360 912 2421 vestri

121 2452 360 2533 professionem
369 2456 441 2517 sine
450 2455 572 2533 prioris
585 2456 636 2517 sui
652 2456 800 2519 discedat
814 2457 914 2518 licen·

120 2553 180 2624 tia,
214 2555 247 2614 et
279 2552 502 2615 discedentem
532 2551 657 2631 absque
691 2554 913 2616 communium

120 2648 308 2712 litterarum
331 2652 517 2711 vestrarum
539 2650 694 2712 cautione
721 2650 832 2714 nullus
849 2665 913 2712 au·

121 2742 199 2808 deat
212 2746 370 2807 retinere.
387 2745 480 2807 Nulli
490 2762 580 2822 ergo,
591 2748 653 2808 etc.

161 2844 279 2905 Datum
307 2843 476 2914 Laterani,
492 2845 523 2906 X
552 2842 712 2906 kalendas
736 2842 911 2919 februarii,

122 2939 335 3017 pontificatus
349 2954 437 3002 anno
456 2941 581 3020 quinto.

438 3128 603 3214 GCXXV

121 3263 173 3322 Ad
192 3261 379 3322 liebertum
399 3264 686 3334 vesprimiensem
701 3260 736 3322 et
752 3264 913 3324 lbmnom

313 3360 519 3433 numerurm
535 3361 719 3434 episcopos.

415 3480 450 3537 th
461 3479 522 3553 jan.
540 3480 619 3539 liat.

257 3585 362 3649 [hellen
371 3585 455 3648 Epire.
466 3585 711 3649 Quisoucecoies.,11,
721 3585 774 3651 ol]

119 3694 162 3750 Ex
185 3693 300 3750 testium
332 3692 557 3766 depositionibus
588 3694 731 3751 invenitur
762 3693 910 3752 Bartholo-

94 3854 97 3858 Α
155 3781 908 3855 mauselectusQuinqueecclesionsisepiscopussui·

154 3869 276 3928 hcieutis
305 3869 392 3928 fuisse
420 3870 512 3928 etatis
539 3879 668 3944 tempore
690 3871 852 3943 electionis,
879 3887 912 3931 ac

155 3959 274 4033 proinde
284 3958 320 4017 de
335 3957 389 4016 hoe
408 3958 538 4064 absolvit.

1707 412 1766 471 cst

971 575 1092 655 quibus
1113 578 1239 639 temere
1261 576 1452 653 molestari3
1467 573 1716 639 molestatores,
1737 569 1766 629 si

972 675 1028 750 qni
1040 673 1176 746 fuerint,
1190 674 1372 736 monitione
1383 657 1638 751 praemissa,per
1649 683 1766 730 censu·

970 785 1042 832 ram
1049 772 1322 841 ecclesiasticam,
1335 770 1559 848 appellatione
1567 765 1764 845 postposita,

970 869 1099 930 ratione
1111 869 1237 948 praevia
1251 872 1510 945 compescentes.
1525 866 1646 928 Datum
1664 865 1765 925 Late-

970 966 1056 1038 rani,
1069 968 1114 1027 IX
1135 964 1204 1027 hal.
1226 964 1399 1037 februarii,
1419 963 1633 1041 pontificatus
1660 960 1765 1024 nostri

970 1077 1058 1122 anno
1073 1062 1199 1139 quinto.

1008 1172 1052 1229 lo
1064 1171 1220 1230 etrmdem
1235 1171 1376 1230 modum
1389 1168 1548 1244 scriptum
1563 1164 1672 1228 estad
1684 1167 1765 1227 Bar·

970 1264 1182 1328 tholomaeum
1193 1265 1334 1329 electum
1345 1265 1460 1327 eodem
1474 1264 1539 1327 die.

1275 1468 1462 1558 ccxxvi

969 1600 1021 1661 Ad
1035 1601 1217 1675 Hooooem
1236 1601 1485 1677 Ltupoueusem
1510 1600 1545 1661 et
1567 1600 1763 1663 &erardum

1226 1697 1509 1759 Volerrtineusem.

1262 1819 1368 1891 itinn.
1386 1818 1464 1876 llll.

1129 1931 1224 1997 [oens
1235 1931 1390 1991 curatum,
1402 1933 1445 1989 1v.
1458 1932 1519 1983 nnn.
1530 1932 1601 1999 soe]

968 2037 1083 2098 blandai
1094 2039 1138 2096 eis
1151 2046 1182 2096 ut
1195 2037 1231 2096 de
1247 2039 1305 2096 vita
1316 2046 1344 2096 et
1356 2039 1501 2096 miraculis
1516 2038 1644 2107 lloberti,
1654 2039 1703 2112 qui
1713 2038 1760 2097 fuit

1003 2129 1112 2201 primus
1137 2127 1227 2186 abbae
1257 2135 1416 2186 conventus
1447 2128 1653 2198 llolismcnsis,
1674 2127 1757 2186 infor·

1003 2229 1092 2275 mem.

1007 2325 1175 2386 Honorius
1183 2326 1369 2402 episcopus,
1383 2340 1684 2387 servusservornm
1691 2325 1753 2396 Dei,

968 2422 1215 2483 venerabilibus
1235 2421 1394 2484 fratribus
1418 2422 1625 2498 Lingonensi
1645 2424 1679 2484 et
1692 2425 1753 2482 Va·

969 2519 1158 2591 lentinensi,
1173 2520 1428 2581 Matisconensis
1438 2520 1606 2593 dioecesis,
1620 2519 1752 2581 salutem

967 2620 1002 2678 et
1015 2617 1231 2694 apostolicam
1244 2616 1522 2678 benedictionem.

1008 2715 1180 2777 Gloriosus
1199 2716 1285 2776 Deus
1304 2715 1340 2775 in
1367 2715 1498 2776 Sanctis
1519 2716 1602 2788 suis,
1623 2730 1750 2792 quorum

968 2813 1097 2874 animas
1113 2814 1184 2889 jam
1205 2811 1406 2888 glorificavit
1430 2813 1466 2873 in
1485 2813 1581 2874 coelis
1607 2828 1751 2873 nonnun-

968 2926 1066 2987 quam
1081 2924 1223 2986 corpora
1239 2910 1382 2971 honorat
1406 2909 1442 2970 in
1454 2909 1568 2981 terris,
1583 2909 1705 2970 faciens
1715 2923 1748 2970 ea

968 3005 1063 3083 quasi
1087 3005 1319 3082 participantia
1335 3021 1488 3082 supernae
1510 3004 1628 3081 gloriae
1641 3004 1746 3066 divinis

968 3103 1139 3164 miraculis
1152 3119 1339 3174 coruscare,
1358 3103 1488 3180 quibus,
1502 3106 1661 3180 tanquam
1672 3102 1746 3162 veri-

968 3199 1745 3276 dicislinguis,sanctinotamfacianthliishomi·

968 3313 1046 3357 num
1055 3297 1741 3374 beipotentiam,etgloriammagniflcentia

967 3394 1061 3469 regni
1088 3398 1175 3471 ejus,
1201 3396 1234 3455 et
1268 3411 1329 3456 nos
1362 3395 1403 3457 ad
1432 3395 1678 3456 venerationem
1704 3393 1739 3454 sis

968 3491 1111 3553 debitam
1139 3490 1370 3564 exhibendam,
1395 3506 1576 3568 eorumque
1600 3490 1737 3564 suffragia

967 3589 1174 3666 imploranda
1194 3589 1311 3650 merito
1327 3588 1516 3651 incitemur.
1530 3588 1624 3650 Unde
1636 3586 1737 3664 gaude·

968 3702 1040 3747 mus
1055 3686 1089 3746 in
1103 3686 1253 3758 Domino,
1265 3686 1298 3748 et
1311 3686 1346 3746 in
1359 3689 1432 3763 ejus
1445 3685 1601 3747 laudibus
1616 3685 1736 3747 delecta·

967 3799 1051 3855 mur,
1065 3784 1151 3860 qnod
1162 3783 1248 3845 sicut
1262 3782 1374 3845 dilecti
1389 3784 1450 3845 tilii
1463 3782 1733 3845 nniversiabbates

967 3879 1197 3942 cisterciensis
1226 3880 1353 3941 ordinis
1381 3881 1417 3941 ln
1440 3880 1593 3957 generali
1615 3877 1733 3957 capitulo

967 3978 1169 4053 congregati,
1210 3993 1271 4039 nec
1299 3993 1366 4040 non
1386 3977 1488 4039 abbas
1518 3979 1551 4040 et
1579 3977 1733 4040 conuentus

159 4078 328 4138 Honorius
337 4077 523 4154 episcopus,
532 4091 648 4138 servus
657 4093 829 4140 seruorum
839 4078 909 4151 Dei,
966 4075 1190 4136 Molismensis
1219 4076 1288 4135 suis
1312 4075 1408 4137 nohis
1428 4075 1549 4138 litteris
1563 4071 1734 4138 intimarunt

119 4173 368 4236 venerabilibus
396 4174 554 4235 fratribus
580 4173 820 4251 vesprimiensi
839 4180 910 4238 et...
966 4170 1073 4234 felicis
1100 4171 1340 4234 recordationis
1367 4171 1541 4245 Robertus,
1557 4174 1615 4251 qni
1632 4172 1734 4250 prinus

118 4273 274 4348 Agriensi
289 4273 464 4349 episcopis,
478 4270 617 4333 salutem
642 4275 675 4334 et
695 4273 911 4350 apostolicam
966 4268 1190 4332 Molismensis
1207 4269 1401 4331 monasterii
1414 4268 1602 4342 fuitahbas,
1614 4271 1735 4347 primm·

90 4451 92 4454 y
119 4368 394 4431 benedictionem.
966 4367 1734 4445 quefecitilisterciensisordinisfundamentum

160 4462 430 4542 Depositionibus
445 4465 579 4526 testium
591 4466 798 4543 receptorum
812 4483 912 4546 super
965 4463 1052 4542 quod
1080 4463 1193 4524 divina
1216 4463 1325 4541 gratia
1344 4462 1487 4525 faciente
1507 4465 1614 4526 erevit
1627 4464 1736 4524 intem

120 4579 171 4636 eu,
189 4562 275 4641 quod
288 4556 490 4624 venerabilis
504 4561 607 4624 frater
621 4564 734 4625 noster
748 4565 912 4643 Quinque-
965 4562 1055 4639 plum
1067 4562 1217 4623 sanctum
1230 4561 1265 4622 in
1281 4561 1432 4634 Domino,
1452 4561 1614 4638 religiose
1626 4562 1734 4626 vivens,

119 4660 333 4723 eccleslensis
346 4658 520 4738 episcopus
536 4659 707 4722 dicebatur
718 4662 827 4724 aetatis
841 4678 911 4724 sus·
964 4661 1057 4721 tanta
1067 4658 1160 4721 fulsit
1168 4659 1490 4735 gratiameritorum,
1502 4658 1590 4737 quod
1601 4657 1736 4721 Dominus

116 4759 225 4821 tinere
239 4757 412 4830 defectum,
430 4757 561 4836 quando
586 4756 648 4820 fult
664 4757 699 4818 in
719 4758 909 4836 episcopum
963 4759 1042 4819 tunc
1064 4756 1168 4817 multa
1197 4758 1230 4818 et
1257 4772 1378 4832 magna
1405 4772 1465 4833 per
1492 4772 1570 4818 eum
1599 4752 1737 4818 miracula

118 4856 268 4940 ecclesiae
290 4854 653 4933 Qutnqueecclesiensls
677 4855 813 4930 electus,
829 4856 909 4918 dili·
964 4855 1132 4930 operatus,
1148 4850 1258 4914 adhuc
1284 4856 1358 4931 post
1370 4855 1443 4931 ejus
1469 4852 1602 4916 felicem
1621 4853 1736 4918 obitum

117 4952 235 5028 genter
268 4953 427 5029 inspectis
448 4974 457 5014 ε
478 4953 556 5031 quia
593 4953 782 5015 invenimus
816 4952 911 5015 suftl-
964 4950 1004 5012 ad
1018 4951 1229 5028 sepulchrum
1243 4951 1360 5027 ipsius,
1370 4950 1413 5012 ad
1426 4951 1652 5013 ostensionem
1665 4962 1739 5011 sano

117 5050 244 5112 cienter
267 5049 450 5126 probatum,
479 5051 573 5111 illum
606 5051 712 5129 ipsius
737 5051 909 5113 electionis
964 5049 1068 5111 litatis
1079 5048 1226 5126 eJusdem
1241 5048 1398 5124 dignatur
1418 5050 1553 5126 operari
1566 5046 1741 5127 majorani

115 5155 264 5225 tempore
287 5145 390 5207 fuisse
419 5144 615 5211 subicientis
642 5149 770 5222 aetatis,
800 5149 909 5228 ipsum
964 5161 1061 5223 quem
1075 5145 1182 5207 virtus
1195 5160 1323 5207 morum
1338 5145 1528 5208 honestavit
1537 5147 1572 5207 in
1586 5145 1740 5218 aiamim·

115 5245 294 5324 superhoc
320 5242 359 5305 de
385 5243 525 5306 fratrum
553 5247 742 5308 boemorum
768 5247 909 5309 consilio
965 5244 1114 5305 culorum
1126 5242 1342 5305 virtusnobis
1358 5243 1556 5306 insinuetin
1574 5242 1741 5321 patriabo·

115 5340 272 5406 duximus
284 5342 537 5415 absolvendum:
551 5339 692 5422 ideoque
709 5342 909 5408 haternitati
964 5341 1089 5402 norari.
1127 5343 1236 5413 Quare
1268 5340 1369 5402 iidem
1402 5340 1498 5402 nobis
1528 5337 1742 5420 supplicarunt

115 5443 237 5503 vestrae
263 5456 323 5518 per
348 5436 537 5517 apostolica
559 5440 683 5516 scripta
700 5440 906 5513 mandamus,
964 5439 1139 5511 instanter,
1154 5441 1279 5500 uicum
1301 5439 1374 5499 luce
1389 5437 1515 5500 clarius
1528 5440 1742 5516 pateatipsun

115 5540 276 5615 quatenus
290 5538 376 5609 illos,
392 5537 512 5616 quibus
532 5537 743 5614 episcopatus
759 5539 812 5599 sui
828 5555 908 5601 cura
965 5535 998 5596 in
1014 5535 1130 5597 ordine
1152 5535 1378 5598 confessorum
1402 5550 1545 5612 regnare
1563 5537 1600 5598 in
1613 5535 1743 5599 ecclesia

114 5636 263 5697 noscitur
286 5651 361 5696 esse
387 5635 576 5706 commissa,
613 5649 678 5695 non
709 5635 909 5711 permittatis
964 5632 1193 5712 triumphanti,
1205 5635 1323 5695 eumin
1338 5632 1645 5698 militantiecclesia
1660 5649 1745 5696 sano·

115 5748 216 5811 super
234 5731 382 5810 ejusdem
406 5732 618 5810 episcopatus
633 5732 773 5810 justitiis
787 5733 830 5796 ab
844 5734 909 5797 ali·
963 5735 1074 5796 torum
1084 5731 1237 5807 catalogo
1263 5730 1452 5793 adscribere
1465 5732 1673 5796 deberemus.
1686 5734 1744 5793 ve·
