3774 6186
66 301 128 379 313

61 456 215 537 justitias,
243 471 341 535 quam
362 459 398 520 iu
419 459 512 521 illam
540 460 629 523 diem
654 463 771 528 reddet
794 466 862 528 illis

67 555 228 616 Dominus
239 556 351 633 justus
366 558 486 619 ludex.
510 559 629 621 Datum
641 561 810 634 Laterani,
828 564 864 625 ut

67 669 180 732 supra,
194 669 281 715 anno
297 653 422 731 quinto.

330 979 600 1067 dcccxxvii

181 1132 233 1192 Ad
250 1133 503 1192 rizonastcrtum
520 1135 555 1194 S.
571 1131 746 1208 scapnam.

356 1272 388 1328 ll
402 1271 475 1343 junii
489 1272 568 1330 itit.

233 1392 419 1458 [Dumoustier‚
432 1396 549 1446 1113331313
562 1395 614 1459 313,
628 1394 696 1460 tlt]

66 1516 138 1576 lllud
153 1519 358 1576 monasterium
373 1525 401 1575 et
420 1519 482 1591 eius
498 1520 696 1592 possessiones
714 1517 767 1576 sub
786 1517 863 1577 beati

203 1608 277 1663 Petri
292 1607 467 1679 protectione
486 1615 515 1664 et
531 1622 582 1664 sua
598 1608 726 1681 suscipit.

106 1740 779 1819 Honoriusepiscopus,servusservorum
790 1743 860 1816 Dei,

66 1838 220 1910 salutem,
233 1840 296 1900 etc.

106 1936 310 2011 Religiosam
322 1936 422 1997 vitam
434 1937 633 2013 eligentibus
644 1937 862 2014 apostolicum

65 2034 223 2094 convenit
235 2033 352 2094 adesse
369 2034 572 2111 praesidium,
588 2050 630 2095 ne
645 2035 729 2096 torte
744 2037 862 2113 cujus-

65 2130 147 2191 libet
162 2131 358 2193 temeritatis
373 2130 539 2203 incursus,
560 2135 617 2194 aut
631 2148 689 2193 eos
706 2149 726 2193 a
742 2148 864 2209 33333-

66 2227 141 2299 3113,
156 2230 214 2289 331
229 2228 342 2299 robur,
360 2229 446 2305 quod
457 2228 554 2300 absit,
570 2246 675 2290 sacrae
688 2231 862 2305 religionis

65 2324 236 2400 infringat.
254 2327 862 2402 Ε333ο3133,111133113311311311331133

66 2422 139 2493 11111,
153 2422 272 2483 vestris
279 2423 380 2500 justis
393 2423 671 2499 postulationibus
683 2425 863 2486 clementer

65 2521 255 2590 annuimus,
274 2521 306 2581 et
321 2521 558 2581 monasterium
574 2522 685 2582 Sancti
703 2522 861 2597 Stephani

66 2617 291 2688 cadomensis,
313 2618 428 2694 inquo
448 2618 561 2679 divino
585 2619 765 2695 mancipati
782 2619 862 2679 estis

65 2714 243 2792 obsequio,
270 2714 311 2774 ad
346 2715 518 2792 exemplar
551 2715 657 2777 felicis
694 2717 862 2778 memoriae

64 2812 247 2872 Alexandri
268 2813 368 2888 Papae
388 2814 444 2883 Ill,
467 2812 721 2889 praedecessoris
743 2815 861 2882 nostri,

65 2912 160 2987 cujus
183 2909 349 2985 privilegii
363 2911 524 2980 tenorem,
541 2909 576 2970 in
595 2913 668 2986 ejus
683 2911 860 2987 perspexi·

63 3020 138 3064 mus
167 3004 329 3065 contineri
354 3007 501 3079 regesto;
527 3005 560 3064 in
585 3008 697 3081 juset
724 3006 860 3066 tutelam

63 3101 153 3164 beati
169 3102 270 3170 Petri,
285 3104 318 3163 et
332 3104 491 3173 nostram,
508 3102 718 3178 suscipimus,
735 3104 767 3164 et
780 3119 862 3180 prae·

64 3199 170 3260 sentis
185 3200 300 3275 scripti
320 3199 495 3275 privilegio
516 3200 756 3260 communimus
772 3222 779 3261 :
797 3203 862 3261 sta·

63 3297 207 3369 tuentes,
225 3298 261 3357 ut
271 3311 494 3374 quascumque
510 3298 748 3372 possessiones
766 3313 860 3375 quae·

683 307 913 370 EPISTOLAE.
936 310 1014 371 LIB.
1038 311 1077 372 V.

1652 318 1713 380 850

917 483 1007 542 care,
1028 470 1082 531 val
1101 469 1137 531 in
1164 471 1368 534 monasterio
1394 472 1544 535 divinum
1564 475 1712 540 osticium

918 566 1107 643 probibere.
1129 567 1276 631 Obeunte
1296 585 1376 632 vero
1394 572 1437 642 te,
1455 587 1544 634 nuno
1564 575 1712 650 eiusdem

918 663 982 724 loci
1005 664 1134 736 abbate,
1151 666 1351 728 veltuorum
1367 669 1514 745 quolibet
1533 686 1711 734 successo-

918 775 1002 833 rum,
1018 761 1129 822 nullus
1153 761 1198 822 ibi
1221 763 1341 824 astutia
1360 765 1507 840 qualibet
1524 766 1713 844 subreptio-

918 857 982 930 nis,
1008 874 1069 919 seu
1097 859 1241 932 malitia,
1270 864 1498 937 praeponatur,
1522 864 1586 925 nisi
1614 880 1712 942 quem

918 953 1037 1016 1331333
1053 958 1219 1017 communi
1238 973 1388 1030 assensu,
1407 960 1460 1021 vel
1477 960 1617 1022 fratrum
1631 978 1711 1039 pars

918 1053 1063 1112 33313313
1078 1054 1221 1126 33331111,
1235 1056 1416 1116 secundum
1427 1058 1486 1118 Dei
1502 1049 1662 1131 timorem,
1678 1060 1713 1122 et

918 1152 953 1209 B.
972 1151 1141 1211 Benedicti
1168 1152 1327 1227 regulam,
1350 1155 1555 1230 providerint
1579 1156 1711 1232 eligen-

917 1247 1007 1308 dum.
1025 1251 1202 1320 Praeterea,
1218 1250 1340 1311 liberas
1356 1252 1388 1312 et
1405 1251 1574 1314 absolutas
1592 1269 1711 1330 perso-

917 1360 978 1404 nas
994 1346 1147 1406 esaeculo
1160 1346 1335 1421 rugientes,
1353 1348 1451 1410 liceat
1466 1349 1559 1411 vobis
1574 1352 1616 1412 ad
1631 1367 1713 1412 con-

917 1442 1106 1504 versionem
1119 1446 1262 1504 vestcam
1276 1447 1458 1521 suscipere,
1474 1449 1507 1508 et
1516 1463 1574 1508 eas
1586 1449 1711 1526 absque

919 1539 1019 1599 ullius
1036 1541 1296 1602 contradictione
1317 1542 1352 1602 in
1370 1545 1479 1605 vestro
1496 1545 1635 1620 collegio
1651 1562 1711 1607 re·

918 1636 1035 1697 tinere.
1052 1638 1202 1697 Cbrisma
1217 1654 1306 1710 vero,
1322 1639 1430 1700 oleum
1445 1644 1607 1716 sanctum,
1622 1643 1713 1716 dedi·

919 1734 1065 1795 cationes
1085 1735 1312 1808 ecclesiarum,
1337 1740 1605 1800 consecrationes
1625 1742 1713 1802 alta-

919 1832 1016 1902 rium,
1043 1832 1269 1894 ordinationes
1293 1837 1528 1897 monachorum
1554 1839 1711 1900 3131331-

918 1946 1032 1991 corum
1056 1933 1260 2002 vestrorum,
1290 1934 1345 2009 qui
1371 1933 1411 1994 ad
1440 1950 1553 1995 sacros
1577 1936 1712 1997 ordines

918 2027 1042 2088 luerint
1063 2029 1300 2104 promovendi3
1325 2030 1485 2091 laicorum
1510 2033 1626 2104 etiam,
1655 2033 1713 2110 qui

919 2125 1107 2185 criminalia
1126 2128 1261 2203 3333313
1282 2127 1493 2197 incurrerint,
1510 2130 1662 2203 consilia,
1679 2129 1713 2192 et

919 2223 1187 2298 poenitentiarum
1217 2225 1458 2302 injunctiones,
1488 2243 1508 2287 a
1536 2228 1712 2304 Bajocensi

918 2320 1106 2396 suscipietis
1134 2322 1306 2398 episcopo,
1338 2323 1500 2399 siquidem
1529 2325 1713 2386 catholicus

918 2416 1034 2488 suerit,
1063 2421 1095 2478 et
1128 2419 1286 2494 gratiam,
1315 2422 1413 2498 atque
1449 2423 1713 2484 communionem

918 2515 1115 2590 apostolicae
1144 2517 1238 2577 Sedis
1262 2517 1425 2590 babuerit,
1451 2520 1564 2580 311113
1588 2521 1711 2595 gratis,

918 2612 1042 2689 absque
1063 2613 1131 2673 3113
1156 2615 1318 2690 pravitate
1338 2617 1432 2677 vobis
1450 2617 1594 2679 voluerit
1615 2617 1714 2678 exbi-

917 2709 995 2770 bere
1010 2727 1016 2770 :
1033 2711 1181 2788 alioquin
1196 2712 1294 2773 liceat
1308 2713 1402 2774 vobis
1418 2730 1514 2790 quem
1528 2715 1712 2777 malueritis

917 2808 1117 2869 catholicum
1131 2807 1225 2870 adire
1239 2811 1433 2882 antistitem,
1451 2812 1507 2889 qui
1523 2815 1635 2874 nostra
1653 2812 1714 2873 lul·

917 2905 970 2964 133
986 2907 1195 2977 33313311313,
1213 2907 1298 2983 quod
1312 2909 1509 2984 postulatur,
1522 2911 1712 2987 indulgeat:

916 3004 950 3062 et
964 3003 1109 3064 marimo
1126 3004 1155 3062 si
1178 3004 1405 3066 ordinationes
1427 3007 1665 3068 monachorum
1681 3008 1714 3070 et

916 3099 1114 3160 clericorum
1134 3102 1331 3172 vestrorum,
1358 3102 1444 3163 ultra
1467 3104 1566 3165 unius
1587 3106 1713 3166 mensis

916 3197 1072 3272 spatium,
1096 3197 1277 3259 secundum
1302 3198 1387 3275 quod
1408 3199 1449 3259 ab
1474 3201 1589 3261 eodem
1617 3203 1714 3263 ante-

916 3309 1048 3355 cessore
1065 3297 1176 3356 nostro
1197 3296 1354 3356 statutum
1369 3300 1430 3368 est,
1447 3298 1622 3374 episcopus
1642 3302 1711 3360 Ba-

63 3410 205 3472 cumque
228 3392 315 3456 bona
335 3394 422 3454 idem
445 3394 694 3466 monasterium,
711 3395 746 3456 in
768 3412 859 3472 prae·
911 3392 1249 3470 jacensisdistulerit.
1262 3395 1478 3455 Decernimus
1488 3411 1568 3472 ergo
1580 3397 1616 3458 ut
1626 3396 1712 3458 33111

64 3491 248 3553 sentiarum
265 3492 366 3568 juste,
383 3508 422 3552 33
443 3493 605 3553 33333133
629 3494 784 3569 33331331,
803 3497 861 3555 331

63 3591 99 3650 13
117 3590 272 3661 loturum,
290 3589 504 3650 concessione
525 3591 734 3661 Pontificum,
752 3590 859 3667 largi-

62 3688 154 3748 tione
168 3702 295 3761 regum,
309 3687 363 3747 vel
379 3687 578 3762 principum,
593 3685 761 3747 oblatione
775 3687 860 3748 ilde-

62 3784 157 3855 lium,
174 3800 232 3844 seu
249 3784 325 3845 aliis
336 3784 436 3860 justis
451 3783 567 3855 modis,
584 3785 764 3859 praestante
787 3785 858 3844 Do-

63 3883 166 3952 min0,
184 3881 305 3958 poterit
319 3881 470 3957 adipisci,
494 3880 587 3940 licma
601 3879 706 3951 vobis,
721 3880 861 3941 vestris·

63 3994 128 4056 que
149 3977 398 4039 successoribus
418 3978 544 4038 illibata
562 3978 789 4054 permaneant.
810 3978 859 4039 Ad

63 4075 147 4147 baec,
162 4074 315 4152 praedicti
334 4074 554 4135 antecessoris
571 4073 693 4134 nostris
709 4074 859 4150 vestigiis

62 4173 277 4243 inhaerentes,
293 4172 479 4242 statuimus,
494 4172 620 4232 nullum
633 4172 859 4232 ecclesiastica

63 4287 122 4331 seu
135 4269 289 4331 saeculari
306 4269 477 4345 praeditum
501 4269 673 4344 dignitate,
696 4270 730 4329 in
746 4268 857 4342 rebus,

61 4367 113 4428 vel
130 4366 378 4443 dispensatione
394 4366 586 4426 monasterii
602 4365 778 4442 praelibati,
800 4367 859 4426 ali·

63 4478 161 4541 quam
177 4462 311 4534 babere,
328 4465 450 4540 praeter
468 4479 640 4524 romanum
656 4464 857 4539 pontificem,

62 4562 260 4638 potestatem
272 4583 278 4621 :
290 4560 345 4622 sed
359 4577 456 4621 omna
464 4563 521 4638 jns
532 4561 637 4637 ipsius
650 4560 856 4633 monasterii,

62 4660 104 4720 ad
128 4658 364 4721 sollicitudinis
395 4660 533 4730 nostrae,
563 4673 858 4735 successorumque

62 4761 253 4820 nostrorum
276 4756 486 4817 decernimus
509 4756 652 4816 studium
678 4756 856 4832 pertinere.

63 4856 98 4916 Si
121 4857 232 4916 autem
257 4854 400 4931 alicujus
424 4853 571 4931 episcopi
591 4853 746 4914 molestia
766 4868 857 4929 prae-

61 4953 192 5028 gravati
219 4951 366 5021 fueritis,
393 4952 606 5026 sanctamque
634 4950 857 5026 apostolicam

63 5051 181 5112 sedem
208 5048 468 5126 appellaveritis,
490 5047 594 5108 donec
620 5062 720 5108 causa
745 5035 857 5109 vestra

61 5149 102 5209 ad
115 5151 300 5209 Romanum
312 5142 479 5207 deseratur
491 5144 690 5220 pontificem,
703 5145 736 5205 et
750 5143 791 5205 ab
804 5160 855 5216 eo,

59 5246 111 5308 vel
134 5246 174 5306 de
196 5244 351 5306 mandato
365 5243 469 5320 ipsius
482 5241 688 5313 terminetur,
708 5241 857 5301 3311131-

58 5344 165 5405 terius
189 5342 419 5418 episcoporum
440 5339 541 5400 liceat
560 5339 675 5400 contra
690 5355 749 5400 vos
766 5339 856 5399 litem

59 5456 206 5503 movere.
233 5439 453 5501 Probibemus
477 5436 577 5497 etiam
600 5451 641 5496 ne
663 5436 856 5512 Bajocensis

59 5540 248 5616 episcopus,
265 5552 325 5613 pro
349 5533 495 5612 qualibet
509 5532 648 5606 abbatis,
663 5533 715 5594 vel
734 5549 855 5594 mona-

59 5638 199 5699 chorum
220 5635 329 5712 culpa,
346 5648 404 5695 333
422 5631 603 5710 prasumat
621 5631 854 5692 excommnni-

915 3490 1051 3552 omnino
1075 3489 1245 3552 bominum
1267 3492 1365 3553 liceat
1385 3493 1557 3569 praefatum
1577 3510 1714 3556 monas-

916 3589 1036 3650 terium
1051 3588 1175 3650 temere
1195 3590 1401 3666 perturbare,
1418 3594 1476 3654 aut
1490 3596 1562 3669 ejus
1578 3608 1713 3670 posses·

916 3687 1028 3746 siones
1043 3686 1188 3754 auterre,
1211 3687 1263 3748 vel
1287 3687 1454 3750 abbatiam
1471 3691 1626 3763 retinere,
1644 3691 1712 3751 mi·

916 3783 1710 3864 nuere,seuquibuslibetverationibusfatigare,

915 3879 972 3939 sed
989 3879 1117 3940 illibata
1133 3882 1255 3948 omnia,
1277 3884 1309 3942 et
1326 3882 1457 3958 integra
1473 3887 1713 3949 conserventur

915 3992 1040 4047 eorum,
1065 3992 1124 4053 333
1147 3993 1285 4055 quorum
1307 3977 1551 4054 gubernatione
1574 3998 1614 4043 ac
1636 3999 1713 4043 sus-

913 4074 1098 4135 tentatione
1113 4090 1272 4135 concessa
1285 4079 1363 4138 sunt
1375 4077 1490 4138 usibus
1511 4079 1710 4141 omnimodis

914 4169 1099 4248 protutura,
1123 4172 1216 4232 salva
1239 4173 1333 4233 Sedis
1351 4175 1541 4251 Apostolica
1558 4177 1709 4238 auctori-

915 4269 999 4342 tate;
1016 4268 1044 4327 si
1060 4284 1124 4344 qua
1142 4269 1243 4345 igitur
1258 4270 1292 4328 in
1308 4269 1455 4331 loturum
1471 4273 1708 4348 ecclesiastica,

915 4365 1127 4426 saecularisve
1147 4381 1287 4442 persona
1302 4367 1390 4429 banc
1406 4372 1527 4431 nostrae
1548 4373 1712 4434 constitu-

914 4462 1013 4524 tionis
1036 4463 1192 4538 paginam
1217 4464 1327 4526 sciens
1353 4470 1469 4528 contra
1491 4485 1564 4530 eam
1585 4472 1711 4534 temere

913 4560 1028 4621 venire
1041 4560 1230 4629 tentaverit,
1245 4564 1402 4637 secunde,
1417 4566 1557 4627 tertiove
1570 4584 1711 4629 commo·

914 4658 993 4729 nita,
1008 4658 1072 4717 nisi
1087 4662 1378 4736 praesumptionem
1393 4678 1486 4723 suam
1500 4664 1599 4740 digna
1615 4665 1710 4726 satis·

914 4753 1057 4816 13311333
1079 4757 1274 4829 correxerit,
1301 4760 1483 4834 potestatis,
1506 4760 1709 4839 honorisque

914 4852 965 4910 sui
978 4850 1138 4925 dignitate
1155 4854 1278 4920 careat,
1295 4868 1452 4931 reamque
1467 4871 1504 4915 se
1523 4856 1635 4918 divino
1646 4860 1708 4934 ju-

913 4948 1000 5032 dicio
1019 4949 1152 5020 existat,
1175 4950 1215 5010 de
1240 4953 1428 5026 perpetrata
1450 4952 1628 5030 iniquitate
1649 4973 1709 5018 co-

912 5046 1050 5122 gnoscat
1066 5069 1073 5105 z
1092 5047 1124 5107 et
1138 5061 1158 5106 3
1171 5047 1396 5109 sacratissimo
1412 5065 1552 5127 corpore
1574 5069 1613 5114 33
1629 5070 1710 5115 333-

912 5143 1012 5219 guine
1035 5144 1105 5213 Dei,
1130 5143 1163 5204 et
1186 5144 1317 5203 Domini
1344 5146 1574 5225 Redemptoris
1601 5152 1707 5213 nostri

911 5245 990 5302 lesu
1005 5240 1125 5301 Christi
1146 5240 1257 5300 aliena
1279 5241 1361 5303 ilat:
1381 5246 1480 5321 atqua
1501 5246 1536 5305 in
1558 5251 1707 5312 extremo

913 5338 1065 5398 examine
1076 5337 1233 5398 districtae
1245 5339 1415 5416 subjaceat
1427 5342 1556 5404 ultioni.
1571 5346 1706 5409 Cunctis

912 5435 1020 5495 autem
1044 5433 1150 5494 eidem
1175 5433 1247 5494 loco
1272 5453 1332 5497 sua
1343 5441 1419 5514 jura
1437 5428 1646 5504 servantibus
1663 5445 1707 5508 sit

911 5548 976 5608 pax
991 5530 1122 5592 Domini
1145 5532 1345 5594 3331311333
1369 5536 1493 5598 Christi
1512 5559 1520 5597 ε
1542 5544 1707 5616 quatenus

910 5631 943 5691 et
957 5629 1012 5691 bic
1028 5628 1170 5690 fructum
1185 5628 1281 5693 bonae
1299 5631 1443 5695 actionis
1461 5637 1657 5715 percipiant,
1674 5643 1707 5705 et
