3774 6186
54 327 118 389 825

54 487 167 548 nicum
193 485 392 546 contraeas
420 480 614 560 objecerint,
642 483 676 545 et
700 482 850 558 legitime

54 584 208 661 requisiti
224 582 446 659 probaverint,
459 581 559 642 liceat
572 580 643 652 tibi,
661 581 850 642 contradic-

54 682 147 744 tione
160 697 218 742 seu
234 681 456 758 appellatione
478 678 627 755 ipsorum
640 693 848 755 nequaqnam

55 778 223 849 obstante,
252 780 450 840 auctoritato
478 777 667 853 apostolica
696 777 849 851 personis

55 876 186 938 idoneis
205 877 310 952 ipsius
333 876 483 937 ecclesiae
502 875 681 948 dignitates
697 873 851 935 conterre

55 975 244 1050 praedictas,
255 973 343 1034 inira
358 976 484 1048 tempus
497 972 528 1032 in
543 972 758 1032 lateranensi
770 973 852 1031 Con·

55 1073 136 1132 cilio
150 1072 376 1132 constitutum.
394 1070 483 1129 Nulli
497 1085 575 1143 erpo
592 1071 725 1130 omnino
742 1068 852 1128 bomi-

55 1186 135 1230 num
158 1169 257 1230 liceat
279 1169 365 1229 lianc
387 1168 539 1243 paginam
561 1172 694 1237 nostra,
711 1182 850 1227 conros-

55 1267 161 1329 sionis
188 1265 385 1341 intringere,
413 1265 466 1324 uel
494 1265 527 1325 ei
554 1280 639 1324 ausu
673 1265 851 1324 temerario

56 1364 234 1426 contraire.
249 1365 283 1424 si
297 1364 371 1439 quis
386 1365 495 1423 autem
510 1363 573 1423 boc
587 1364 752 1422 attentare
765 1376 852 1436 prae·

57 1460 246 1538 sumpserit,
261 1461 524 1535 indignationem
541 1458 774 1534 omnipotentis
789 1456 850 1517 Dei

56 1560 91 1620 et
101 1559 271 1619 beatorum
283 1558 416 1619 Potrici
426 1558 523 1618 Pauli
536 1556 762 1632 apostolorum
778 1558 851 1631 ejus

56 1671 93 1716 se
119 1655 249 1716 noverit
276 1656 499 1717 incursurum.
531 1656 649 1714 Datum
675 1652 849 1723 Laterani,

55 1755 100 1814 lV
115 1753 275 1814 kalendas
287 1754 386 1832 junii,
401 1751 613 1828 pontificatus
633 1751 740 1813 nostri
761 1765 850 1812 anno

52 1850 183 1928 quinto,

367 2027 545 2114 CCCGW

155 2181 207 2240 Ad
220 2178 472 2239 atoneslertrmt
486 2179 754 2239 Hildeslercense.

344 2301 378 2358 29
394 2301 463 2357 maii
479 2301 557 2357 lael.

179 2416 286 2481 [uiolet
301 2415 496 2480 Diplomatische
508 2414 631 2478 Beitriigc,
643 2415 664 2472 1,
674 2413 727 2478 aa]

54 2537 201 2593 Personas
219 2548 253 2590 ac
274 2532 347 2589 bona
368 2532 533 2589 monasterii
554 2530 777 2588 llildosleueusis
798 2527 851 2586 sub

151 2622 227 2679 beuti
243 2622 316 2679 Petri
330 2629 420 2678 elsua
437 2620 611 2692 protectione
624 2620 751 2691 suscipit.

95 2740 263 2800 Honorius
300 2739 486 2814 episcopus,
527 2753 643 2797 servus
679 2751 850 2797 servorum

55 2839 128 2908 Dei,
144 2837 274 2898 dilectis
295 2837 372 2896 siliis
394 2835 503 2895 abbati
526 2838 559 2895 ol
578 2825 754 2895 cotirent'ui
772 2850 850 2893 mo·

55 2936 194 2996 nasterii
210 2934 465 3004 Hildesleuensk
489 2933 630 2993 salutom
657 2934 689 2992 et
714 2933 851 3006 aposto-

56 3033 155 3094 licam
170 3031 444 3092 benedictionem.

98 3131 317 3191 sacrosancta
334 3133 482 3189 Romana
500 3127 646 3188 Ecclesia
668 3126 803 3187 devotos
819 3128 852 3186 ot

56 3228 199 3288 humiles
227 3228 312 3287 filios
341 3243 384 3287 eu·
412 3229 554 3286 assuetae
584 3225 716 3300 pietatis
741 3224 850 3284 ollicio

56 3326 254 3402 propensius
287 3324 426 3398 diligere
450 3323 633 3390 consuerit,
648 3325 681 3382 et
704 3337 746 3381 ne
771 3337 851 3396 pra-

55 3437 175 3483 vorum
204 3423 373 3482 hominnm
405 3421 567 3480 molestiis
598 3419 766 3494 agitentur
794 3433 851 3479 eos

56 3522 213 3597 tanquam
229 3521 282 3596 pia
297 3523 401 3579 mater
416 3534 485 3578 suaa
505 3518 719 3594 protectionis
736 3516 850 3576 mnni-

56 3617 146 3678 mine
162 3618 348 3678 contovere.
373 3618 565 3691 Eapropter,
587 3615 701 3675 dilecti
725 3615 759 3674 in
781 3617 850 3674 Do-

56 3717 147 3777 mino
171 3716 244 3786 tilii,
260 3714 381 3776 vestris
392 3714 491 3790 justis
512 3712 665 3788 precibus
687 3711 849 3782 inclinati,

56 3829 217 3891 personas
230 3816 263 3874 ot
278 3811 513 3873 monasterinm
530 3811 690 3879 vestrum,
709 3808 743 3868 in
759 3804 848 3887 [quo]

56 3912 171 3972 divino
186 3911 266 3972 estis
289 3909 448 3985 obsequio
464 3907 657 3983 inancipati,
672 3922 752 3966 num
775 3921 850 3966 om-

56 4009 154 4069 nibus
166 4008 273 4078 bonis,
293 4007 415 4083 quaein
432 4006 588 4082 praesenti
607 4003 852 4065 rationabiliter

56 4107 244 4184 possidetis,
262 4105 369 4166 autin
385 4104 495 4165 inturo
510 4104 610 4180 Justis
625 4103 731 4162 modis
747 4117 852 4178 pracs-

54 4207 147 4266 tante
166 4204 308 4274 ,Domino
328 4202 480 4279 poteritis
504 4201 656 4276 adipisci,
680 4199 740 4260 stili
762 4200 851 4261 beati

56 4303 147 4363 Petri
162 4304 195 4363 et
207 4304 320 4363 nostra
332 4300 536 4376 protectione
549 4299 760 4375 suscipimus,
775 4312 852 4374 spe-

57 4400 189 4462 cialiter
224 4402 334 4460 autem
366 4398 464 4459 villas
498 4397 674 4467 Cruzezbe,
701 4396 869 4465 Woltwi,

53 4498 202 4560 Bozezlie
217 4499 249 4559 et
265 4497 449 4572 l‘utgorize.
463 4498 499 4555 ln
516 4496 643 4556 llollen.
658 4510 736 4555 vero
750 4496 853 4556 eccle·

53 4598 140 4657 siam
164 4613 238 4657 cum
265 4598 408 4671 quatuor
431 4594 568 4660 mansis,
597 4592 631 4654 in
654 4594 852 4668 ltlesherglie

10 4713 15 4723 ·
54 4697 129 4756 octo
141 4710 285 4762 mansos,
302 4694 335 4752 in
348 4692 604 4767 Glleroldestorp
618 4693 691 4752 octo
703 4707 849 4763 mansos,

56 4794 93 4852 in
117 4792 292 4865 Enendorp
315 4793 388 4851 octo
413 4806 558 4859 mansos,
584 4789 618 4849 in
644 4789 853 4849 Wissemen-

53 4906 133 4966 gere
147 4893 216 4951 tres
232 4903 376 4959 mansos,
397 4889 433 4947 in
453 4887 656 4948 Osterbusen
671 4888 740 4948 tres
756 4903 852 4947 man-

54 5005 111 5048 sos
129 4989 162 5049 et
185 4987 357 5047 dimidium
379 4987 412 5046 et
433 5000 534 5044 unum
559 4985 701 5060 pratum,
724 4985 759 5046 in
779 4987 850 5046 Ho-

53 5086 220 5147 wersleue
243 5085 337 5154 duos,
375 5084 408 5143 in
438 5082 659 5144 Suadersleue
690 5099 792 5143 unum
820 5085 853 5145 et

53 5183 240 5254 dimidium,
274 5183 310 5242 in
343 5181 524 5258 Meyndorp
551 5197 654 5241 unum
687 5196 849 5253 mansum,

52 5282 89 5341 in
117 5282 238 5341 minori
263 5280 395 5340 Wellen
422 5280 514 5350 duos,
552 5280 587 5339 in
616 5279 851 5340 Ochmersleuo

52 5395 168 5449 unum,
186 5379 220 5438 in
234 5379 354 5438 minori
371 5376 581 5438 Rodensleue
594 5376 737 5453 quatuor
752 5379 785 5439 ct
801 5377 854 5437 di-

52 5477 203 5547 midium,
221 5477 255 5536 in
274 5476 487 5536 Domersleue
501 5473 679 5544 sexdecim,
700 5475 735 5534 in
750 5478 853 5536 Pese-

52 5575 204 5650 kendorp
233 5588 346 5644 unium,
373 5573 407 5632 in
430 5571 631 5646 Emerinqbe
656 5573 793 5648 septem,
816 5573 852 5633 in

683 319 912 383 EPISTOLAE.
935 319 1013 380 L1B.
1036 318 1075 382 V.

1640 320 1700 383 826

903 481 1023 559 majori
1044 480 1253 543 Rodensloue
1271 478 1522 559 quatuordecim
1544 481 1577 543 et
1595 479 1699 543 dimi·

904 576 1005 649 dium,
1023 576 1057 637 in
1073 576 1300 638 brakenstede
1316 577 1442 646 decem,
1461 577 1496 637 in
1514 577 1699 639 Druchtes-

903 673 1027 750 bergile
1043 676 1110 736 tres
1129 676 1163 737 et
1177 675 1361 746 dimidium,
1377 676 1412 736 in
1428 673 1549 736 minori
1564 670 1698 736 Druch-

906 771 1037 848 lesberg
1058 771 1231 832 dimidium
1258 789 1420 844 mausum,
1446 774 1482 834 in
1503 773 1699 850 Dodendorp

905 885 1017 939 urium,
1032 870 1067 929 in
1082 870 1295 948 Gropendorp
1309 873 1385 943 tres,
1403 871 1438 931 in
1454 872 1607 932 Emmede
1621 870 1700 932 duo·

904 966 1009 1027 decim
1030 983 1163 1028 mansos
1179 971 1211 1029 et
1226 971 1367 1045 quatuor
1377 973 1508 1046 jugera,
1530 969 1564 1030 in
1580 967 1700 1030 Tlech-

907 1065 974 1139 ligii
996 1065 1077 1127 duos
1096 1083 1230 1127 rnansos
1251 1070 1282 1128 el
1298 1071 1370 1128 octo
1386 1071 1518 1143 jugera,
1538 1069 1575 1128 in
1597 1070 1700 1129 Stoa-⁴

906 1164 1006 1224 sorde
1029 1180 1141 1235 norim,
1162 1165 1196 1224 iu
1219 1165 1399 1240 Wetlerigll
1418 1180 1570 1226 mansum
1590 1166 1623 1226 et
1642 1165 1698 1227 di-

906 1259 1054 1330 midium,
1068 1278 1107 1321 ac
1120 1262 1259 1322 maliem
1266 1265 1328 1322 lein
1342 1261 1430 1321 villae
1442 1263 1481 1322 de
1495 1261 1697 1322 Smerrelde.

906 1356 1089 1418 Libertate<
1100 1374 1229 1435 qnoque
1240 1361 1273 1419 et
1285 1359 1522 1430 immunitates,
1535 1373 1554 1418 a
1566 1359 1700 1433 regibus

905 1454 937 1514 et
952 1454 1157 1530 principibus
1173 1458 1205 1517 et
1220 1455 1295 1517 aliis
1312 1455 1465 1516 tidotibus
1480 1456 1546 1532 ipsi
1559 1471 1700 1516 monas-

905 1552 988 1612 terio
1005 1551 1059 1628 pia
1079 1555 1111 1614 et
1128 1552 1264 1629 prouida
1288 1552 1528 1616 deliberatione
1548 1553 1697 1625 collatas,

905 1649 992 1710 sicut
1014 1664 1052 1710 ea
1074 1649 1182 1710 omnia
1205 1652 1294 1728 juste
1312 1667 1351 1711 ac
1375 1651 1511 1728 pracidce
1531 1650 1698 1723 obtinetis,

904 1745 998 1806 robis
1010 1747 1044 1808 et
1055 1763 1115 1822 per
1129 1742 1188 1808 vo's
1202 1742 1403 1809 monasterio
1420 1751 1541 1820 restro,
1558 1747 1701 1809 auctori-

904 1844 972 1905 tato
996 1844 1186 1921 Apostolica
1211 1837 1447 1906 co'ntlrmamus
1469 1846 1501 1906 et
1526 1839 1701 1923 praesentis

906 1942 1018 2017 scripti
1036 1942 1220 2017 patrocinio
1238 1944 1490 2004 communimus.
1505 1943 1599 2003 Nulli
1618 1957 1701 2018 ergo

906 2039 1040 2100 omnino
1056 2039 1226 2100 bominum
1241 2041 1341 2102 liceat
1356 2041 1442 2102 hanc
1458 2043 1612 2117 paginam
1626 2057 1700 2102 nos-

907 2141 965 2198 trae
990 2138 1205 2214 protectionis
1231 2140 1263 2200 et
1288 2132 1552 2200 confirmationis
1577 2132 1702 2199 inirin-

906 2250 983 2309 gere
1009 2235 1059 2295 uel
1083 2236 1114 2295 ei
1138 2252 1222 2295 ausu
1251 2237 1426 2297 temerario
1456 2237 1636 2297 contraire.
1665 2236 1701 2297 Si

906 2333 979 2408 quis
1005 2334 1115 2393 antem
1132 2333 1211 2393 ‘lroc
1244 2329 1419 2394 attentare
1438 2334 1704 2411 praesumpserit,¹

905 2429 1701 2506 imlipnationemointtipotentisDeietbeatorum

905 2527 997 2588 Petri
1014 2530 1047 2588 et
1063 2525 1157 2588 Pauli
1176 2529 1400 2604 apostolorum
1422 2531 1495 2605 ejus
1516 2544 1552 2589 se
1570 2527 1702 2589 noverit

906 2626 1128 2685 incursurum.
1146 2628 1264 2688 Datum
1284 2626 1452 2697 Laterani,
1477 2629 1520 2687 lV
1540 2625 1702 2687 kalendas

902 2724 1003 2801 junii,
1021 2724 1232 2800 pontificatus
1246 2724 1351 2787 nostri
1364 2736 1452 2786 anno
1465 2718 1591 2802 quinto.
1689 2752 1693 2758 ,

1225 2995 1383 3082 CCCCV

1004 3144 1057 3202 Ad
1066 3144 1223 3216 priorem
1240 3143 1598 3211 Grondtmonicnscm.
1683 3127 1687 3155 ³

1198 3276 1233 3332 30
1248 3277 1316 3332 maii
1331 3275 1411 3334 llll.

938 3388 1059 3452 [Regem.
1070 3388 1115 3439 lib.
1131 3390 1160 3447 l',
1174 3389 1248 3454 epist.
1258 3392 1313 3441 odd.
1325 3393 1384 3442 llss.
1399 3393 1433 3442 La
1445 3393 1519 3443 Porta
1529 3393 1563 3443 du
1574 3392 1667 3458 lbet]

907 3503 1028 3573 lnliibet,
1044 3519 1081 3561 ne
1101 3520 1249 3578 quousque
1269 3505 1385 3565 fratrum
1402 3508 1701 3567 Grandimontensium

942 3608 1079 3651 numerus
1090 3596 1126 3652 sit
1140 3594 1283 3664 redactus,
1297 3597 1385 3653 ullum
1401 3596 1517 3654 tratrem
1534 3598 1665 3670 recipiat.

946 3719 1124 3790 Honorius,
1144 3721 1218 3791 etc,
1240 3721 1360 3783 dilecto
1381 3721 1450 3783 illio
1470 3723 1574 3801 priori
1589 3727 1701 3786 Gran-

906 3817 1086 3878 dimonten.

946 3917 1050 3985 Quum
1072 3915 1222 3976 ecclesiae
1237 3918 1302 3979 tnae
1325 3917 1538 3980 facultatibus
1559 3921 1592 3981 et
1611 3920 1702 3981 elee-

906 4012 1064 4088 mosynis,
1075 4013 1194 4088 quibus
1210 4015 1390 4076 sustentari
1404 4019 1634 4084 consueverat,
1642 4018 1702 4077 im-

906 4109 1053 4180 minutis,
1072 4109 1193 4171 iratres
1208 4111 1314 4190 ipsius
1335 4113 1400 4175 loci
1419 4114 1506 4175 sicut
1522 4114 1702 4175 multorum

905 4207 1068 4268 relatione
1081 4208 1268 4278 didicimus,
1285 4227 1419 4286 gravem
1436 4212 1703 4274 necessariarum

908 4301 1044 4385 [rerum]
1065 4309 1238 4383 penuriam
1254 4309 1432 4383 patiantur,
1450 4326 1495 4370 ex
1514 4326 1578 4387 qua
1601 4310 1703 4372 subo-

906 4404 1039 4464 riuntur
1053 4421 1223 4465 murmura
1237 4405 1324 4483 inter
1338 4406 1440 4483 ipsos,
1455 4424 1515 4469 nos
1531 4408 1572 4468 ad
1586 4424 1702 4470 eorum

907 4502 1180 4578 tranquillitatem
1205 4503 1315 4564 debita
1339 4506 1564 4567 sollicitudine
1589 4508 1703 4568 inten-

906 4598 1033 4670 dentes,
1061 4601 1259 4663 auctoritate
1285 4603 1343 4663 tihi
1372 4605 1585 4679 praesentium
1612 4605 1704 4664 inlli-

907 4696 1032 4768 bemus,
1050 4714 1091 4758 ne
1106 4715 1277 4777 quousque
1298 4699 1419 4761 fratres
1436 4702 1564 4761 ordinis
1584 4702 1644 4774 tur,
1659 4703 1701 4763 ad

907 4811 981 4854 eum
997 4811 1170 4856 numerum
1183 4798 1250 4858 sint
1262 4798 1398 4868 redacti,
1415 4799 1498 4875 quod
1513 4800 1613 4860 etiam
1628 4803 1702 4877 ejus

908 4893 995 4953 statu
1017 4894 1165 4969 pensato,
1189 4894 1259 4970 ipse
1280 4895 1360 4956 ordo
1382 4896 1536 4957 videatur
1550 4897 1703 4975 pluribus

907 4989 1068 5065 indigere,
1092 4991 1236 5067 aliquem
1260 4992 1332 5052 sine
1351 4994 1489 5070 speciali
1505 4997 1704 5073 Apostolicae

908 5089 1003 5148 Sedis
1018 5088 1154 5149 licentia
1169 5090 1313 5165 recipias
1326 5090 1360 5150 in
1377 5091 1546 5166 clericum,
1563 5096 1614 5156 vel
1628 5111 1705 5156 con·

907 5202 1055 5260 versum3
1082 5187 1147 5247 nisi
1172 5186 1256 5248 forte
1277 5188 1354 5249 talis
1380 5192 1468 5252 esset
1489 5208 1641 5269 persona,
1662 5194 1703 5256 de

907 5287 1002 5360 cujus
1026 5285 1216 5363 receptione
1241 5287 1368 5348 utilitas
1392 5288 1527 5349 evidens
1552 5291 1703 5353 ecclesiae

907 5383 973 5443 tuas
999 5384 1158 5444 accedere
1175 5384 1364 5445 rideretur.
1390 5388 1507 5447 ilatum
1532 5388 1699 5460 Laterani,

908 5482 954 5540 lll
970 5480 1129 5541 kalendas
1149 5471 1247 5558 junii,
1263 5469 1475 5560 pontificatus
1494 5487 1598 5548 nostri
1614 5503 1702 5549 anno

910 5579 1037 5655 quinto.
