3774 6186
738 325 913 401 nouonu
935 344 980 401 ιιι
1002 344 1149 404 oenus.
1183 352 1188 362 ·

402 523 629 610 GCXXVIII

240 658 291 715 Ad
305 659 569 720 Ambiaaensem
584 663 789 734 episcopam.

414 780 447 836 27
458 779 518 850 ian.
538 781 614 837 itti.

136 880 256 971 illapsae„
268 883 312 931 lih.
327 885 358 939 V,
371 884 445 947 epist.
459 885 514 933 369.
533 886 589 934 blss.
603 888 639 936 La
652 887 727 935 Porta
744 887 778 936 dn
793 887 886 950 Thali]

120 988 199 1044 Facit
211 990 236 1045 ei
249 997 417 1061 potestatem
441 993 704 1050 excommunicatos
721 1001 835 1066 propter
849 995 908 1050 vio-

155 1077 262 1133 lentam
273 1094 410 1136 manuum
426 1081 454 1136 in
468 1081 603 1138 clericum
618 1081 811 1154 injectionem,
826 1082 911 1139 modo

154 1165 343 1235 satisfaciant,
361 1167 537 1225 absolvendi.

160 1283 339 1356 Honorius,
363 1288 438 1356 etc,
468 1302 580 1346 vener.
604 1286 699 1348 fratri
715 1288 909 1349 Ambianen.

121 1380 286 1456 episcopo.

1705 348 1763 407 688

965 501 1145 562 Gallicanis
1166 503 1314 578 partibus
1339 506 1418 565 tunc
1432 506 1613 580 fungentis,
1639 522 1760 580 cappas

964 601 1146 659 manicatas
1162 599 1301 669 deterre,
1324 616 1364 660 ac
1389 603 1534 662 retinere
1554 602 1760 662 concubinas

965 696 1093 770 publice
1127 701 1417 773 praesumpserunt,
1447 715 1509 759 nec
1539 715 1605 759 non
1630 702 1759 759 etcum

964 792 1119 869 illisqui
1143 795 1202 854 tali
1223 797 1567 857 excommunicatione
1590 798 1686 872 ligati
1709 798 1760 856 di-

963 889 1041 951 viua
1069 907 1134 950 non
1160 895 1237 952 sunt
1262 894 1360 956 ueriti
1386 894 1567 967 celebrare,
1593 894 1759 971 aliquibus

964 986 1115 1047 discretis
1142 989 1355 1065 dispensandi
1378 991 1546 1052 licentiam
1575 992 1757 1052 concedere

964 1083 1188 1158 dignaremur.
1204 1088 1272 1146 Nos
1296 1088 1399 1162 igitur
1421 1089 1461 1148 de
1475 1087 1688 1149 'discretione
1703 1091 1755 1150 tua

965 1181 1096 1256 plenam
1128 1183 1283 1244 fiduciam
1318 1185 1519 1256 obtinentes,
1555 1185 1757 1247 fraternitati

963 1282 1029 1339 tuae
1045 1295 1107 1355 per
1121 1281 1308 1355 apostolica
1325 1282 1447 1358 scripta
1463 1283 1674 1354 mandamus
1685 1300 1758 1359 qua·

965 1379 1060 1438 tenus
1070 1378 1306 1449 sacerdotibus,
1316 1380 1433 1439 etaliis
1442 1381 1656 1456 supradictis
1665 1385 1757 1456 Juxta

160 1478 264 1548 Quum
287 1479 374 1542 sicut
389 1483 537 1557 exparte
562 1484 617 1543 [ua
631 1482 693 1544 suit
707 1484 829 1543 nostris
846 1499 910 1544 au·
965 1474 1103 1534 formam
1129 1476 1284 1536 EccleSlae
1317 1476 1514 1536 beneficium
1540 1477 1757 1539 absolutionis

121 1574 214 1634 ribus
247 1576 435 1637 intimatum
470 1580 622 1640 nonnulli
658 1583 724 1642 tuae
759 1580 911 1641 dioecesis
965 1572 1147 1647 impendas,
1178 1573 1211 1632 Θῒ
1240 1573 1388 1649 injuncto
1422 1575 1471 1634 01⁸
1508 1575 1593 1650 ‘lUOd
1624 1575 1664 1634 de
1684 1579 1757 1652 jure

120 1687 179 1747 pro
196 1673 372 1748 injectione
392 1691 549 1736 mannum
570 1677 603 1737 in
620 1677 758 1738 clericos
778 1680 810 1739 et
827 1679 911 1738 alias
965 1668 1065 1730 fuerit
1079 1669 1317 1744 injungendum
1330 1687 1403 1730 cum
1416 1671 1495 1741 illis,
1508 1673 1756 1747 quipraemissls

119 1771 296 1844 peljgj0533
320 1789 479 1848 parmas
501 1775 534 1833 jn
559 1791 718 1835 canonem
739 1776 814 1836 131ae
840 1792 913 1837 sen.
966 1766 1135 1826 decausis
1162 1766 1296 1827 uinculo
1317 1769 1673 1829 excommunicationis
1701 1771 1756 1829 ad-

119 1869 230 1927 tentiee
255 1868 449 1941 incidentes,
469 1873 538 1932 tum
554 1875 688 1947 propter
705 1873 769 1933 loci
785 1873 913 1934 distan—
965 1864 1081 1934 stricti,
1095 1864 1207 1923 divina
1231 1868 1517 1940 praesumpserunt
1543 1865 1657 1926 Officia
1673 1867 1755 1927 ⁰0¹0·

119 1965 211 2036 tiam,
229 1968 262 2025 et
280 1965 508 2029 difficultatem
527 1970 670 2038 itineris,
694 1972 762 2030 tum
779 1973 913 2046 propter
965 1960 1072 2033 blare,
1104 1962 1144 2021 de
1168 1961 1409 2029 ffliSOPiOOle&
1438 1979 1511 2038 ‘1¹1ae
1532 1965 1754 2039 superexaltat

119 2076 340 2139 expensarum
369 2064 543 2137 defectum,
557 2067 671 2127 venire
686 2080 752 2128 non
775 2068 913 2144 possunt
961 2058 1305 2133 judici0,auct0rilale
1318 2061 1431 2119 nostra
1444 2060 1629 2135 dispenses
1643 2064 1751 2120 Datum

120 2158 302 2220 adsedem
328 2163 550 2237 Apostolicam
575 2163 912 2240 absolvendi,acper
965 2158 1131 2228 Laterani,
1159 2157 1253 2217 sexto
1280 2156 1440 2219 kalendas
1467 2157 1641 2230 februarii,
1672 2174 1750 2220 anno

120 2256 183 2317 boc
211 2257 245 2318 in
275 2261 616 2322 excommunicatione
647 2262 822 2333 decedant,
851 2278 911 2322 nos

120 2353 310 2430 hujusmodi
323 2356 470 2430 periculo
482 2359 627 2418 remedio
639 2359 787 2420 volentes
800 2375 912 2420 occur·

119 2466 195 2512 rere
221 2451 371 2524 salutari,
397 2455 593 2516 auctoritate
614 2456 674 2516 tibi
699 2458 911 2532 praesentium

119 2548 913 2630 indulgemus,utsituaedioecesissacrilegaema·

119 2662 181 2706 nus
199 2647 349 2723 injector,
367 2648 454 2709 inlra
472 2650 659 2725 quindecim
678 2651 748 2711 dies
768 2653 911 2712 maxime

120 2747 294 2820 postquam
312 2744 412 2807 luerit
427 2747 618 2824 requisitae,
636 2748 793 2824 injuriam
814 2765 911 2825 passo

119 2841 319 2904 satisfecerit
342 2846 576 2919 competenter,
606 2845 636 2905 ei
660 2848 756 2922 justa
772 2846 911 2906 formam

119 2939 276 3000 Ecclesiae
287 2940 482 3001 heneficium
496 2942 714 3003 absolutionis
727 2944 908 3019 impendas

119 3036 186 3096 nisi
203 3039 269 3098 tam
285 3040 397 3113 gravis
420 3039 521 3100 fuerit
535 3043 567 3100 et
582 3043 728 3101 enormis
742 3058 908 3113 excessua,

121 3135 156 3196 ut
172 3136 289 3196 merito
314 3137 357 3196 sit
372 3136 412 3196 ad
437 3136 553 3197 Sedem
568 3139 793 3213 Apostolicam
809 3140 912 3201 desti-

118 3234 263 3305 nandus
283 3234 335 3295 vel
360 3234 538 3310 injuriator
571 3235 649 3295 talis
680 3237 828 3298 extiterit
855 3241 910 3316 qui

117 3330 202 3390 alias
225 3330 367 3390 similem
387 3333 606 3394 commisisset
621 3349 806 3406 excessum,
824 3337 912 3396 unde

112 3431 338 3504 juramentum
362 3430 396 3488 in
422 3429 629 3490 absolutione
649 3447 708 3491 sua
729 3434 910 3507 praestitum

115 3525 260 3595 violarit,
293 3527 427 3601 propter
463 3527 548 3603 quod
580 3527 768 3604 hujusmodi
802 3533 910 3605 gratia

115 3622 296 3683 reddiderit
321 3639 357 3682 se
384 3623 568 3698 indignum.
594 3627 713 3685 batum
743 3628 909 3701 Laterani,

117 3722 211 3780 sexto
226 3719 294 3780 kal.
306 3718 479 3791 februarii,
493 3736 581 3782 anno
594 3723 721 3798 quinte.

423 3901 608 3987 GCXXIX

386 4039 441 4101 Aa
457 4038 628 4097 eltrudem.

416 4159 450 4216 27
462 4159 522 4228 jan.
539 4159 617 4216 tttl.

147 4262 267 4326 [depost.
281 4263 325 4313 lib.
338 4265 368 4321 V,
383 4263 457 4327 epist.
469 4265 523 4314 ato.
540 4265 596 4314 blss.
608 4267 644 4316 La
657 4267 729 4316 Porte
740 4267 773 4316 du
785 4267 878 4331 Thell]

966 2253 1091 2330 quinta.

1279 2422 1444 2509 CCXXX

1004 2558 1056 2616 Ad
1065 2559 1230 2632 attactam
1243 2559 1454 2617 Gradertscm
1462 2557 1711 2629 parmarcnam.

1185 2743 1192 2757 ,
1259 2679 1293 2735 27
1303 2677 1364 2749 jan.
1380 2679 1458 2735 ital.

1105 2785 1222 2847 [Ughellt
1235 2783 1310 2834 ltalia
1322 2799 1400 2842 sacra,
1412 2790 1431 2834 t.
1446 2786 1476 2841 V,
1492 2800 1519 2848 p.
1535 2784 1619 2849 titt]

965 2891 1082 2947 Petentc
1091 2890 1422 2963 patriarcba‚ecclesiam
1433 2890 1609 2948 (trudensem
1623 2891 1673 2948 snb
1682 2891 1740 2947 beati

1025 2979 1099 3035 Petri
1114 2987 1141 3034 et
1153 2994 1204 3035 sua
1221 2979 1395 3050 protectione
1411 2978 1530 3050 suscipit
1545 2981 1692 3035 Honorius.

1004 3096 1172 3155 Honorius
1181 3097 1366 3172 episcopus,
1380 3112 1496 3155 servus
1505 3111 1674 3155 servorum
1683 3096 1736 3162 bei,

964 3193 1148 3252 venerabili
1164 3194 1259 3253 tratri
1275 3192 1417 3253 Graden.
1439 3192 1649 3268 patriarchae,
1665 3193 1738 3252 salu-

964 3293 1028 3350 tem
1044 3294 1077 3351 et
1091 3290 1307 3365 apostolicam
1321 3289 1597 3351 benedictionem.

1003 3391 1020 3449 J
1025 3387 1107 3448 ustis
1121 3388 1302 3462 petentium
1317 3387 1502 3456 desideriis,
1518 3388 1581 3448 etc.
1599 3390 1643 3446 Ea
1656 3402 1737 3462 prop·

964 3487 1025 3554 ter,
1041 3485 1075 3543 in
1090 3485 1219 3545 Christo
1233 3484 1346 3555 frater,
1363 3485 1430 3544 tuis
1441 3485 1542 3560 justis
1558 3484 1736 3559 postulatio·

964 3581 1061 3641 nibus
1076 3582 1170 3655 grato
1184 3583 1419 3641 concurrentes
1431 3597 1582 3651 assensu,
1597 3581 1637 3640 ad
1650 3595 1736 3641 exem·

965 3679 1038 3754 plar
1059 3679 1166 3739 felicis
1191 3678 1431 3740 recordationis
1454 3679 1639 3739 innocentii
1662 3691 1735 3753 pape

964 3776 1218 3851 praedecessoris
1231 3777 1335 3835 nostri
1353 3776 1512 3836 ecclesias
1529 3778 1562 3835 S.
1584 3775 1734 3850 Sylrestri,

965 3876 998 3932 S.
1011 3872 1127 3935 Jacobi
1143 3873 1182 3933 de
1198 3873 1325 3949 Lupino
1340 3875 1372 3933 et
1387 3875 1420 3932 S.
1437 3873 1573 3934 Martini
1590 3872 1629 3933 de
1642 3870 1735 3932 Geni·

964 3972 1028 4040 nis,
1055 3973 1088 4030 S.
1112 3971 1271 4040 Matthaei,
1306 3973 1363 4031 SS.
1386 3970 1540 4030 cantiani
1562 3971 1596 4031 et
1615 3969 1736 4029 Cancia·

964 4068 1066 4139 nillae,
1083 4071 1115 4127 S.
1133 4068 1247 4128 Mariae
1262 4068 1303 4127 de
1321 4067 1512 4136 cruciariis,
1532 4069 1565 4127 S.
1581 4064 1737 4128 Clementis

965 4166 999 4225 in
1028 4167 1182 4237 Venetia,
1212 4164 1390 4225 ecclesiam
1423 4165 1524 4224 etiam
1552 4167 1585 4224 S.
1616 4160 1737 4224 Akidani

964 4262 1194 4338 baptismalem
1212 4263 1246 4320 in
1262 4261 1561 4337 Constantinopoli,
1577 4277 1649 4322 cum
1667 4256 1737 4320 omni

118 4371 196 4427 Facit
212 4371 238 4426 ei
261 4377 429 4442 potestatem
449 4370 622 4439 sacerdotes,
641 4374 688 4444 qui
713 4375 908 4430 excommuni·
961 4363 1037 4435 jure
1050 4359 1269 4420 insliluliOHiS
1283 4374 1410 4429 earum,
1425 4361 1458 4418 et
1470 4357 1609 4419 decimis
1621 4358 1739 4432 burgen·

151 4459 292 4515 cationem
325 4466 438 4530 propter
460 4458 682 4516 inobedientiam
708 4463 821 4518 statutis
847 4464 908 4533 qui·

151 4547 273 4604 busdam
295 4545 448 4604 cardinalis
476 4549 570 4606 Sancti
588 4549 701 4605 Martini
724 4551 910 4621 incurrerant,

153 4635 237 4693 modo
253 4636 433 4708 resipiscant,
450 4637 626 4694 absolvendi.

157 4746 336 4817 Honorius,
364 4747 438 4818 etc,
469 4746 576 4808 eidem
603 4748 788 4810 venerabili
816 4748 911 4811 fratri

98 4921 102 4926 ῃ
118 4844 313 4907 Ambianeu.
329 4845 493 4921 episcopo.

159 4944 208 5002 Ex
219 4944 312 5017 parte
336 4945 392 5002 tua
413 4943 475 5004 luit
490 4943 584 5004 nobis
599 4944 769 5006 humiliter
783 4947 912 5023 suppli-

119 5040 240 5112 catum,
270 5043 305 5100 ut
336 5057 409 5100 cum
437 5042 631 5117 quibusdam
670 5043 910 5117 sacerdotibus,

118 5139 263 5209 clericis,
280 5141 313 5199 et
326 5138 561 5214 aliispersonis
574 5140 821 5212 ecclesiasticis,
839 5159 912 5219 quae

98 5277 100 5283 ι
119 5255 178 5317 pro
201 5254 241 5298 eo
269 5237 624 5298 excommunicationis
652 5241 849 5300 sententiam
865 5241 913 5301 iu·

120 5336 305 5403 currerunt,
321 5335 406 5411 quod
423 5335 538 5396 eontra
556 5335 792 5398 inhibitionem
801 5339 910 5401 dilect'

121 5436 180 5496 tllii
196 5435 301 5495 nostri
318 5436 355 5493 G.
368 5432 456 5494 tituli
473 5433 585 5494 Sancti
599 5434 732 5495 Martini
744 5437 778 5495 in
789 5438 911 5507 Monte,

121 5533 304 5609 presbyteri
331 5532 522 5602 cardinalis
549 5531 658 5592 olflcio
683 5533 858 5608 legationis
878 5535 912 5594 in

966 4458 1053 4517 sium
1074 4457 1353 4533 parochianorum
1375 4470 1522 4525 suorum,
1542 4457 1599 4532 qui
1619 4456 1653 4516 iu
1672 4469 1739 4531 pra-

967 4556 1052 4617 dicta
1068 4554 1209 4615 ecelesia
1226 4557 1258 4614 S.
1275 4553 1422 4614 Akidani
1438 4553 1664 4614 ecclesiastica
1681 4566 1740 4629 per-

966 4654 1093 4730 cipiunt
1110 4654 1329 4721 sacramenta,
1344 4653 1377 4712 et
1387 4650 1548 4727 Justitias,
1560 4666 1644 4727 quas
1657 4647 1740 4710 habes

965 4751 1000 4810 in
1013 4751 1150 4828 capellis
1162 4750 1440 4810 monasteriorum
1458 4751 1490 4808 S.
1501 4749 1644 4820 Nicolai,
1660 4748 1741 4809 Sl‘e·

965 4848 1050 4918 licis
1069 4849 1102 4909 et
1124 4850 1156 4907 S.
1179 4847 1324 4920 Georgii,
1342 4846 1375 4906 et
1389 4844 1542 4905 omnibus
1562 4845 1640 4905 aliis
1656 4842 1742 4920 perli-

965 4946 1087 5006 nentiis
1111 4943 1314 5011 earumdem,
1334 4943 1420 5004 sicut
1436 4958 1494 5002 eas
1505 4944 1597 5019 juste
1611 4939 1742 5019 possides

966 5046 998 5105 et
1021 5044 1146 5120 quiete,
1170 5041 1246 5112 tibi,
1263 5057 1303 5102 ac
1320 5057 1380 5117 per
1397 5042 1429 5101 te
1448 5040 1591 5101 Graden.
1611 5037 1743 5101 ecclesiae

965 5142 1161 5202 auctoritate
1169 5139 1359 5216 Apostolica
1375 5108 1621 5207 confirmamus,
1635 5140 1666 5199 et
1678 5150 1745 5213 prae

966 5238 1070 5299 sentis
1090 5238 1205 5314 scripti
1219 5235 1404 5313 patrocinio
1424 5234 1676 5296 communimus.
1692 5235 1746 5292 be-

966 5337 1134 5396 cernimus
1150 5350 1240 5409 ergo,
1253 5337 1315 5396 etc.
1328 5334 1446 5394 Datum
1460 5332 1628 5403 Laterani,
1643 5333 1682 5392 Vl
1695 5329 1747 5389 ka-

968 5434 1082 5493 lendas
1113 5433 1285 5503 februarii,
1310 5431 1520 5508 pontificatus
1546 5430 1651 5490 nostri
1670 5440 1747 5489 anno

967 5533 1092 5609 qllinto
