3774 6186
47 350 87 406 :aa
671 341 899 403 EPIS'IOLAE.
924 341 1002 401 bia.
1026 340 1082 401 111.
1284 402 1286 407 ,
1661 341 1701 402 30

385 514 518 601 XVIII

45 653 101 712 Ad
117 649 368 719 [teriaca-num,
385 651 424 710 A.
442 650 476 710 S.
494 646 641 724 rapacum
657 642 691 708 at
704 649 851 709 dantuiri·

240 762 330 817 mena,
346 760 432 807 coln.
448 749 660 807 Toloscmun.

321 860 338 917 5
350 859 489 933 septemb.
505 860 583 916 lala.

90 969 233 1034 [bouquet
247 969 309 1020 lice.
322 967 366 1017 des
376 968 482 1028 Hister„
492 972 512 1017 t.
526 967 594 1026 XIX,
604 981 631 1032 p.
640 966 698 1019 672.
709 966 810 1028 Regest.

344 1047 388 1097 lib.
400 1048 442 1106 Ill,
460 1062 499 1112 ep.
512 1048 565 1115 δί]

49 1148 237 1208 Provinciam
266 1148 308 1205 eis
334 1146 489 1205 demandat
515 1147 659 1206 Honorius
684 1144 853 1222 colligendae

372 1250 530 1294 vicesima.

93 1341 263 1406 Honorius
274 1340 460 1419 epIscopus,
473 1358 589 1404 servus
597 1358 770 1404 servorum
780 1341 851 1412 Dei,

52 1440 185 1504 dilectis
200 1439 278 1501 tiliis
289 1440 324 1502 B.
338 1440 427 1501 tituli
442 1441 632 1502 sanctorum
646 1439 809 1502 lobannis
822 1438 856 1502 et

52 1538 153 1602 Pauli
175 1534 322 1617 presbyt.
339 1538 442 1609 card,
459 1541 497 1600 A.
513 1540 546 1599 S.
563 1537 685 1615 legato,
701 1538 735 1599 et
752 1536 855 1599 nobili

51 1640 128 1700 viro
144 1636 312 1699 amalrico
333 1636 444 1698 comiti
466 1634 641 1709 Tolosam,
662 1635 858 1698 salutemet

54 1735 275 1815 apostolicam
290 1733 564 1796 benedictionem.

96 1833 183 1906 Quid
194 1847 254 1911 pro
269 1834 381 1894 vestro
392 1831 540 1893 subsidio
553 1830 725 1906 saclamus,
737 1829 856 1894 litterae

54 1928 416 1994 carissimoinchristo
426 1929 495 1991 tilio
503 1927 778 2008 nostrol’hilippo
786 1927 856 2005 regi

55 2032 263 2092 Francorum
283 2027 406 2088 illustri
430 2026 576 2099 dtrectae,
598 2043 737 2105 quarum
763 2028 859 2088 teno-

59 2126 233 2191 remvobls
242 2142 372 2204 quoque
383 2124 443 2186 sub
452 2125 542 2186 bulla
550 2127 663 2186 nostre
671 2124 856 2201 dirigimus,

62 2221 860 2302 vospleniusedocebunt(l).cumautemvicesi-

63 2338 152 2383 mam
164 2320 402 2391 Narbonensis,
419 2320 667 2388 auxitanensis,
683 2319 857 2398 Aquensis,

61 2418 320 2490 Ebredunensis,
336 2418 547 2489 Viennensis,
564 2417 767 2479 Arelatensis
784 2431 861 2494 pro-

59 2517 260 2589 vinciarum,
281 2514 376 2578 vobis
397 2515 641 2576 concedendam
667 2514 860 2576 duxerimus

67 2614 102 2676 ln
122 2614 300 2676 utilitatem
324 2613 448 2689 negotii
472 2612 564 2690 pacis
587 2613 858 2686 convertendam,

63 2710 258 2774 discretioni
282 2713 403 2773 vestrae
432 2726 491 2788 per
516 2710 707 2787 Apostolica
738 2710 860 2787 scripta

59 2810 271 2881 mandamus,
290 2808 452 2886 quatenus
472 2808 518 2880 tu,
532 2807 579 2868 nli
597 2807 705 2884 legate
717 2806 861 2886 (a),eam

62 2921 291 2985 perpensonas
301 2905 342 2967 ad
353 2905 417 2967 hoc
427 2905 565 2967 utileset
577 2905 864 2982 idoneasdiligen-

59 3005 111 3067 ter
126 3002 241 3080 colligi
265 3002 369 3064 facias
387 3003 419 3064 et
439 3001 500 3063 tibi
516 3001 659 3064 fideliter
678 3001 859 3078 assignari;

59 3101 337 3172 contradictores,
354 3099 449 3178 siqui
466 3098 600 3167 luerint.
617 3115 862 3177 percensuram

61 3198 865 3277 ecclesiasticam,appellationepostposita‚corn·

62 3296 242 3375 pescendo,
253 3298 289 3359 ut
299 3312 358 3374 per
370 3312 439 3368 vos,
455 3296 542 3357 sicut
553 3295 684 3372 negotio
696 3293 864 3358 videbitur

62 3394 237 3473 expedire,
258 3393 394 3471 provide
410 3395 445 3454 in
467 3393 701 3470 stipendiarios
726 3394 759 3455 et
772 3392 865 3455 utili-

62 3496 151 3555 tates
178 3490 263 3554 alias
278 3491 496 3569 expendatur.
522 3493 588 3552 Vos
604 3491 756 3568 denique,
779 3492 866 3553 sicut

63 3590 133 3651 viri
148 3589 338 3667 prudentes,
353 3590 446 3651 stetis
461 3588 605 3650 viriliter
618 3589 651 3650 et
662 3591 864 3662 constanter,

64 3688 106 3749 de
122 3685 236 3748 divino
264 3686 391 3748 auxilio
414 3688 447 3747 et
468 3685 581 3747 lavore
605 3687 717 3747 nostro
733 3685 867 3747 indubi-

65 3787 180 3846 tanter
192 3784 347 3845 fiduciam
360 3783 556 3845 obtinentes.
567 3783 685 3845 Datum
697 3784 865 3857 Laterani,

69 3882 166 3943 nonis
180 3881 387 3960 septembris,
404 3897 492 3942 anno
506 3881 616 3943 tertio.

407 4040 534 4126 XXIX

66 4170 121 4228 nd
139 4169 367 4228 Viennensem
383 4166 417 4226 et
431 4165 669 4227 Arelatensem
680 4168 870 4241 archiepis-

414 4277 524 4337 copes.

334 4376 351 4434 t
369 4376 509 4450 septerub.
527 4377 606 4433 lala.

106 4481 249 4545 [bouquet
259 4480 317 4530 lico.
329 4478 373 4530 des
387 4481 490 4539 llistor.,
504 4487 522 4529 t.
534 4481 601 4538 lilX,
619 4495 645 4545 p.
659 4480 714 4530 ott.
726 4483 833 4546 Regcst„

361 4560 407 4609 lib.
421 4561 464 4617 lll,
478 4575 518 4625 ep.
529 4560 580 4625 tl]

69 4659 159 4718 lubet
177 4656 324 4716 dimidiam
353 4659 498 4716 vicesimae
519 4660 718 4716 transmarinis
744 4661 868 4718 crucesi-

107 4748 207 4821 gnatis
227 4747 369 4820 deputatu
384 4756 493 4819 partein
514 4745 550 4804 ad
572 4747 678 4805 bellum
698 4749 871 4806 Tolosanum

108 4836 243 4893 conten-i.

114 4945 283 5007 Honorius
293 4944 479 5023 episcopus,
489 4961 604 5006 servus
614 4962 787 5009 servorum
800 4948 870 5020 Dei,

68 5042 321 5106 venerabilibus
355 5043 511 5104 iratribus
544 5044 804 5123 archiepiscopis
842 5047 875 5106 et

69 5141 252 5218 epIscopis,
267 5141 299 5201 et
313 5141 442 5202 dilectis
456 5141 534 5201 tiliis
550 5141 734 5210 abbatibus,
751 5143 875 5220 priori-

70 5238 137 5300 bus
162 5240 195 5299 et
218 5238 349 5299 clericis
370 5238 534 5311 omnibus,
561 5255 620 5316 per
638 5242 873 5312 Viennensem,

69 5336 316 5407 Arelatensem,
327 5336 589 5409 Narbonensem,
600 5340 873 5412 Auxitanensem,

70 5434 347 5499 Ebredunensem
387 5440 420 5496 et
458 5438 644 5513 aquensem
685 5439 875 5516 provincIas

70 5532 279 5603 constitutis,
291 5533 442 5605 salutem,
461 5536 522 5595 etc.

113 5686 156 5755 (l)
176 5681 242 5743 vid.
258 5682 313 5739 cot.
327 5682 372 5740 24.

944 501 1024 561 cum
1055 499 1231 562 haereticos
1259 497 1443 561 deteriores
1472 514 1547 561 esse
1575 497 1703 578 liqueat

906 599 1111 669 sarracenis,
1126 614 1192 659 non
1208 597 1329 658 minori
1351 595 1459 658 studio
1474 596 1524 658 eis
1538 596 1589 659 est
1603 612 1702 674 quam

904 697 1038 759 illorum
1055 695 1231 758 insultibus
1245 693 1482 757 obsistendum.
1497 695 1589 757 Licet
1600 695 1703 772 igitur

906 795 1064 857 vicesima
1072 793 1374 856 ecclesIasticorum
1382 794 1601 869 proventuum
1611 795 1704 855 certo

905 894 1054 971 tempore
1072 892 1173 953 luerit
1186 893 1297 952 Terrae
1322 892 1452 952 Sanctae
1471 890 1618 952 subsidio
1640 891 1703 952 de-

907 990 1031 1069 putata,
1044 1006 1104 1051 nos
1114 991 1236 1060 tamen,
1249 989 1454 1050 attendentes
1466 989 1503 1049 in
1515 1005 1614 1066 quam
1629 1004 1705 1050 cen·

908 1089 1071 1150 lusionem
1087 1088 1255 1163 negotium
1268 1084 1361 1164 pacis
1373 1088 1407 1147 et
1419 1086 1495 1147 lidei
1511 1087 1600 1147 circa
1616 1089 1704 1148 Pro-

908 1187 1027 1247 vinciae
1052 1187 1162 1262 partes
1177 1183 1349 1254 relabitur,
1366 1183 1432 1243 uisi
1454 1181 1486 1244 ei
1504 1183 1655 1259 potenter
1669 1185 1705 1244 iu

909 1285 972 1345 boc
986 1283 1126 1344 articulo
1137 1281 1363 1352 succurratur,
1380 1280 1627 1357 provinciarum
1635 1297 1707 1342 ves·

909 1385 1036 1444 trarum
1067 1379 1261 1442 vicesimam
1291 1380 1327 1440 in
1360 1378 1508 1455 ejusdem
1537 1364 1706 1455 negotium

910 1478 1160 1541 subventionem
1192 1476 1397 1554 providimus
1429 1477 1705 1549 convertendam,

910 1576 1013 1639 salvis
1023 1574 1304 1644 concessionibus,
1321 1574 1351 1635 si
1364 1589 1446 1651 quas
1460 1572 1600 1635 lecimus
1617 1575 1708 1652 epis-

911 1675 1001 1752 copis
1016 1674 1069 1735 vel
1088 1672 1268 1734 baronibus
1292 1670 1531 1747 crucesignatis
1552 1671 1593 1733 de
1611 1671 1706 1732 vico-

911 1774 995 1835 sima
1023 1773 1121 1841 terrae
1149 1786 1230 1831 suae.
1261 1769 1403 1846 Ideoque
1433 1785 1493 1847 per
1518 1768 1709 1845 apostolica

911 1869 1005 1931 vobis
1014 1858 1147 1945 scripta,
1158 1868 1193 1928 in
1205 1867 1327 1929 virtute
1340 1865 1547 1938 obedieutiae,
1560 1865 1708 1928 districte

912 1966 1135 2046 praecipiendo
1153 1965 1359 2035 mandamus,
1379 1965 1542 2041 quatenus
1557 1962 1708 2027 universi

913 2067 947 2129 et
957 2064 1081 2142 singuli
1094 2079 1168 2126 eam
1177 2063 1298 2124 dilecto
1312 2062 1502 2125 dlionostro
1513 2065 1549 2124 Β.
1563 2060 1609 2141 (b)
1621 2061 1709 2123 tituli

914 2164 1111 2226 Sanctorum
1148 2160 1288 2223 loannis
1323 2161 1355 2221 et
1391 2159 1486 2221 Pauli
1518 2158 1710 2236 presbytero

914 2260 1018 2329 card..
1034 2263 1073 2321 A.
1091 2261 1123 2319 S.
1137 2259 1256 2334 legato,
1269 2256 1321 2318 vel
1335 2256 1389 2317 cui
1404 2255 1623 2328 mandaverit,
1637 2256 1711 2318 sine

915 2356 1108 2418 difficultate
1118 2371 1157 2416 ac
1173 2354 1391 2416 diminutione
1405 2353 1551 2430 qualibet
1564 2354 1712 2429 assigne-

914 2455 968 2525 tis,
983 2455 1019 2515 nt
1035 2469 1095 2530 per
1112 2468 1228 2512 manus
1244 2454 1317 2529 ejus
1332 2466 1371 2512 ac
1386 2451 1498 2512 dilecti
1514 2451 1574 2512 lilii
1589 2451 1712 2513 nobilis

915 2552 979 2614 viri
1003 2550 1172 2622 Amalrici,
1190 2549 1319 2611 comitis
1339 2549 1493 2610 Tolosani
1515 2549 1551 2610 in
1575 2564 1712 2626 promo-

915 2651 1038 2712 tionem
1058 2648 1164 2726 ipsius
1187 2646 1312 2722 negotii
1332 2645 1553 2723 expendatur3
1570 2647 1712 2709 scientes

916 2763 976 2808 nos
989 2746 1095 2809 eidem
1111 2744 1273 2807 cardinali
1289 2759 1349 2821 per
1363 2744 1494 2804 nostras
1510 2743 1639 2805 dedisse
1652 2744 1712 2808 ut-

917 2845 1005 2907 teras
1019 2845 1054 2904 in
1070 2841 1234 2905 mandatis
1255 2844 1292 2904 ut
1310 2841 1585 2913 contradicentes,
1605 2842 1636 2902 si
1656 2842 1713 2919 qui

917 2942 1049 3014 luerint,
1062 2942 1114 3003 vel
1123 2940 1274 3011 rebelles,
1287 2954 1527 3016 percensuram
1537 2940 1715 3001 ecclesias-

917 3041 1034 3111 ticam,
1076 3037 1300 3116 appellatione
1334 3038 1476 3108 remota‚
1513 3039 1712 3114 compescat.

918 3139 1036 3231 Datum
1062 3135 1235 3205 Laterani,
1262 3134 1359 3194 nonis
1386 3134 1599 3210 septembrIs,
1625 3150 1714 3197 anno

919 3233 1027 3297 tertio.

1018 3485 1071 3544 Ad
1089 3483 1330 3555 Pandutpnum
1345 3483 1616 3542 norwicensem.

1170 3604 1204 3661 ta
1223 3602 1364 3676 septemb.
1390 3603 1469 3661 tata.

984 3719 1123 3785 [llaynald
1136 3718 1228 3769 dunel.
1241 3719 1378 3768 ecclesiast.
1390 3719 1422 3768 ud
1434 3733 1495 3768 aun.
1510 3718 1571 3769 lats
1582 3719 1656 3784 562]

923 3835 1088 3911 legationis
1102 3833 1227 3892 officium
1244 3834 1272 3890 iu
1287 3848 1378 3908 regno
1393 3834 1506 3908 anglise
1516 3835 1542 3893 ei
1555 3837 1716 3894 committit.

962 3965 1043 4024 Cum
1054 3960 1193 4022 dilectus
1204 3959 1291 4020 tilius
1301 3961 1415 4021 noster
1425 3963 1461 4020 G.
1475 3961 1526 4022 tit.
1538 3964 1570 4022 S.
1583 3961 1718 4024 Martini

924 4061 1095 4137 presbyter
1114 4057 1204 4119 card.
1226 4057 1283 4134 qui
1305 4058 1475 4135 expertam
1497 4059 1718 4135 prudentiam,

924 4160 956 4221 et
970 4157 1190 4219 constantiam
1208 4171 1302 4216 suam
1317 4156 1352 4216 in
1367 4171 1470 4232 regno
1487 4157 1615 4233 Angliae
1634 4158 1721 4219 viri-

924 4257 1012 4327 liter,
1029 4270 1068 4316 ac
1083 4268 1143 4330 per
1165 4254 1224 4313 bei
1240 4254 1381 4329 gratiam
1401 4253 1543 4316 feliciter
1559 4257 1720 4328 exercuit,

925 4355 1012 4416 sicut
1039 4353 1120 4422 scis,
1148 4350 1244 4412 uobis
1272 4351 1463 4428 frequenter
1485 4354 1723 4430 supplicaverit

926 4452 1097 4514 humiliter
1111 4451 1144 4511 et
1157 4448 1331 4521 instanter,
1351 4464 1391 4511 ac
1412 4450 1512 4511 etiam
1527 4467 1587 4527 per
1601 4451 1722 4514 iratres

927 4549 1058 4611 nostros
1071 4547 1187 4609 iecerit
1204 4547 1398 4625 supplicari,
1421 4549 1458 4609 ut
1471 4549 1535 4625 ipsi
1554 4550 1722 4612 continuis

927 4648 1064 4723 fatigato
1073 4645 1241 4706 laboribus
1252 4645 1412 4706 redeundi
1425 4644 1594 4707 licentiam
1602 4663 1725 4709 conce-

927 4747 1005 4807 dere
1023 4744 1252 4819 dignaremur;
1275 4757 1337 4803 nos
1360 4742 1568 4805 attendentes
1593 4743 1724 4807 labores

928 4845 1032 4923 ipsius
1055 4842 1212 4913 diutinos,
1238 4843 1271 4905 et
1293 4840 1392 4902 simul
1416 4842 1629 4919 praesentiam
1650 4848 1723 4921 ejus

928 4941 1126 5020 apiostolicae
1143 4939 1231 5015 Sedi,
1249 4955 1323 5000 cum
1338 4938 1381 5000 sit
1392 4940 1445 5000 vir
1455 4941 1566 5017 magni
1580 4942 1723 5015 consilii,

930 5037 1363 5109 necessariamaffectantes,
1373 5037 1541 5100 licentiam
1550 5041 1727 5102 eiconces-

930 5140 1033 5200 simus
1046 5137 1145 5200 toties
1157 5136 1366 5213 postulatam.
1391 5138 1513 5198 Verum
1526 5130 1604 5216 quia
1618 5154 1724 5217 expe-

931 5239 1001 5298 dire
1017 5235 1193 5307 credimus,
1208 5235 1275 5295 imo
1288 5234 1422 5306 scimus,
1437 5236 1473 5295 ut
1486 5235 1533 5296 ibi
1548 5236 1590 5298 sit
1604 5236 1726 5316 ailquis

930 5336 971 5397 de
983 5336 1086 5397 latere
1094 5334 1208 5395 nostro
1218 5332 1350 5405 missua,
1359 5333 1416 5409 qni
1427 5349 1538 5409 regem
1548 5338 1581 5395 et
1589 5351 1727 5412 reguum

932 5435 1039 5511 ipsum
1055 5433 1089 5493 in
1104 5430 1344 5509 tranquillitate
1364 5432 1494 5494 studeat
1514 5448 1724 5508 conservare,

932 5535 963 5594 te
979 5532 1019 5593 de
1032 5534 1127 5609 cujus
1140 5530 1435 5608 circumspectione
1450 5547 1489 5593 ac
1509 5532 1572 5595 ilde
1589 5533 1727 5596 indubi-

969 5682 1009 5755 (u)
1025 5683 1208 5740 Bertraunus.
1248 5680 1288 5753 (t)
1303 5683 1468 5740 maranno.
