3774 6186
173 326 230 384 127
784 318 958 379 buhhan
982 318 1026 377 lli
1048 320 1196 380 orbita.
1768 323 1817 383 lat

172 481 371 558 telligimus,
398 476 672 541 transmittamur.
710 477 800 537 Inter
830 478 969 537 caeteros
1024 478 1129 539 aciem
1145 478 1355 542 discretionis
1370 480 1590 552 intenderent,
1606 480 1813 543 advertentes

172 579 335 658 siquidem
357 575 617 637 sacramentales
646 577 782 635 ornatus
807 574 967 650 praelato-
1024 576 1241 638 nihilominus
1256 578 1296 638 de
1310 577 1428 655 quibus
1442 578 1812 654 novahhusepostolica

38 750 49 763 ·
136 734 139 741 .
173 695 246 738 rum
267 675 417 738 ecclesiae
442 674 540 733 mitra
566 671 767 743 conceditur,
796 688 967 748 quaecum
1025 673 1126 735 Sedes
1137 675 1311 751 intelligat,
1324 675 1565 751 indulgentiam
1584 691 1689 751 super
1701 674 1811 736 talibus

173 777 206 837 in
233 774 340 851 capite
362 770 541 841 deleratur,
568 771 602 830 in
619 786 683 846 quo
698 769 789 844 viget
810 785 967 830 sensuum
1023 772 1088 848 piis
1108 773 1190 834 locis
1211 789 1413 845 concessam,
1435 789 1501 834 non
1516 774 1564 832 sic
1580 773 1671 834 eirca
1688 775 1810 836 novalia

143 871 353 951 plenitudo,
382 886 442 946 per
469 868 633 929 visibilem
665 866 783 927 faciem
810 867 968 942 praelatus
1023 886 1117 931 novae
1131 871 1413 948 interpretationis
1424 871 1579 943 ludibrio,
1600 870 1730 948 injuria
1744 871 1810 932 iati-

168 971 294 1048 jugiter
315 967 521 1038 admonetur,
540 968 575 1026 ut
596 966 695 1041 caput
725 966 885 1035 nostrum,
912 963 968 1040 qui
1022 970 1150 1042 gerent.
1171 969 1360 1030 Inhibemus
1383 969 1485 1045 igitur
1510 969 1712 1029 auctoritate
1735 985 1809 1045 pra-

172 1067 323 1129 Christus
336 1068 396 1136 est,
414 1063 587 1124 humiliter
601 1062 782 1122 reverendo
798 1061 839 1121 ad
859 1063 968 1138 ipsum
1024 1066 1179 1137 sentium,
1199 1069 1236 1127 ut
1251 1066 1363 1127 nullus
1387 1083 1406 1127 a
1429 1066 1523 1127 vobis
1541 1067 1580 1126 de
1600 1065 1775 1127 novalibus
1793 1083 1809 1129 a

171 1167 266 1227 actus
291 1164 413 1239 dirigat
437 1161 623 1231 universos
649 1159 784 1220 comsit
806 1158 967 1219 bonorum
1022 1166 1169 1240 tempore
1189 1165 1328 1225 Cottcilii
1345 1165 1499 1237 excultis,
1520 1165 1572 1225 rel
1592 1165 1627 1225 in
1650 1167 1807 1241 posterum

173 1264 319 1325 omnium
336 1262 407 1337 ipse
419 1260 570 1320 donator.
587 1260 666 1317 Cum
684 1257 786 1332 igitur
800 1259 969 1317 monaste·
1023 1262 1167 1337 propriis
1183 1262 1334 1323 manibus
1347 1266 1406 1323 aut
1418 1262 1602 1338 sumptibus
1612 1263 1805 1334 excolendis

171 1361 259 1423 rium
283 1358 396 1420 Sancti
415 1356 588 1418 Benedicti
610 1370 711 1430 super
726 1354 864 1425 Padum,
881 1354 967 1431 quod
1023 1358 1168 1419 decimas
1191 1360 1326 1435 exigere
1342 1360 1394 1420 tel
1411 1362 1609 1437 extorquere
1624 1363 1805 1438 praesumat.

172 1460 357 1521 Romanam
388 1454 569 1516 Ecclesiam
604 1452 696 1513 nullo
727 1452 864 1528 respicit
897 1468 968 1512 me-
1022 1456 1114 1516 Nulli
1136 1457 1401 1531 ergohominum
1423 1458 1522 1519 liceat
1547 1458 1634 1518 hanc
1662 1458 1805 1535 pagiuam

171 1555 294 1626 diante,
312 1555 442 1614 sincera
462 1551 640 1625 diligamus
655 1549 690 1609 in
706 1549 846 1610 Domino
861 1549 969 1610 chari·
1023 1554 1144 1614 nostrae
1169 1554 1376 1616 inhibitionis
1396 1554 1589 1630 intringere,
1608 1557 1674 1617 etc.
1690 1555 1725 1616 Si
1744 1557 1805 1632 quis

170 1656 248 1725 tate,
263 1654 412 1714 volentes
427 1651 536 1726 ipsum
547 1649 581 1708 in
595 1648 627 1708 te
641 1647 783 1723 aliquus
794 1646 967 1722 dignitatis
1022 1653 1143 1722 autem,
1161 1653 1223 1712 etc.

170 1750 346 1829 privilegio
361 1748 531 1818 decorare,
546 1747 581 1807 ut
595 1746 627 1805 et
637 1744 794 1805 Ecclesiae
807 1747 966 1806 Romanae
1062 1750 1179 1810 Datum
1195 1750 1348 1810 Laterani
1364 1752 1425 1811 llll
1440 1751 1514 1810 Kal.
1532 1751 1657 1822 martii,
1678 1751 1805 1827 pontili-

170 1849 277 1924 magis
287 1847 410 1908 existat
420 1845 584 1906 obnoxius
595 1846 627 1903 et
642 1842 789 1912 devotus
802 1845 835 1903 et
848 1841 967 1903 lortius
1022 1848 1115 1907 catus
1130 1847 1235 1907 nostri
1248 1863 1335 1908 anuo
1350 1849 1460 1909 tertio.

169 1949 203 2009 et
217 1945 385 2007 efficacius
400 1940 555 2018 regimini
571 1938 738 2001 commissi
753 1938 814 1999 tibi
833 1955 968 2000 monas·
1122 1972 1124 1977 ·
1468 2010 1470 2015 Ι

168 2043 245 2107 terii
260 2042 381 2103 debeas
404 2038 590 2105 imminere,
611 2053 707 2096 usum
731 2036 838 2096 mitrae
859 2037 919 2098 tibi
935 2039 968 2098 et
1331 2008 1507 2095 CXXVII

169 2139 417 2204 successoribus
452 2136 518 2199 tuis
555 2136 596 2195 de
630 2133 835 2208 benignitate
871 2134 966 2195 Sedis
1061 2144 1111 2202 Ast
1124 2143 1290 2203 decanum
1301 2141 1334 2202 et
1343 2145 1530 2216 capitutum
1542 2145 1773 2206 parisienses.

167 2239 368 2316 apostolicae
392 2234 614 2309 indulgemus.
630 2231 724 2291 Nulli
744 2246 835 2306 ergo,
850 2233 912 2293 etc.
931 2234 965 2294 Si
1312 2265 1345 2321 48
1361 2264 1430 2321 febr.
1446 2266 1523 2323 ¹2¹9·

167 2337 242 2415 quis
266 2337 388 2405 autem,
414 2335 475 2393 etc·
504 2330 577 2391 hat.
600 2329 756 2389 Laterani
785 2331 863 2389 xiil
889 2330 963 2390 Kal.
1021 2370 1301 2431 [suarattaratae
1313 2371 1571 2433 releuandos-n.
1585 2372 1738 2432 uersam.
1750 2372 1806 2438 ss]

167 2435 291 2506 1113ΐῦ1,
309 2426 865 2511 P0¹1tffi⁰at¹¹⁸”Ostriammtefflm
1021 2469 1094 2542 lpsis
1117 2469 1247 2543 indulget
1267 2468 1394 2527 decimas
1421 2471 1565 2528 novalium
1589 2470 1626 2528 de
1653 2473 1807 2529 nemoribus

488 2585 644 2672 CXXVI
1054 2558 1114 2614 suis
1136 2559 1266 2630 propriis,
1291 2573 1354 2630 que
1385 2558 1543 2617 habuerant
1569 2567 1638 2617 ante
1659 2561 1807 2619 Concilium

1055 2648 1201 2720 generale,
1218 2655 1300 2720 prout
1316 2647 1482 2722 redigentur
1496 2650 1526 2706 iu
1540 2657 1691 2722 posterum
1706 2649 1743 2706 ad
1755 2651 1806 2706 eul-

252 2719 304 2777 Act
319 2710 695 2776 praemonstratensem
710 2710 885 2772 abbatem..
1055 2745 1157 2794 mmm·

459 2812 674 2871 1816111219·
1059 2845 1236 2918 Honorius,
1262 2847 1337 2918 ete,
1366 2846 1497 2908 dilectis
1523 2847 1602 2909 tiliis
1627 2848 1756 2910 decano
1782 2851 1808 2910 et

314 2925 359 2989 [ιθ
370 2921 455 2984 Μεθ’
467 2919 531 2971 etet.
544 2925 749 2977 P‘aem⁰¹¹⁸²'⁸¹‘’
760 2919 827 2985 ⁰⁵⁰¹]
1019 2943 1164 3019 capitulo
1181 2943 1376 3016 Parisiensi,
1391 2944 1533 3006 salutem
1551 2945 1584 3005 et
1596 2947 1808 3022 apostolicam

167 3028 456 3086 premonstratenses
476 3017 602 3075 decimas
623 3017 659 3074 de
679 3018 828 3075 novalibus
852 3032 868 3074 a
889 3025 962 3075 tem·
1019 3039 1292 3102 benedictionem·

203 3128 271 3188 pore
285 3108 402 3169 concilii
417 3107 546 3176 excultis,
558 3106 670 3164 solvere
684 3122 742 3164 non
755 3114 897 3165 tenentur.
1058 3140 1139 3199 Cum
1161 3155 1181 3200 a
1201 3138 1296 3200 nobis
1323 3139 1446 3216 petitur
1459 3139 1544 3218 quod
1558 3142 1692 3216 justum
1716 3145 1765 3204 est
1781 3146 1808 3203 91

93 3224 97 3230 '
206 3218 385 3284 Honorius,
408 3219 482 3286 etc,
500 3215 629 3275 dilectis
650 3215 728 3274 liliis
743 3215 854 3276 abbati
872 3217 965 3276 Prae·
1019 3236 1203 3305 honestun„
1225 3239 1293 3299 tam
1310 3239 1405 3313 vigo,-
1428 3237 1593 3315 ,equitatis
1618 3238 1807 3316 quamordo

167 3313 405 3382 monstratensi
421 3315 453 3372 et
468 3311 633 3372 universis
657 3311 871 3372 coabbatibus
894 3314 963 3374 suis
1018 3335 1123 3410 exigit
1136 3335 1287 3406 rationis,
1304 3339 1340 3397 ut
1361 3335 1392 3395 id
1410 3352 1470 3413 per
1488 3336 1751 3399 sollicitudinem
1764 3336 1806 3397 0f.

165 3420 199 3479 et
214 3412 384 3481 iratribus,
397 3409 457 3470 sub
472 3409 586 3469 eodem
602 3409 717 3469 ordine
730 3411 798 3470 Deo
813 3410 966 3471 servien-
1018 3433 1086 3493 ficit
1100 3433 1205 3493 nostri
1215 3432 1256 3492 ad
1270 3432 1415 3494 debitum
1427 3433 1629 3509 perducatur
1639 3428 1803 3506 effectam

166 3514 268 3583 tibus,
295 3510 436 3571 salutem
463 3509 495 3567 et
516 3506 732 3582 apostolicam
755 3506 962 3569 benedictio·
1018 3545 1057 3589 ea
1081 3531 1225 3606 propper,
1247 3530 1358 3591 dilecti
1374 3531 1408 3591 iu
1430 3531 1569 3592 Domino
1593 3532 1669 3605 filii,
1696 3535 1803 3595 vestris

168 3627 256 3673 nem·
1013 3628 1113 3704 justis
1142 3628 1420 3703 postulationibus
1443 3632 1538 3704 grato
1575 3634 1801 3692 concurrentes

208 3700 644 3779 Contingitiflteldulsstlmd
656 3701 962 3778 ¹1⁰¹¹¹1¹1¹lil³1¹⁰llii³
1017 3740 1167 3796 assensu,
1197 3723 1342 3786 decimas
1364 3726 1535 3787 novalium
1560 3727 1602 3788 de
1622 3728 1801 3790 nemoribus

166 3802 396 3867 incumbentes
429 3799 613 3870 affectibus,
641 3798 718 3858 dum
754 3800 961 3860 sanctionum
1016 3821 1308 3898 vestrispmppps,
1329 3822 1673 3899 quaehabuisgsame
1691 3825 1798 3887 conci.

166 3915 301 3964 sensum
320 3897 504 3973 legitimum
528 3896 569 3958 ad
586 3911 647 3956 ⁸¹¹³
667 3899 744 3957 V0t³
759 3912 824 3977 ¹1011
840 3896 963 3957 hahent
1017 3919 1097 3980 lium
1106 3921 1273 3995 generale,
1286 3921 1384 3996 prout
1394 3919 1631 3997 redigenturin
1644 3925 1799 4000 posterum

167 3995 427 4064 accommodum,
439 3993 708 4068 superadducunt
717 3992 903 4054 adulterum
913 3993 963 4054 in·
1017 4017 1057 4080 ap
1073 4019 1248 4088 culturam,
1265 4017 1359 4079 vobis
1374 4017 1414 4078 de
1430 4019 1569 4095 speciali
1583 4021 1696 4096 gratia
1707 4021 1799 4082 indul.

164 4095 347 4163 tellectum,
361 4091 583 4167 intemporali
596 4090 961 4166 compendioaeternum
1016 4132 1142 4191 gemus,
1168 4115 1214 4176 ita
1229 4118 1340 4177 tamen
1361 4119 1397 4176 ut
1421 4116 1562 4178 satisfiat
1583 4117 1798 4180 sacerdotibus

165 4190 376 4268 dispendium
398 4203 465 4248 non
480 4188 645 4248 timentes.
663 4190 750 4249 Sane
765 4189 851 4250 sicut
865 4189 964 4249 audi·
1017 4216 1248 4290 competenter,
1265 4214 1299 4273 in
1310 4229 1450 4290 quorum
1462 4213 1633 4291 parochiis
1646 4219 1724 4278 sunt
1739 4215 1799 4293 ips,

163 4293 287 4360 vimus,
305 4285 438 4363 quidam
453 4300 513 4345 suo
528 4285 628 4345 nimis
643 4285 846 4355 inhaerentes
861 4286 961 4361 inge·
1016 4327 1151 4372 nemora
1174 4311 1364 4372 constituta,
1388 4310 1480 4372 Nulli
1504 4327 1594 4387 ergo,
1612 4314 1678 4375 010·
1693 4315 1800 4375 Datum

164 4390 231 4457 Μ’
253 4385 458 4460 nimiumque
475 4383 667 4453 wmmarn’
695 4383 835 4443 ⁰⁰¹¹⁰i¹ii
856 4400 962 4459 gene·
1016 4409 1173 4471 Laterani
1182 4410 1243 4468 llll
1256 4408 1331 4469 Kal.
1345 4408 1456 4469 martii
1466 4410 1680 4485 pontificatus
1702 4409 1797 4473 nostri

163 4486 245 4548 ralis
274 4483 483 4558 interpretes
511 4480 552 4540 de
574 4479 748 4540 novalibus
777 4482 850 4556 post
874 4481 962 4542 idem
1016 4506 1229 4568 annotertio·

166 4580 346 4643 concilium
383 4578 568 4655 acquisitis,
601 4593 621 4637 a
655 4576 749 4638 vobis
784 4577 962 4640 intendunt
1315 4621 1511 4708 CXXVIII

167 4679 314 4741 decimas
332 4678 541 4752 extorquere.
563 4676 613 4735 Ne
628 4691 728 4751 super
744 4675 785 4735 iis
801 4692 859 4736 vos
882 4690 963 4737 con-

165 4777 272 4852 tingat
297 4773 442 4834 indebita
477 4772 708 4834 molestatione
741 4773 871 4846 vexari,
900 4790 961 4835 nos
1095 4758 1147 4817 All
1167 4755 1322 4816 abbatem
1342 4757 1732 4821 Ptaem⁰lt⁸tta²etl³0m

166 4872 473 4949 interpretationem
495 4870 629 4931 illorum
654 4870 838 4932 intellectui
861 4888 962 4932 cons·
1306 4867 1516 4928 1811111119.

164 4969 331 5034 titutionis
369 4968 519 5045 praedicti
557 4967 689 5028 concilii
728 4984 829 5045 super
863 4971 960 5030 Prae·
1156 4975 1300 5040 [paraige
1316 4975 1381 5025 sibl.
1397 4977 1587 5026 Praemonsuat.
1603 4976 1671 5044 6111]

165 5067 459 5131 monstrateusium
487 5065 624 5126 decimis
650 5065 758 5134 editae,
779 5067 961 5127 asserimus
1050 5076 1183 5133 hecirnas
1201 5075 1344 5131 novalium
1360 5077 1647 5134 premonstratenses
1664 5078 1777 5136 solvere

164 5165 386 5246 peregrinam.
405 5165 440 5223 ln
454 5163 527 5239 ipsa
543 5163 674 5240 quidem
690 5179 847 5240 expresse
862 5180 962 5226 cave-
1302 5178 1358 5219 nou
1380 5170 1520 5220 tenentur.

163 5271 230 5335 tur,
262 5265 298 5324 ut
334 5261 374 5321 de
407 5261 527 5322 alienis
554 5261 665 5332 terris,
692 5264 725 5321 et
755 5262 874 5323 amodo
898 5278 959 5323 ac·
1054 5263 1232 5334 Honorius,
1262 5264 1336 5334 etc„
1354 5262 1483 5324 dilectis
1499 5263 1576 5323 tiliis
1591 5263 1806 5330 abbatiPrae-

164 5359 346 5441 quir-endis,
377 5358 407 5418 si
436 5373 493 5418 eas
534 5357 678 5433 propriis
715 5358 868 5419 manibus
904 5360 961 5420 aut
1015 5361 1249 5422 monstratensi
1273 5362 1305 5422 et
1322 5360 1487 5421 universis
1502 5360 1722 5426 coabbatibus
1742 5368 1807 5444 ejus

165 5456 350 5532 sumptibus
379 5455 560 5526 colueritis,
593 5453 738 5532 decimas
763 5457 960 5533 persolvatis
1014 5461 1047 5521 et
1075 5457 1243 5529 iratribus,
1262 5459 1401 5518 salutem
1424 5460 1457 5518 et
1479 5459 1700 5534 apostolicam
1718 5464 1810 5526 bene

92 5552 98 5562 '
165 5555 327 5626 ecclesiis,
349 5553 467 5630 quibus
489 5555 618 5614 ratione
641 5554 842 5631 praediorum
862 5558 959 5616 antea
1015 5556 1205 5618 dictionem.

165 5653 388 5717 solvebantur.
428 5651 521 5712 Unde
554 5652 583 5711 si
611 5653 653 5712 ad
684 5668 788 5729 prope
816 5652 959 5729 positum
1054 5655 1138 5728 Quia
1154 5657 1226 5732 ejus
1246 5657 1297 5715 est
1316 5655 1640 5731 interpretarejura,
1656 5661 1811 5736 cujusest
