3774 6186
111 331 156 388 01
742 328 970 388 EPISTOLAE.
995 328 1072 388 LIB.
1098 329 1152 388 iil.
1729 335 1769 394 62

115 505 199 565 pus,
223 489 323 549 claris
350 488 532 560 miraculis,
560 491 593 551 et
616 488 693 549 dum
721 488 859 559 viveret,
885 489 919 549 et
973 486 1100 549 fuerint
1118 486 1269 559 vocandi,
1296 487 1497 566 elinquisita
1511 503 1611 566 super
1628 491 1767 569 hisple-

113 588 195 664 post
205 586 330 647 obitum
345 587 542 648 coruscavit.
557 587 651 648 Unde
663 586 758 648 nobis
769 603 811 647 ex
824 589 918 664 parte
973 586 1049 646 nius
1079 588 1112 646 et
1125 585 1257 661 cognita
1279 586 1428 658 veritate,
1456 586 1542 664 quod
1569 591 1766 651 canonicum

114 700 181 745 sua
196 684 330 755 etcleri,
345 701 384 745 ac
395 684 569 761 populisui
583 684 782 762 supplicavit
794 685 919 746 instan·
973 683 1082 754 fuerit,
1099 683 1321 761 appellatione
1335 685 1527 761 postposita,
1546 686 1709 757 statuatis,
1722 687 1768 747 fa·

115 785 183 853 ter,
194 781 587 858 utsuperhisfaceremus
595 782 768 844 veritatem
780 783 915 858 inquiri,
973 781 1097 842 cientes
1118 782 1202 858 quod
1216 780 1432 843 decreveritis
1446 798 1505 858 per
1519 799 1693 844 censuram
1711 801 1769 846 ec·

114 880 284 957 quatenus
297 894 336 940 ea
347 880 489 954 cognita,
515 879 608 940 illum
628 895 799 957 possemus
820 897 919 942 sanc·
973 878 1207 950 clesiasticam,
1230 879 1451 956 appellatione
1476 881 1614 952 remota,
1629 880 1768 943 firmiter

113 978 229 1038 torum
240 976 392 1051 catalogo
405 992 598 1052 aggregare.
616 977 757 1055 Ideoque
787 977 917 1039 discre-
973 974 1156 1036 observari.
1180 977 1271 1047 Quod
1295 976 1405 1037 sinon
1425 993 1551 1049 omnes,
1568 980 1630 1039 etc.
1649 981 1767 1040 Datum
1876 1046 1879 1051 ,

113 1074 204 1136 tioni
231 1075 351 1135 vestrae
364 1090 423 1150 per
438 1075 625 1151 Apostolica
641 1075 764 1151 scripta
780 1076 919 1136 manda·
973 1074 1140 1145 Laterani,
1154 1075 1270 1150 quarto
1293 1074 1454 1136 kalendas
1468 1075 1663 1148 decembris,
1680 1092 1768 1137 anno

115 1174 391 1249 mus,quatenuS,
403 1171 443 1233 de
458 1172 567 1234 vitaet
577 1173 747 1234 miraculis
758 1174 917 1235 studeatis
974 1172 1084 1232 tertio.

115 1270 296 1348 inquirere
328 1269 516 1345 diligenter,
540 1273 573 1332 et
594 1269 680 1348 qnod
709 1271 916 1343 inveneritis,
1328 1259 1416 1348 LVI

114 1383 181 1444 per
190 1369 320 1429 vestras
332 1366 426 1429 nobis
439 1369 567 1429 litteras
590 1369 731 1431 fideliter
745 1369 916 1441 intimetis,
1072 1387 1124 1445 Λα
1133 1385 1383 1455 pergamum,
1398 1387 1439 1446 A,
1453 1387 1489 1446 g,
1505 1386 1665 1461 gemtum,

114 1466 203 1526 utin
218 1466 351 1541 negotio
364 1466 436 1543 ipso
450 1467 602 1527 securius
616 1467 794 1544 procedere
808 1468 919 1527 valea·
1235 1498 1270 1555 23
1280 1497 1412 1555 novemb·
1426 1499 1505 1556 mg,

113 1579 205 1624 mus.
222 1565 316 1635 Quod
334 1563 361 1624 si
378 1580 445 1624 non
460 1580 585 1636 omnes,
602 1566 677 1637 etc,
694 1565 759 1626 duo
772 1568 918 1626 vestrum
1017 1596 1150 1660 [130qu
1166 1597 1222 1648 nes.
1234 1595 1278 1646 des
1291 1595 1394 1653 tristor..
1405 1601 1424 1645 t.
1438 1597 1505 1655 xix,
1519 1611 1545 1661 p.
1559 1597 1613 1648 ore.
1628 1600 1737 1664 aegest..

115 1676 158 1721 ea
175 1660 396 1722 nibilominus
422 1665 657 1739 exsequantur.
683 1662 801 1723 Datum
817 1664 918 1723 Late·
1262 1666 1306 1717 lib.
1319 1668 1362 1724 111,
1372 1682 1411 1732 ep.
1425 1667 1490 1732 itte]

114 1757 206 1828 Paul,
218 1757 335 1835 qllinto
352 1758 485 1819 kalend.
502 1759 697 1832 decembrio,
710 1760 917 1821 annotertio.
974 1757 1043 1815 Cum
1065 1756 1192 1829 episcopi
1216 1755 1359 1813 silhiensis
1383 1756 1458 1812 male
1479 1764 1561 1829 gesta
1584 1757 1767 1828 innotuerint,

1011 1846 1154 1902 Honorius
1182 1843 1308 1912 mandat,
1330 1850 1360 1900 ut
1377 1845 1411 1901 Α.
1432 1846 1460 1902 S.
1476 1845 1589 1917 legatus
1603 1847 1769 1920 episcopum

491 1944 559 2030 LV
1010 1933 1143 1990 cumdem
1159 1933 1274 1990 inducat
1288 1932 1324 1989 ad
1338 1932 1496 1990 cedendum
1512 1941 1614 2005 sponte
1628 1950 1679 1992 sun
1691 1937 1768 2008 apis·

118 2078 171 2138 aa
188 2076 328 2139 mactes
347 2078 469 2140 rorata
490 2081 626 2156 ariam
645 2081 679 2141 ei
701 2081 736 2140 s.
754 2081 873 2140 Ponte
887 2080 920 2140 et
1010 2029 1156 2094 ⁰⁰p³¹⁰m⁹
1170 2022 1295 2121 ³¹i⁰q¹¹¹l¹
1315 2020 1351 2078 ‘¹⁰
1375 2020 1456 2079 ‘³⁰⁰⁸
1479 2021 1541 2095 01⁰⁸
1560 2030 1662 2096 agatur
1674 2024 1769 2098 tetui-

1011 2111 1086 2169 sitio.

313 2179 595 2238 archidiaffl'ium
610 2180 735 2238 Redin·
1015 2211 1184 2272 Honorius
1199 2210 1412 2287 episcopus...
1426 2209 1546 2271 dilecto
1557 2209 1667 2272 illioB.
1681 2211 1770 2275 tituli

382 2289 564 2347 ²⁸¹10V0¹¹¹¹b
583 2290 661 2348 ¹²¹⁸·
976 2309 1173 2370 Sanctorum
1195 2306 1359 2370 lobannis
1372 2310 1405 2369 et
1419 2308 1516 2368 Pauli
1530 2308 1638 2386 presb.
1655 2309 1769 2371 cardi·

136 2392 316 2457 [Resssshiih-
332 2396 375 2453 iil,
397 2396 471 2461 epidi.
492 2397 545 2446 155.
560 2398 660 2448 5133.ιᾶ
672 2398 747 2447 Polie
761 2397 795 2448 du
810 2397 904 2459 Theil.]
975 2405 1056 2476 nali,
1073 2408 1111 2467 Α.
1129 2409 1162 2467 S·
1179 2405 1298 2480 legato,
1313 2405 1463 2476 salutem,
1479 2407 1538 2468 eto·

120 2499 207 2561 t’tde
220 2501 474 2575 dilapidationibus
489 2504 600 2562 abbatis
614 2506 920 2564 crassenmonasterii
1015 2505 1077 2565 Tot
1099 2506 1132 2564 et
1146 2505 1238 2564 tanta
1258 2502 1354 2565 nobis
1374 2503 1415 2564 de
1436 2503 1636 2564 venerabilis
1658 2503 1770 2565 fratris

447 2593 600 2665 inquiraat.
976 2601 1081 2662 nostri
1091 2600 1237 2677 episcopi
1250 2597 1470 2678 Albiensis(l)
1482 2601 1627 2661 sinistris
1643 2601 1771 2663 actibus

160 2699 342 2771 Honorius,
359 2700 575 2772 etc.‚dilectis
591 2702 706 2762 filiis...
724 2703 839 2764 Fontis
852 2702 922 2763 Fri·
976 2699 1189 2769 nunciantur,
1207 2700 1242 2758 ut
1263 2714 1303 2759 ea
1326 2697 1466 2759 ulterius
1486 2714 1687 2775 nequeamus
1710 2699 1771 2761 sub

119 2795 202 2871 gidi,
222 2800 294 2859 et„
325 2799 439 2859 Sancti
465 2800 575 2860 Pontii
603 2799 812 2861 Thamar-ian,
836 2804 869 2861 et
889 2802 918 2862 J,
976 2792 1241 2853 dissimulatione
1267 2791 1419 2853 transire.
1450 2791 1640 2854 Delerentes
1661 2795 1772 2856 autem

121 2893 374 2957 archidiacono.
399 2897 538 2968 Reden„
553 2897 742 2959 Narbonem
768 2897 922 2959 dioecesis
976 2891 1137 2952 senectuti
1154 2906 1234 2961 suae,
1249 2890 1389 2966 paterna
1413 2889 1477 2951 sibi
1493 2889 1629 2954 lenitate
1645 2907 1771 2953 consu·

120 2991 279 3064 salutem,
295 2993 358 3054 etc.
977 2989 1087 3058 limus,
1114 2990 1160 3058 ut,
1191 3003 1288 3048 suum
1316 2988 1505 3062 recogitans
1530 2988 1770 3064 imperfectum,

166 3091 236 3151 Sua
269 3090 366 3152 nobis
392 3094 429 3152 P.
456 3093 678 3169 praepositus.‚
700 3095 751 3164 B.,
768 3096 817 3164 Ρ.,
836 3096 872 3154 G.
890 3093 923 3154 et
977 3101 1060 3146 onus
1074 3085 1274 3161 pontificalis
1290 3084 1391 3146 officii
1404 3085 1490 3161 quod
1503 3085 1638 3161 indigne
1652 3086 1773 3150 dicitur

120 3189 157 3248 B.
188 3189 347 3249 monachi
368 3191 521 3251 crassen.
543 3191 737 3252 monasterii
764 3191 920 3252 insinua.
961 3202 966 3256 ζ
977 3184 1125 3259 tempore
1135 3186 1205 3259 jam
1214 3183 1312 3257 longo
1325 3183 1476 3259 portasse
1485 3198 1552 3242 non
1567 3184 1639 3244 sine
1651 3184 1772 3246 animae

120 3285 214 3345 tione
225 3287 560 3364 monstrarunt,qu0d
574 3305 685 3349 cum...
696 3288 920 3350 ahbaseorum
977 3297 1046 3341 suas
1064 3280 1211 3357 periculo
1226 3282 1258 3342 et
1271 3280 1455 3341 commissae
1471 3279 1533 3341 sibi
1547 3281 1696 3342 ecclesiae
1712 3282 1772 3344 de·

122 3385 316 3459 perpetuus,
333 3383 542 3461 dilapidator,
555 3385 707 3462 aliusque
727 3386 922 3448 criminibus
977 3379 1144 3449 iumento,
1168 3377 1300 3441 landem
1325 3377 1468 3454 d012011³i
1491 3379 1673 3452 spontanea
1696 3395 1773 3441 ces-

122 3479 284 3551 irretitus,
304 3481 508 3543 insufficiens
524 3483 568 3544 sit
582 3485 623 3544 ad
644 3485 794 3559 regimen
815 3484 922 3545 abba·
977 3477 1084 3547 sione,
1101 3477 1148 3547 ut,
1165 3491 1354 3538 exonerans
1367 3475 1454 3537 Sede
1470 3473 1606 3550 braefaia
1619 3477 1771 3550 ecclesia,

122 3576 189 3648 tim,
218 3593 279 3654 por
305 3581 378 3656 ejus
399 3579 564 3642 incuriam
584 3581 670 3641 idem
684 3582 922 3644 monasterium
978 3577 1011 3635 et
1034 3573 1185 3636 eamdem
1212 3573 1388 3635 ecclesiam
1408 3573 1448 3634 de
1468 3572 1587 3650 seipso,
1604 3575 1772 3636 residuum

121 3675 158 3735 ia
174 3676 405 3752 spiritualibus
429 3681 462 3739 et
487 3679 727 3755 temporaneus
752 3681 788 3741 ia
803 3680 922 3758 quinus
978 3672 1087 3733 emus
1107 3688 1176 3733 suae
1192 3672 1331 3732 nomino
1346 3686 1544 3733 consecrare
1559 3672 1680 3743 valeat,
1694 3673 1772 3734 etei

122 3772 245 3835 florere
260 3773 921 3853 solebatenormepatiturdetrimentum
978 3771 1123 3846 seipsum
1162 3769 1362 3831 sacrificinm
1398 3770 1515 3829 saltem
1549 3770 1773 3847 vespertinum

121 3869 181 3947 qui
210 3871 360 3933 baeretici
389 3872 481 3933 illius
509 3874 700 3950 provenire,
729 3875 785 3953 qui
816 3875 923 3936 faiditi
978 3868 1110 3938 offerre,
1134 3883 1174 3928 ac
1198 3867 1343 3928 ecclesia
1368 3866 1452 3942 ipsa.
1470 3883 1542 3942 (111ae
1556 3866 1776 3944 subejnsum·

122 3968 292 4038 dicuntur,
305 3972 552 4032 communicare
565 3988 781 4048 praesumens,
792 3972 924 4049 quibus·
978 3966 1038 4027 bra
1053 3965 1088 4026 in
1097 3963 1366 4041 spiritualibuset
1375 3963 1613 4038 temporalibus
1627 3966 1774 4042 tempore

123 4064 200 4125 clam
211 4066 314 4127 exeis
328 4068 524 4145 propinquis
540 4069 611 4129 suis
625 4069 776 4145 quaedam
792 4071 843 4129 sui
858 4086 925 4130 mo·
975 4067 1046 4139 jam
1058 4063 1161 4123 multo
1173 4062 1324 4137 elanguit
1338 4061 1372 4122 et
1384 4060 1550 4136 elanguet,
1566 4061 1698 4122 tandem
1714 4061 1774 4123 sub

122 4162 265 4223 bacterii
280 4165 390 4225 castra
402 4164 549 4236 tradidit,
567 4165 686 4243 quihus
706 4166 806 4228 etjam
822 4168 925 4229 eccle.
979 4161 1046 4222 alio
1056 4160 1168 4221 valeat
1179 4159 1357 4236 respirare.
1371 4158 1528 4234 Alioquin
1538 4160 1776 4234 cogemurdes·

122 4259 210 4321 siam
229 4261 273 4323 de
289 4260 424 4323 Molleto
460 4263 502 4324 ad
533 4263 657 4324 dictum
687 4266 923 4335 monasterium
979 4257 1173 4319 candereac
1187 4256 1312 4327 videre,
1328 4256 1437 4318 utrum
1455 4256 1646 4328 clamorem,
1660 4257 1718 4333 qui
1734 4258 1775 4319 de

123 4358 350 4434 pertinentem
375 4375 474 4436 qnam
496 4362 611 4421 contra
634 4361 766 4423 faiditos
790 4362 923 4424 eosdem
979 4372 1019 4417 eo
1037 4356 1078 4416 ad
1103 4369 1202 4415 aures
1224 4357 1357 4415 nostras
1382 4352 1542 4424 ascendit,
1561 4354 1776 4431 compleverit

123 4455 241 4517 fideles
262 4455 305 4517 ad
335 4472 431 4519 suam
450 4458 676 4520 defensionem
699 4460 922 4532 muniverunt,
980 4470 1095 4530 operm
1112 4452 1244 4514 018508
1261 4466 1334 4527 quae
1349 4449 1448 4521 fama,
1459 4451 1559 4513 immo
1575 4451 1722 4525 infamia,
1735 4453 1776 4515 de

123 4553 324 4629 assignavit,
336 4554 373 4616 in
385 4571 451 4633 qua
471 4556 571 4617 iidem
592 4556 701 4618 faiditi
716 4557 830 4618 fideles
845 4573 925 4633 cap·
979 4568 1018 4613 eo
1033 4551 1136 4612 refert
1150 4550 1378 4611 invenerimus
1390 4564 1470 4610 vera
1483 4564 1567 4620 esse,
1585 4549 1698 4625 procul
1712 4551 1776 4612 du-

123 4651 213 4713 uros
246 4652 289 4712 ad
325 4652 584 4729 redemptionem
619 4656 785 4729 cogentes,
819 4656 924 4717 variis
958 4649 1034 4711 ‘bio
1057 4649 1152 4718 sciat,
1174 4646 1260 4723 quod
1287 4644 1539 4715 infructuosam,
1559 4645 1659 4706 immo
1681 4649 1776 4708 noci-

124 4763 239 4809 coram
253 4750 361 4812 altare
375 4752 530 4826 torquent
554 4751 758 4812 cruciatibus
784 4754 817 4812 et
835 4752 925 4813 aflli-
979 4764 1067 4817 vam,
1088 4743 1241 4805 arborem
1257 4743 1296 4803 de
1312 4742 1483 4803 [lominica
1503 4742 1600 4802 vinea
1619 4744 1773 4805 succide·

123 4848 219 4921 gunt.
238 4846 369 4909 Etlicet
392 4847 480 4909 idem
497 4847 598 4909 abbas
625 4864 726 4927 super
738 4848 834 4911 biset
847 4850 924 4911 aliis
979 4862 1063 4907 mus.
1085 4846 1159 4920 lpse
1181 4856 1260 4916 ergo
1282 4838 1466 4908 attendens,
1491 4837 1577 4913 quod
1603 4839 1774 4915 pulchrius

122 4942 169 5004 ab
182 4944 233 5005 eis
245 4945 420 5007 caritative
431 4947 650 5008 commonitus
660 4947 924 5009 emendationem
979 4946 1029 5004 est
1054 4942 1148 5003 exire
1168 4954 1266 5016 quarn
1289 4935 1365 5012 ejici
1381 4934 1562 5011 provideat,
1579 4937 1665 5012 quod
1685 4954 1771 5009 eum,

124 5042 320 5119 promiserit
334 5043 480 5120 praestito
492 5045 693 5119 jnramento,
712 5044 857 5106 nondum
872 5047 925 5106 ta-
980 5040 1067 5100 unde
1080 5038 1188 5115 potest
1201 5036 1306 5103 exire,
1323 5031 1400 5107 ejici
1415 5047 1482 5092 non
1496 5033 1676 5108 contingat.

123 5154 214 5210 meu,
230 5139 317 5216 quod
333 5155 433 5218 super
451 5139 504 5200 bis
522 5143 705 5217 juraverat,
722 5141 923 5218 adimplerit.
1020 5136 1181 5209 Quocirca
1202 5129 1396 5192 discretioni
1421 5131 1487 5191 tuae
1511 5131 1772 5207 perApostoIica

123 5236 287 5299 Nolentes
316 5239 428 5300 autem
453 5237 535 5300 talia
569 5239 629 5299 sub
660 5238 924 5303 dissimulatione
979 5234 1100 5309 scripta
1116 5229 1323 5298 mandamus,
1340 5227 1773 5304 quatenusdictnmepisco·

123 5336 284 5406 trensire,
302 5351 343 5396 ne
368 5336 435 5398 sint
449 5336 743 5413 praesumptoribus
761 5338 796 5398 in
811 5353 925 5398 exem·
974 5348 1055 5409 pum
1071 5330 1113 5390 ad
1134 5326 1382 5404 exsequendum
1412 5324 1603 5385 mandatum
1622 5325 1771 5386 nostrum

124 5430 238 5510 plum,
263 5433 457 5497 discretioni
491 5437 611 5495 vestrae
648 5449 707 5511 per
734 5435 923 5511 apostolica
980 5428 1170 5503 diligentius
1186 5440 1323 5485 moneas
1339 5425 1370 5484 et
1384 5422 1533 5491 inducas,
1546 5421 1574 5480 si
1590 5421 1707 5481 cedere
1718 5439 1773 5484 vo·

122 5531 252 5609 scripta
274 5531 488 5604 mandamus,
513 5534 687 5609 quatenns,
715 5533 843 5594 vocatis
868 5531 924 5608 qui
980 5525 1095 5595 luerit,
1133 5525 1205 5599 eJ'us
1239 5513 1487 5582 concessionem
1520 5517 1665 5593 recipias
1695 5519 1772 5580 vice

160 5660 202 5734 (l)
215 5661 361 5720 Guillelrnl
376 5663 463 5720 Petri.
