3774 6186
44 303 107 363 605
672 301 900 362 EPISTOLAE.
925 301 1002 361 LIB.
1027 302 1065 360 V.

46 462 120 523 licae
146 460 396 531 benedictionis,
421 475 494 537 quae
511 459 604 522 vobIs
630 460 756 521 indulta
780 461 840 532 est,
937 462 1056 521 Datum
1090 462 1246 522 Laterani
1277 477 1337 539 per
1364 475 1498 522 manum
1531 462 1691 525 WiIIeImi

47 560 114 621 tam
134 558 295 620 familiam
317 559 460 619 vestram
478 573 576 634 quam
594 560 723 619 vestros
739 558 844 634 parti-
898 558 1020 619 sanctae
1047 561 1206 620 Romanae
1230 559 1387 620 Ecclesiae
1409 559 1689 631 vicecancellarii,

48 656 138 731 cipes
154 672 227 717 esse
250 655 403 715 volumus
428 655 620 716 servientes.
648 655 739 714 Nulli
754 670 843 729 ergo
898 657 1003 716 XVIII
1018 654 1085 717 kal.
1105 656 1265 732 januarii,
1287 657 1468 717 indictione
1488 659 1543 727 IX,
1572 659 1690 718 Incar-

48 753 185 814 omnino
205 753 374 813 hominum
397 752 497 814 liceat
517 752 711 829 praedictum
735 750 844 812 locum
899 752 1043 812 nationis
1064 753 1244 814 Dominicae
1264 768 1352 814 anno
1369 755 1456 825 1220,
1482 754 1692 830 pontificatus

49 855 173 912 temere
187 849 382 926 perturbare
396 853 454 910 aut
464 853 535 926 eJus
549 849 776 926 possessiones
789 864 845 909 au·
900 849 1024 910 domini
1039 849 1179 911 Honorii
1194 864 1287 927 papae
1304 853 1347 910 lII
1363 866 1451 911 anno
1466 851 1591 927 quinto.

50 949 138 1008 Ierre
160 947 213 1008 vel
234 945 362 1007 ablatas
386 948 542 1019 retinere,
566 946 762 1007 imminuere
787 961 846 1006 seu

50 1044 253 1122 quibuslibet
267 1044 501 1106 vexationibus
522 1043 672 1119 fatigare,
695 1043 751 1103 sed
775 1058 848 1103 orn-

53 1143 110 1202 nia
127 1142 256 1216 integra
272 1144 511 1203 conserventur
525 1142 644 1203 vestris
657 1144 755 1218 atque
768 1140 848 1201 alio·

52 1254 126 1299 rum
142 1238 201 1299 Dei
216 1238 362 1299 fidelium
382 1238 497 1299 usibus
515 1238 713 1300 omnimodis
728 1237 846 1314 protu-

52 1340 139 1406 tura,
170 1336 261 1396 salva
289 1337 321 1395 in
348 1334 500 1396 omnibus
526 1335 726 1412 Apostolicae
752 1334 848 1396 Sedis

48 1433 263 1494 auctoritate.
296 1434 332 1494 Si
365 1434 438 1509 quis
469 1432 572 1507 igitur
604 1433 702 1509 huJus
727 1433 848 1492 nostrae

54 1529 300 1591 constitutionis
327 1531 481 1606 paginam
506 1531 615 1590 sciens
637 1531 752 1590 contra
776 1543 849 1589 eam

55 1631 181 1688 temere
204 1627 320 1687 venire
338 1627 527 1698 tentaverit,
552 1627 696 1687 secundo
711 1627 850 1687 tertiove

54 1724 274 1784 commonitus
291 1724 354 1783 nisi
371 1725 499 1785 reatum
521 1740 616 1783 suum
633 1738 780 1798 congrua
796 1738 852 1782 sa-

53 1819 243 1881 tIsfactione
257 1820 451 1890 correxerit,
464 1819 635 1896 potestatiS
651 1819 851 1895 honorisque

55 1918 109 1976 sui
125 1920 237 1978 careat
251 1917 411 1992 dignitate
430 1933 590 1994 reumque
605 1933 640 1977 se
663 1917 775 1977 divino
795 1919 853 1992 ju-

48 2015 145 2075 dicio
157 2015 302 2075 existere
318 2013 358 2074 de
375 2015 564 2091 perpetrata
583 2014 757 2090 iniquitate
775 2029 854 2088 cog·

56 2114 174 2172 noscat
201 2112 234 2172 et
258 2128 278 2172 a
300 2111 527 2172 sacratIssImo
549 2126 688 2186 corpore
709 2126 750 2172 ac
771 2127 852 2171 san-

1226 1118 1379 1205 CXLIV

902 1272 954 1330 Ao
966 1273 1249 1345 archiepiscopos,
1258 1272 1442 1344 episcopos,
1450 1269 1594 1335 abbates,
1599 1271 1697 1342 pruo-

943 1381 1013 1438 rcs,
1034 1369 1293 1429 archidiaconos
1317 1369 1351 1429 ct
1372 1370 1456 1428 altos
1478 1369 1699 1428 ecclesiarum

943 1464 1117 1539 prelatos.

1166 1559 1199 1616 Ili
1213 1557 1341 1615 decemb.
1361 1559 1440 1616 1220.

967 1682 1103 1747 [strehlku
1116 1682 1219 1733 Tabulae
1233 1682 1384 1733 Thcutouici
1395 1681 1460 1741 ord,
1469 1682 1523 1740 380,
1535 1696 1560 1732 n.
1569 1680 1638 1745 807]

906 1806 988 1865 lubet
998 1808 1139 1864 Honorius
1150 1807 1303 1863 vlolatoree
1318 1805 1353 1863 ad
1370 1805 1472 1863 domos
1484 1805 1592 1861 ordinis
1608 1803 1701 1861 'Ihcu-

942 1897 1028 1952 tonici
1052 1910 1102 1968 pro
1117 1896 1208 1952 salute
1228 1894 1454 1968 confugientium
1470 1908 1590 1951 censura
1605 1893 1698 1951 eccle·

942 1984 1056 2041 siastica
1072 1983 1207 2040 coerceri,

950 2110 1114 2170 Honorius
1125 2110 1309 2187 episcopus,
1320 2124 1436 2169 servus
1447 2122 1618 2169 servorum
1630 2106 1700 2179 Dei,

56 2209 159 2282 guine
185 2209 244 2269 Dei
274 2212 306 2270 et
334 2208 465 2268 Domini
494 2209 722 2285 Redemptoris
750 2208 854 2269 nostri
909 2206 1154 2269 venerabilibus
1190 2206 1346 2267 iratribus
1378 2203 1638 2281 archiepiscopis
1671 2204 1704 2265 el

55 2310 137 2367 Iesu
158 2305 280 2366 Christi
302 2306 432 2366 alienus
454 2306 512 2367 tlat
532 2307 631 2382 atque
651 2307 685 2366 in
706 2308 855 2367 extremo
910 2305 1084 2381 episcopis,
1095 2304 1266 2365 etdilectis
1282 2303 1360 2364 liliis
1375 2301 1560 2372 abbatibus,
1576 2300 1701 2378 priori-

53 2403 214 2464 examine
228 2402 377 2465 districte
390 2403 560 2480 subjaceat
573 2403 704 2464 ultioni.
720 2405 855 2463 Conser-
910 2401 982 2470 bus,
995 2401 1250 2471 archidIaconis,
1264 2400 1398 2462 decanis
1410 2401 1442 2460 et
1454 2399 1530 2459 aliis
1543 2397 1705 2459 ecclesia-

58 2502 176 2560 vantes
212 2503 322 2561 autem
357 2501 429 2561 haec
464 2500 698 2577 omnipotentis
734 2500 792 2560 Dei
824 2501 857 2561 et
911 2516 984 2560 rum
1000 2499 1157 2576 praelatis,
1174 2497 1214 2559 ad
1229 2497 1438 2574 quoslitterae
1452 2497 1524 2557 Istae
1537 2508 1703 2572 pervene-

57 2597 232 2658 beatorum
254 2599 344 2658 Petri
364 2600 398 2659 et
417 2598 512 2658 Pauli
537 2597 761 2674 apostolorum
785 2599 856 2674 ejus
911 2598 988 2666 rint,
1005 2597 1145 2657 salutem
1158 2600 1190 2657 et
1202 2594 1417 2673 apostolicam
1427 2593 1701 2654 benedictionem.

56 2695 323 2756 benedictionem
358 2697 391 2756 et
422 2695 563 2769 gratiam
599 2698 854 2772 consequantur.
953 2695 1106 2756 Pervenit
1117 2693 1157 2754 ad
1173 2709 1233 2754 nos
1248 2709 1290 2753 ex
1301 2691 1536 2768 conquestione
1561 2689 1702 2765 religio-

64 2798 181 2863 Amen,
198 2807 307 2863 amen,
324 2807 432 2853 amen.

107 2890 174 2962 Ego
188 2887 353 2946 Honorius
367 2886 545 2947 Catholicae
560 2887 718 2947 Ecclesiae
729 2885 860 2962 episco-

67 3001 169 3059 copus
183 2983 375 3059 subscripsi.

104 3083 173 3155 Ego
197 3080 302 3141 Guido
317 3081 543 3141 Praenestinus
565 3081 739 3157 episcopus
759 3079 859 3140 subs-

63 3194 179 3254 cripsr.

107 3279 173 3350 Ego
188 3277 282 3350 Hugo
299 3275 484 3336 Hostiensis
499 3278 532 3336 et
547 3275 750 3336 veletrensis
767 3275 860 3352 epis-

66 3389 172 3449 copus
185 3371 376 3448 subscripsi.

107 3472 175 3544 Ego
190 3468 460 3530 iraterNicolaus
470 3470 676 3531 Tusculanus
687 3471 861 3547 episcopus

67 3566 260 3642 subscripsi.
838 3550 841 3557 ’

108 3666 176 3738 Ego
185 3665 250 3724 Leo
264 3663 351 3725 tituli
362 3665 484 3725 sanctas
493 3664 602 3725 crucis
612 3665 646 3725 in
656 3664 862 3726 Hierusalem

68 3762 242 3837 presbyter
256 3761 436 3821 cardinalis
451 3761 643 3839 subscripsi.

109 3861 179 3931 Ego
194 3857 299 3918 Guala
312 3859 418 3920 sancti
433 3858 569 3919 Martini
594 3858 765 3936 presbyter
784 3874 862 3919 car-

69 3955 193 4015 dinalis
208 3955 297 4015 tltuli
311 3956 433 4032 Equitii
449 3955 643 4032 subscripsi.

110 4055 180 4127 Ego
210 4053 389 4127 Gregorius
415 4053 505 4114 tituli
532 4055 655 4114 sanctae
681 4053 865 4113 Anastasiae

71 4150 247 4226 presbyter
261 4140 441 4210 cardinalis
455 4149 647 4226 subscripsi.

112 4250 180 4321 Ego
195 4247 337 4308 Thomas
354 4246 440 4308 tituli
454 4249 577 4309 sanctae
587 4246 717 4308 Sabinae
731 4246 869 4324 presby-

72 4347 123 4405 ter
138 4344 319 4405 cardinalis
333 4344 526 4422 subscripsi.

113 4445 182 4516 Ego
197 4441 302 4501 Guido
321 4445 352 4502 s.
369 4443 398 4502 N
402 4442 499 4503 icolai
513 4443 546 4502 in
567 4457 700 4503 carcere
716 4442 868 4503 Tulliano

74 4539 235 4600 diaconus
248 4539 428 4600 cardinalis
444 4539 635 4616 subscripsi.

114 4639 182 4710 Ego
196 4639 269 4697 Otto
283 4639 472 4697 sanctorum
489 4638 596 4712 Sergii
608 4640 640 4699 et
659 4637 779 4698 Bacchi
797 4636 867 4697 dia·

76 4750 180 4793 conus
192 4733 372 4794 cardInalis
384 4734 576 4809 subscripsi.

117 4833 186 4905 Ego
201 4831 381 4905 Gregorius
402 4830 509 4892 sancti
524 4831 688 4892 Theodori
711 4831 871 4892 dlaconus

77 4926 259 4988 cardinalis
274 4926 466 5003 subscripsi.

118 5028 185 5100 Ego
195 5025 372 5086 Rainerius
385 5027 508 5086 sanctae
520 5025 634 5085 llariae
651 5025 684 5085 in
698 5025 872 5085 cosmedin

78 5122 238 5182 diaconus
251 5121 432 5183 cardinalis
447 5121 640 5198 subscripsi.

119 5222 187 5294 Ego
211 5219 397 5295 Stephanus
420 5221 525 5281 sancti
550 5219 689 5280 Adriani
714 5219 875 5280 diaconus

80 5316 261 5377 cardinalis
276 5315 469 5392 subscripsi.

120 5416 189 5489 Ego
209 5416 329 5474 Petrus
348 5417 382 5474 S.
397 5414 529 5488 Georgii
545 5413 585 5473 ed
610 5414 717 5473 velum
738 5429 874 5474 aureum

81 5511 242 5572 diaconus
255 5510 436 5572 cardinalis
451 5509 643 5588 subscripsi.

913 2807 1024 2853 sorum
1039 2792 1199 2861 virorum,
1223 2790 1361 2851 fratrum
1383 2788 1560 2864 hospitaIIs
1577 2787 1708 2847 Sanctae

913 2890 1028 2950 Mariae
1072 2888 1351 2949 Theutonicorum
1393 2883 1705 2961 Hierosolymitani,

914 2986 1011 3063 quod,
1027 3001 1100 3046 cum
1112 2985 1265 3061 aliquiad
1279 2984 1516 3045 domoseorum
1528 2997 1587 3059 pro
1600 2982 1708 3043 salute

915 3099 975 3143 sua
991 3098 1027 3142 se
1048 3082 1254 3143 transierunt
1268 3082 1326 3142 aut
1349 3096 1403 3140 res
1427 3095 1505 3139 suas
1529 3078 1708 3154 deponunt,

916 3181 1026 3240 hostes
1039 3194 1153 3239 eorum
1166 3178 1254 3238 inira
1264 3176 1422 3238 ambitum
1433 3176 1604 3238 domorum
1619 3176 1710 3251 ipsa-

916 3294 989 3339 rum
1002 3292 1058 3338 eos
1070 3279 1103 3338 et
1114 3292 1168 3336 res
1177 3290 1268 3346 suas,
1281 3275 1339 3335 Dei
1353 3272 1539 3335 reverentia
1550 3274 1582 3333 et
1592 3272 1710 3333 timore

917 3375 1110 3452 postposito,
1127 3374 1263 3450 capiunt
1275 3374 1308 3433 et
1327 3372 1439 3447 captos
1455 3370 1666 3430 incarcerant
1679 3369 1713 3430 et

917 3473 958 3534 ad
974 3471 1231 3549 redemptionem
1249 3469 1459 3546 compellunt.
1473 3467 1634 3538 Quoniam
1648 3465 1714 3541 igi-

917 3573 971 3632 tur
986 3569 1020 3630 id
1034 3569 1205 3644 indignum
1221 3567 1272 3629 est
1284 3567 1416 3643 penitus
1432 3566 1465 3627 et
1478 3564 1656 3625 absurdum
1679 3564 1713 3625 et

919 3667 1064 3727 fidelium
1080 3665 1179 3726 saluti
1195 3680 1330 3740 prorsus
1343 3662 1558 3732 contrarium,
1577 3661 1715 3721 univer-

919 3764 1008 3826 sitati
1032 3765 1151 3824 vestrae
1167 3777 1226 3837 per
1239 3761 1428 3837 apostolica
1444 3761 1566 3836 scripta
1588 3758 1710 3835 praeci-

920 3860 1039 3938 piendo
1086 3859 1296 3926 mandamus,
1339 3860 1502 3941 quatenus
1546 3853 1712 3917 universIs

920 3957 1122 4035 generaliter
1145 3955 1205 4016 sub
1229 3953 1581 4016 excommunicationis
1610 3953 1709 4013 inter·

921 4055 1102 4116 minatione
1118 4050 1294 4129 prohibere
1310 4051 1444 4121 curetis,
1462 4066 1503 4110 ne
1514 4050 1568 4126 qui
1579 4050 1613 4108 in
1625 4048 1714 4116 illos,

922 4144 1717 4230 quiaddomospreedIctorumIratrumprosalute

923 4266 982 4311 sua
996 4249 1201 4324 confugiunt,
1218 4246 1270 4307 vel
1285 4247 1318 4306 in
1334 4262 1388 4306 res
1404 4261 1517 4306 eorum
1534 4242 1620 4304 intra
1641 4259 1716 4303 am-

922 4347 1027 4408 bitum
1052 4346 1223 4406 domorum
1245 4345 1393 4420 ipsarum
1421 4358 1539 4403 manus
1564 4341 1719 4418 injiclant

923 4445 1098 4506 violentas.
1113 4443 1148 4504 Si
1164 4443 1220 4519 qui
1231 4444 1340 4503 autem
1350 4443 1472 4502 nostrae
1487 4438 1720 4518 prohibitionis

925 4540 1046 4602 fuerint
1057 4543 1333 4614 transgressores,
1345 4536 1446 4613 ipsos,
1457 4533 1719 4596 contradictione

925 4636 958 4697 et
980 4633 1203 4711 appellatione
1232 4634 1394 4702 cessante,
1422 4631 1556 4691 vinculo
1580 4628 1722 4689 anathe-

926 4734 1023 4793 matis
1038 4731 1231 4807 astringatis
1247 4733 1279 4792 et
1295 4729 1425 4790 faciatis
1449 4743 1553 4804 usque
1568 4726 1609 4786 ad
1623 4725 1723 4786 satis-

928 4830 1104 4891 factionem
1113 4828 1311 4903 condignam
1324 4828 1409 4887 sicut
1419 4822 1724 4887 excommunicatos

927 4927 969 4989 ab
987 4926 1139 4988 omnibus
1161 4925 1287 4986 arctius
1303 4924 1433 4984 evitari.
1450 4921 1652 4983 Provideant
1672 4920 1725 4981 ta·

928 5040 1003 5086 men
1030 5024 1162 5091 iratres,
1186 5025 1222 5084 ut
1247 5020 1424 5082 homicidis
1448 5023 1480 5081 et
1495 5017 1725 5096 pestilentibus

929 5121 1119 5182 hominibus
1140 5120 1181 5181 ad
1204 5117 1411 5196 dispendium
1428 5117 1520 5194 pacis
1536 5119 1634 5193 atque
1651 5117 1728 5192 jus-

931 5219 1014 5281 titiae
1029 5218 1089 5278 sub
1105 5219 1167 5278 hac
1183 5217 1389 5292 indulgentia
1404 5215 1469 5276 nisi
1486 5215 1568 5276 forte
1586 5214 1728 5273 interce-

932 5316 1039 5377 dendo
1068 5315 1258 5391 praesidium
1289 5330 1354 5375 non
1383 5312 1582 5389 impendant.
1610 5311 1727 5371 Datum

934 5413 1090 5474 Laterani
1105 5414 1194 5472 XVII
1208 5412 1341 5473 kalend.
1355 5410 1502 5488 januarii
1517 5407 1728 5485 pontitlcatus

935 5511 1038 5572 nostri
1054 5525 1142 5570 anno
1158 5509 1284 5588 quinto.
