3824 6180
203 371 264 430 523
734 392 743 407 ·
822 371 998 433 HONORlI
1020 374 1065 433 111
1086 374 1236 437 OPERA.
1792 372 1852 434 eat

203 530 256 592 tus
278 530 381 592 nobili
397 531 470 592 viro
490 527 677 610 H(enrico),
703 529 817 592 comiti
834 529 997 599 Ascania,
1055 533 1193 594 nitatem
1211 536 1314 604 tuam,
1329 534 1361 595 et
1376 533 1635 612 parapostolica
1651 531 1777 610 scripta
1792 531 1853 593 tibi

203 626 260 705 qul
282 630 403 705 praeter
417 627 615 690 afflictiones
639 627 735 695 alias,
754 626 872 704 quibus
891 627 999 704 ipsum
1055 630 1277 707 precipiendo
1299 629 1510 704 mandamus,
1535 632 1701 709 quatenus
1726 632 1852 692 terram

203 726 360 802 opprimit
392 726 641 798 monasterium,
667 726 818 796 eumdem
849 724 999 787 abbatem
1054 725 1172 803 ipsam,
1185 725 1344 788 dilatione
1357 728 1390 789 et
1400 727 1616 790 excusatione
1626 725 1850 798 cessantibus,

203 822 374 884 exoculari
390 822 468 884 fecit
483 825 516 884 et
528 822 629 900 impie
649 823 808 896 mutilari,
825 823 873 883 sic
892 824 998 899 perti·
1055 824 1188 885 nomine
1210 825 1336 895 nostro,
1358 823 1531 901 capellano
1558 822 1665 887 iacias
1684 824 1852 900 resignari

203 920 332 982 uaciter
370 921 486 982 contm
512 920 749 980 monasterium
782 921 1000 981 memoratum
1056 920 1223 996 praedicto,
1240 921 1273 982 et
1288 921 1394 982 eidem
1407 921 1447 983 de
1460 921 1565 998 ipsius
1583 923 1685 984 terrae
1703 921 1854 983 homiui-

203 1015 360 1088 adheret,
369 1019 405 1091 ut
414 1032 488 1078 cum
498 1017 585 1078 idem
597 1032 717 1089 comes,
725 1019 859 1094 propter
866 1016 940 1088 boc,
957 1017 1001 1078 sit
1055 1013 1116 1076 bus
1136 1015 1307 1078 fidelitatis
1318 1018 1510 1094 iuramenta
1526 1017 1691 1094 praestarl,
1718 1031 1852 1094 praece-

204 1115 512 1176 excommunicatus
548 1113 678 1190 publice
710 1114 898 1182 nuntiatus,
929 1113 1001 1191 ipse
1055 1111 1186 1175 dentem
1198 1113 1434 1189 negligentiam
1446 1113 1660 1192 subsequenti
1672 1114 1852 1191 dillgeutia

204 1211 403 1289 prepositus
428 1211 469 1272 de
481 1210 631 1287 praedicti
651 1209 780 1272 abbatis
792 1210 999 1272 mutilatione
1055 1209 1167 1271 taliter
1195 1213 1409 1287 purgaturus,
1432 1210 1518 1288 quod
1548 1226 1686 1290 operum
1713 1211 1854 1272 exhibi-

205 1308 380 1384 suspectus
401 1309 435 1370 et
459 1306 590 1385 publice
614 1307 808 1380 infamatus,
826 1306 1001 1369 nihilomi-
1055 1307 1146 1369 tloue
1169 1308 1373 1369 demonstres
1399 1308 1440 1369 ad
1463 1324 1524 1369 nos
1540 1310 1574 1370 et
1588 1310 1775 1370 Romanam
1794 1311 1857 1369 Ec

204 1406 309 1466 musei
333 1405 579 1467 communicare
598 1406 779 1481 praesumat
793 1405 826 1467 et
845 1405 996 1467 eumdem
1055 1404 1192 1465 alesiam
1205 1403 1348 1466 debitam
1361 1404 1569 1469 devotionem
1579 1404 1856 1482 haber-emeseno

203 1501 238 1563 in
255 1517 317 1563 sua
336 1502 448 1564 lovere
468 1501 596 1564 malitia
621 1502 737 1563 centra
764 1501 1000 1563 monasterium
1055 1517 1095 1562 ac
1116 1501 1236 1562 iratres
1258 1502 1364 1562 nostri
1388 1517 1452 1563 non
1469 1503 1584 1564 contm
1598 1504 1642 1574 te,
1658 1501 1718 1564 sad
1743 1516 1807 1579 pro
1823 1505 1856 1563 te

202 1599 602 1677 supradictum;puoclrca
614 1599 806 1660 discretioni
815 1600 935 1661 vestrae
943 1614 1002 1675 per
1055 1599 1203 1674 cogitare
1218 1599 1327 1675 potius
1342 1598 1531 1661 debeamus.
1546 1600 1663 1662 Datum
1681 1599 1772 1676 apud
1789 1601 1858 1661 [lr-

202 1696 393 1773 apostolica
427 1695 551 1773 scripta
590 1696 808 1768 mandamus,
836 1698 1000 1774 quatenus
1055 1694 1129 1757 bem
1158 1700 1322 1769 Veterem,
1347 1699 1378 1758 11
1405 1712 1511 1759 nouas
1535 1696 1746 1774 septembris,
1765 1713 1858 1759 anuo

203 1793 341 1864 vocatis,
356 1793 412 1870 qul
439 1792 563 1855 luerint
584 1793 756 1865 evocandi,
785 1795 818 1855 et
841 1793 1000 1871 inquisita
1056 1795 1181 1873 quinto.

172 1890 176 1901 “
200 1888 555 1965 diligentiusveritate,
580 1890 609 1950 sl
623 1888 718 1951 vobis
731 1891 916 1952 constiterit
930 1894 1000 1967 jam
1391 1918 1516 2007 XLVI

201 1987 326 2048 dictum
355 1988 569 2064 praepositum
592 1986 626 2047 iu
643 1986 851 2048 mutilatione
870 1988 1000 2049 abbatis

204 2083 308 2145 fuisse
334 2083 533 2161 culpabilem
555 2084 607 2147 val
633 2084 720 2149 dicto
747 2085 859 2146 comiti
882 2087 1000 2147 contra
1055 2051 1855 2129 Admmmm⁸²⁴M⁸a⁰⁰²²²⁴m³t⁰⁰p⁰uan²⁴²n⁰

202 2180 416 2258 saepedictum
430 2181 668 2245 monasterium
689 2181 724 2243 in
738 2196 874 2258 gravem
889 2182 1001 2244 laesio-
1307 2164 1497 2236 *wltefflbb
1515 2165 1594 2224 ¹²²⁰·

202 2294 277 2339 uem
293 2278 399 2356 ipsius
423 2279 600 2340 consilium
614 2279 667 2340 vel
683 2278 847 2340 auxillum
868 2279 1001 2356 impeu-
1201 2270 1330 2335 prosum,
1342 2286 1363 2322 ⁰·
1375 2271 1415 2322 Μ
1429 2285 1514 2336 supra
1528 2270 1597 2331 12⁵⁷.
1610 2268 1706 2331 mat]

92 2352 100 2375 κ
201 2376 302 2448 disse,
316 2375 424 2453 ipsum
448 2375 671 2453 praepositura
691 2379 761 2453 jam
784 2375 884 2449 dicta,
901 2393 1000 2454 quam
1054 2366 1210 2431 Mandatut
1222 2369 1258 2428 de
1272 2369 1445 2427 restituenda
1460 2371 1697 2428 terraoomltlaaae
1707 2368 1857 2429 liuthildis

201 2489 223 2536 a
247 2474 449 2535 monasterio
471 2473 543 2550 ipso
564 2472 674 2544 habet,
698 2473 923 2550 appellatione
945 2489 1001 2536 re·
1090 2458 1363 2531 ⁸⁰¹¹¹⁰il0⁸8³¹⁰¹¹m
1380 2458 1510 2518 C⁰¹¹t¹d⁰
1524 2459 1660 2532 09¹⁸⁰⁰l³⁰
1669 2459 1807 2517 Ήθῑθῦῑί·

202 2569 803 2647 mota,privetis,injungentesabbatl
819 2573 1001 2633 etconven·
1095 2574 1767 2651 Honoriusepiscopus,servusservorum
1778 2575 1852 2646 Dei,

202 2668 251 2730 tui
265 2667 464 2745 supradictls
479 2669 515 2729 ut
540 2667 580 2729 de
598 2666 655 2732 illa
671 2668 859 2745 disponant,
875 2683 999 2731 secuu-
1054 2670 1174 2734 dilecto
1194 2671 1264 2733 tlllo
1282 2671 1432 2734 Aletrino
1456 2671 1658 2734 subdlacono
1680 2674 1715 2734 et
1735 2673 1855 2750 capel-

203 2764 281 2826 dum
317 2764 403 2842 quod
424 2764 567 2841 pertinet
590 2763 632 2824 ad
663 2764 808 2826 eosdem.
847 2764 939 2837 Quod
970 2765 1000 2826 si
1055 2767 1133 2829 lano
1156 2769 1281 2840 nostro,
1296 2768 1448 2836 salutem,
1463 2771 1526 2830 etc.

203 2876 288 2934 non,
313 2862 376 2923 etc.
414 2862 533 2922 Datum
561 2861 648 2937 apud
676 2860 798 2923 Urbem
832 2862 996 2933 Veterem,
1094 2868 1175 2928 (lum
1205 2865 1284 2926 olim
1313 2864 1409 2926 uobis
1423 2863 1543 2927 litteris
1557 2865 1625 2927 tuis
1641 2864 1852 2936 intimasses,

205 2959 251 3041 Ill
284 2973 389 3021 nonas
420 2956 628 3037 septembris,
649 2957 860 3039 pontificatus
894 2959 999 3023 uestri
1054 2960 1280 3025 venerabilem
1302 2961 1438 3024 tratrem
1461 2963 1646 3025 nostrum...
1664 2963 1854 3025 Meteusem

204 3071 295 3118 anuo
304 3055 430 3136 quinto.
1053 3061 1257 3137 episcopum,
1272 3060 1458 3138 imperialis
1483 3059 1570 3123 avrlae
1594 3058 1851 3130 cancellarium,

548 3187 652 3276 XLV
1053 3158 1182 3233 regium
1218 3157 1384 3234 recepisse
1419 3156 1629 3228 mandatum,
1651 3158 1688 3218 ut
1721 3158 1852 3218 terram

581 3326 587 3338 ‚
1054 3255 1153 3317 clarae
1181 3255 1348 3317 memoriae
1363 3254 1541 3316 comitissae
1562 3252 1746 3323 Matbildis,
1770 3253 1847 3325 tibi,

261 3325 516 3386 ‘mmmmm
531 3336 727 3399 epwwpum
736 3323 938 3386 Mamm·
1054 3353 1188 3415 nomine
1198 3354 1322 3424 nostro,
1340 3352 1465 3413 iaceret
1477 3351 1654 3428 resignari.
1667 3350 1737 3412 Nos
1752 3354 1851 3428 post·

455 3432 646 3508 lseptembr.
664 3433 743 3491 ¹²²⁰·
1054 3451 1185 3511 modum
1213 3449 1398 3520 intellecto,
1425 3447 1611 3527 quodcum
1643 3448 1853 3510 cancellario

246 3540 373 3603 [rnsiner.
384 3539 468 3592 C⁰d0¹
480 3540 544 3604 dipl.
560 3539 952 3608 domnnomp.‚1,tt,n.sr.]
1053 3564 1120 3609 nou
1136 3547 1294 3609 veniebas
1307 3545 1592 3619 eodem,dllectum
1603 3544 1710 3606 fillum
1719 3547 1761 3607 R.
1776 3545 1853 3606 sub-

204 3648 287 3706 lllum
302 3647 396 3721 arguit
411 3645 537 3721 pontifex
552 3646 589 3705 de
605 3646 782 3720 negligentia
797 3654 825 3705 et
839 3649 866 3706 ei
882 3650 999 3708 mandat
1053 3645 1229 3706 diaconum
1243 3647 1276 3706 et
1290 3643 1499 3721 capellanum
1517 3644 1665 3705 nostrum
1679 3641 1720 3704 ad
1737 3641 1852 3720 ipsum

238 3744 269 3794 ut
288 3751 357 3810 erga
380 3737 538 3794 [lernaeam
558 3735 717 3794 Eeclmiam
732 3736 817 3794 citius
831 3737 997 3797 mandatum
1053 3742 1302 3813 cancellarium,
1315 3742 1450 3818 propter
1460 3741 1533 3812 boc,
1551 3754 1627 3802 cum
1643 3740 1769 3802 nostris
1785 3741 1850 3802 lit-

238 3823 517 3897 fessflleldlfflfflffl'·
1051 3840 1133 3902 teris
1166 3839 1356 3901 curavimus
1389 3838 1567 3909 destinare,
1590 3838 1645 3914 qui
1677 3851 1756 3899 eum
1791 3837 1851 3899 diu

241 3933 409 3995 Honorius
421 3932 732 4009 episcopusservus
743 3949 915 3996 servorum
925 3936 996 4008 Dei,
1051 3934 1852 4013 vanispromissionibusdetinensoouprucessit

202 4030 386 4094 venerabili
405 4029 512 4101 tratri,
540 4029 695 4108 episcopo
717 4030 869 4103 Metensi,
891 4032 999 4110 impe-
1051 4033 1232 4095 etllcaciter
1244 4033 1279 4092 in
1294 4031 1437 4108 negotio,
1448 4047 1509 4092 nec
1520 4030 1688 4108 procedlt=
1705 4029 1851 4109 ideoque

201 4129 297 4191 rialis
312 4128 397 4189 aulea
413 4127 626 4198 cancellarie,
644 4127 796 4189 salutem.
1052 4145 1111 4208 per
1125 4128 1313 4207 apostolica
1326 4127 1385 4190 tibi
1400 4128 1524 4206 scripta
1539 4127 1748 4200 mandamus,
1765 4144 1853 4206 qua-

243 4226 278 4287 Si
290 4224 540 4301 benignitatem,
548 4240 647 4301 quam
658 4225 747 4286 circa
761 4226 794 4288 te
810 4226 997 4303 apostolica
1051 4229 1148 4290 tenus
1160 4226 1322 4304 tamapud
1337 4227 1464 4302 regiam
1482 4224 1724 4297 celsitudinem,
1748 4241 1850 4303 quam

204 4322 306 4384 Sedes
320 4320 483 4390 exhibuit,
509 4321 686 4397 diligenter
707 4322 906 4396 attenderes,
925 4328 997 4402 ejus
1052 4323 1138 4401 apud
1167 4323 1405 4386 cancellarium
1436 4322 1611 4401 praesntum
1639 4321 1688 4383 lta
1712 4322 1850 4384 studeas

204 4421 338 4495 negotia
361 4418 555 4494 diligentius
579 4420 612 4479 et
633 4418 764 4481 fidelius
787 4436 994 4497 procurares.
1051 4421 1195 4500 operari,
1212 4416 1649 4498 quodterraipsapraedicto
1658 4419 1848 4496 capellano,

203 4518 291 4578 Sene
316 4533 381 4577 uon
398 4530 572 4593 possumus
592 4531 658 4577 uon
674 4517 802 4588 mirari,
819 4518 906 4595 quod
922 4535 996 4581 cum
1052 4519 1104 4581 vel
1117 4518 1177 4579 tibi
1189 4533 1229 4579 ac
1243 4518 1286 4588 ei,
1304 4517 1333 4578 si
1348 4520 1381 4579 te
1396 4518 1593 4594 presentem
1607 4528 1683 4577 esse
1696 4516 1852 4594 contiga-

203 4614 316 4691 regale
337 4613 529 4675 mandatum
548 4614 730 4693 acceperis,
747 4616 844 4691 prout
856 4614 923 4676 tuis
936 4632 997 4678 no-
1051 4616 1104 4688 rit,
1121 4614 1319 4691 resignetur,
1334 4616 1367 4676 et
1391 4613 1523 4675 nomine
1547 4616 1661 4674 nostro
1676 4611 1720 4674 ab
1741 4613 1849 4690 ipsius

201 4710 253 4773 bis
268 4711 388 4774 litteris
402 4710 576 4783 intimasti,
600 4713 635 4773 ut
650 4709 745 4773 nobls
761 4711 926 4789 resignari
940 4713 995 4775 la·
1051 4716 1148 4776 terrae
1161 4711 1527 4774 hominibustldelltatis
1534 4712 1728 4788 juramenta
1741 4725 1851 4790 praes-

202 4824 296 4871 ceres
328 4810 453 4870 terram
485 4809 586 4869 clarae
615 4807 784 4869 memoriae
817 4809 995 4872 comitissae
1049 4813 1177 4882 tentur,
1210 4810 1402 4872 mandatum
1437 4810 1588 4871 nostrum
1620 4807 1667 4870 ita
1704 4809 1849 4871 sollicite

202 4906 360 4977 Matildis,
377 4905 417 4967 ad
435 4909 617 4968 Romanam
635 4904 817 4966 Ecclesiam
831 4906 997 4984 pertinen·
1050 4908 1258 4985 impleturus,
1275 4906 1361 4986 quod
1391 4905 1566 4968 occasione
1591 4904 1781 4967 litterarum
1816 4911 1851 4969 et

200 5004 278 5076 tem,
293 5005 476 5080 acpropter
491 5001 718 5064 bocdllectum
734 5002 838 5063 illium
855 5004 997 5081 llaynal·
1050 5005 1182 5067 consilii
1199 5005 1246 5067 tui
1271 5021 1337 5066 non
1350 5003 1524 5065 videamur
1537 5002 1634 5073 elusi,
1652 5001 1847 5074 denuntias,

201 5101 279 5161 dum
296 5098 535 5160 subdiaconum
564 5087 824 5175 et'capellanum
845 5103 995 5163 nostrum
1050 5103 1079 5163 si
1107 5119 1190 5179 opus
1218 5117 1292 5163 esse
1320 5101 1455 5173 videris,
1483 5100 1548 5176 ipsi
1575 5100 1666 5176 regi,
1705 5101 1848 5178 quodsi

201 5197 243 5261 ad
264 5200 298 5259 te
309 5197 503 5275 jamdudum
519 5197 749 5258 curaverimus
764 5196 942 5270 destinare,
959 5202 994 5262 tu
1050 5199 1315 5276 cognoverimus,
1331 5199 1417 5276 quod
1442 5214 1503 5259 nos
1517 5198 1552 5258 in
1579 5197 1643 5259 bac
1655 5201 1753 5275 parte
1767 5199 1850 5261 velit

201 5312 276 5357 cum
291 5292 567 5375 promissionibus
581 5293 742 5355 hactenus
760 5294 947 5369 detinendo,
959 5296 994 5358 ln
1049 5298 1195 5368 eludere,
1213 5296 1383 5359 lacietuos
1395 5296 1484 5356 aliud
1498 5294 1656 5370 cogitare.
1680 5296 1849 5375 Quidquid

202 5393 334 5471 negotio
349 5394 422 5471 ipso
440 5390 622 5453 efficaciter
637 5391 774 5453 mlnlme
789 5394 992 5470 processisti.
1049 5398 1159 5457 autem
1186 5410 1287 5471 super
1314 5393 1378 5456 boc
1403 5392 1546 5461 leceris·
1564 5391 1660 5453 nobis
1690 5394 1849 5456 celeriter

202 5494 298 5555 Certe
312 5490 392 5553 talia
405 5488 446 5551 de
463 5492 496 5551 te
509 5504 574 5550 nou
590 5486 806 5566 sperabamus
822 5489 992 5570 obsequia,
1050 5490 1198 5553 intimari
1209 5505 1378 5569 procures.
1395 5491 1513 5550 Datum
1531 5487 1618 5567 apud
1635 5488 1760 5551 Urbem
1777 5492 1847 5551 Ve-

199 5589 277 5666 quia
292 5588 416 5650 scimus
428 5602 489 5649 uos
499 5588 533 5648 et
542 5586 766 5664 apostolicam
776 5587 893 5649 sedem
907 5587 994 5653 dete
1048 5593 1163 5660 terem,
1194 5590 1223 5649 ll
1247 5602 1353 5649 nouas
1381 5585 1599 5664 septembris,
1629 5586 1848 5664 ponuucatus

102 5718 163 5808 Ι
199 5685 297 5763 louge
309 5684 377 5747 alia
391 5685 561 5751 meruisse.
576 5685 748 5746 Monemus
763 5684 864 5762 igitur
873 5685 995 5749 irater-
1050 5686 1154 5749 nostri
1169 5699 1258 5748 auno
1272 5682 1400 5762 quinto.
