3774 6186
578 268 806 359 salernum.
830 272 908 333 nm.
932 272 985 334 nv.
1544 274 1603 339 41⁴

98 432 132 495 ta
153 445 264 493 coram
283 446 323 493 eo
347 427 442 492 nobis
457 430 491 491 et
504 429 661 492 tratribus
675 445 756 492 nos·
808 429 916 503 nicus,
936 430 992 509 qui
1011 429 1193 493 secundum
1210 430 1352 503 Domini,
1368 433 1402 495 et
1421 430 1510 495 beati
1527 432 1601 495 au-

97 528 182 590 sliter
192 528 372 600 retulisset,
388 543 448 588 nos
466 528 507 589 de
519 528 668 604 ipsorum
686 527 757 589 ira·
809 528 934 604 gnstini
947 527 1095 603 regulam
1111 529 1144 588 ln
1165 529 1280 590 eadem
1302 529 1444 591 ecclesia
1464 528 1602 594 institu-

97 625 214 687 onsilio
239 626 449 701 privilegium
469 626 577 700 ipsum
605 640 672 686 non
696 624 756 685 ob-
808 625 864 686 tus
880 639 954 686 csse
966 624 1182 700 dignoscitur,
1191 627 1360 703 perpetuis
1378 625 1501 688 ibidem
1522 627 1604 690 tem·

97 722 354 784 contradictione
373 722 503 799 praelati
529 712 755 798 procuratoris
810 719 945 798 poribus
959 720 1199 785 inviolabiliter
1214 723 1419 786 observetur.
1433 725 1603 787 Preterm

97 818 576 896 ssanchstephaniduxtmns
590 819 757 880 innovan-
808 820 1603 899 quascumquepossessiones,quaecumquebona

97 918 196 979 tatum
227 916 378 988 Viterbii,
407 917 503 977 sexto
528 916 604 977 idus
625 914 753 993 aprilis,
810 917 927 978 eadem
950 916 1093 978 ecclesia
1113 918 1151 978 in
1176 919 1429 993 praesentiarum
1452 920 1543 996 juste
1570 921 1605 982 et

97 1016 172 1077 atus
186 1016 293 1077 nostri
306 1014 534 1092 annoquarto.
809 1014 972 1076 canonice
989 1014 1147 1091 possidet,
1171 1015 1277 1076 autin
1297 1014 1444 1076 futurum
1465 1031 1605 1079 conces-

809 1110 905 1174 sione
918 1110 1122 1190 pontiacum,
1132 1112 1310 1188 largitione
1318 1126 1434 1188 regum
1442 1113 1494 1174 vel
1508 1113 1603 1190 prin·

303 1183 410 1271 CXII
809 1209 931 1286 cipum,
952 1207 1121 1272 oblatione
1142 1208 1300 1280 fidelium,
1326 1223 1384 1271 seu
1409 1209 1486 1271 eliis
1502 1210 1603 1286 justis

100 1320 122 1379 d
140 1318 396 1379 waldemarum
414 1319 641 1390 capellanum.
809 1306 927 1377 modis,
948 1307 1127 1383 praestante
1141 1307 1293 1378 Domino,
1309 1307 1431 1384 poterit
1449 1306 1601 1384 adipisci,

242 1428 375 1502 gamm,
392 1424 472 1486 mg,
809 1402 905 1464 firma
923 1402 1017 1464 vohis
1039 1404 1226 1481 vestrisque
1247 1404 1497 1464 successoribus
1516 1407 1549 1466 et
1562 1403 1605 1465 il·

108 1540 200 1611 [Μ
222 1542 287 1593 Μ
299 1542 467 1593 mmm
493 1543 527 1593 ,x
547 1540 615 1605 m]
809 1499 912 1561 libata
929 1501 1156 1578 permaneant.
1176 1503 1213 1561 ln
1235 1499 1356 1577 quibus
1371 1498 1444 1562 baeo
1458 1500 1602 1578 propriis

201 1580 209 1602 '
469 1580 476 1600 '
530 1578 537 1601 '
809 1596 965 1658 duximus
974 1597 1192 1674 exprimenda
1206 1597 1401 1659 vocabulis:
1424 1596 1534 1659 locum
1546 1599 1603 1676 ip-

809 1710 894 1766 sum,
908 1694 944 1755 in
956 1710 1021 1772 quo
1040 1693 1178 1771 praetata
1197 1695 1340 1756 ecclesia
1357 1694 1422 1756 sita
1443 1695 1504 1765 est,
1528 1689 1603 1757 cum

810 1790 963 1852 omnibus
972 1792 1183 1869 pertinentiis
1197 1813 1205 1852 :
1219 1792 1396 1853 ecclesiam
1410 1791 1450 1853 de
1465 1791 1601 1869 alburg,

810 1888 850 1950 de
873 1887 1068 1962 aitenbach,
1091 1888 1133 1950 de
1150 1889 1407 1962 Hartchirchen,
1430 1888 1471 1950 de
1486 1889 1603 1951 Grion-

97 1648 225 1711 =lstectu
239 1650 376 1708 natalium
395 1650 435 1706 illi
449 1648 693 1721 dispensationem

289 1737 430 1797 concedit.

97 1849 361 1926 riusepiscopus,
376 1860 672 1908 servusservorum
681 1845 752 1917 Dei,

97 1946 163 2009 tilio
175 1945 399 2016 Waldemam,
413 1944 554 2006 salutem
569 1943 603 2004 et
617 1943 754 2021 aposto·

97 2043 347 2105 enediotionem.

97 2141 175 2202 bene
189 2139 317 2201 meritis
328 2137 519 2215 apostoncae
531 2136 649 2214 gratiae
661 2135 755 2197 lavor

96 2239 163 2301 itur
177 2237 219 2299 ad
235 2237 319 2299 bene
340 2235 532 2297 merendum
560 2234 619 2297 alii
634 2248 756 2311 provo-

113 2351 187 2396 cum
202 2334 304 2410 igitur
323 2332 518 2395 descientia
533 2333 566 2394 et
582 2332 755 2394 honestate

97 2431 199 2493 labile
213 2429 440 2491 testimonium
455 2427 678 2505 receperimus
689 2428 754 2488 tuoe

97 2528 268 2606 probitatis
284 2528 319 2589 et
336 2526 488 2605 precibus
503 2525 582 2587 dicti
596 2526 685 2602 regis
701 2526 756 2584 in·

97 2641 181 2687 scum
201 2640 301 2701 snper
324 2623 454 2685 delectu
477 2622 640 2684 natalium
657 2637 753 2698 quem

97 2738 108 2782 s
126 2738 145 2784 a
169 2721 277 2782 soluto
293 2721 424 2796 genitus
445 2721 479 2784 et
498 2719 606 2781 soluta
619 2719 755 2779 miseri-

97 2819 371 2896 rdispensamns.
397 2817 488 2879 Nulli
515 2832 594 2892 ergo
619 2816 754 2877 omnino

97 2934 145 2989 m,
162 2919 249 2978 eto...

97 3032 120 3075 n
135 3012 276 3076 viterbii
290 3015 319 3074 V
338 3013 414 3073 ldus
433 3010 561 3089 aprilis,
585 3009 755 3089 pontifica-

97 3111 134 3173 tri
147 3127 234 3173 anno
247 3110 375 3188 quano.

810 1984 980 2058 chirchen,
997 1978 1250 2058 dealuchoven,
1273 1985 1314 2046 de
1328 1986 1550 2059 Munichrent‚
1571 1988 1605 2048 et

810 2081 850 2145 de
859 2083 1086 2160 Widenspach
1099 2083 1259 2144 ecclesias
1270 2099 1344 2144 cum
1360 2082 1512 2145 omnibus
1525 2098 1605 2161 per·

810 2181 961 2243 tinentiis
982 2180 1068 2254 suis;
1093 2181 1255 2258 capellam
1280 2181 1412 2242 Sanctae
1432 2182 1550 2243 Mariae
1569 2180 1605 2243 in

809 2277 930 2348 insula,
954 2278 1060 2339 sancti
1079 2278 1195 2340 Jacobi
1218 2278 1253 2338 in
1278 2277 1382 2353 burgo
1407 2279 1536 2350 Patan,
1563 2276 1603 2341 de

809 2375 1054 2447 aunchirchen,
1064 2374 1332 2446 deEuohendort,
1345 2376 1378 2436 et
1387 2376 1517 2436 Sancta
1531 2376 1605 2437 Mn-

810 2473 869 2534 riae
897 2473 932 2533 in
960 2475 1081 2543 anaso,
1111 2471 1256 2548 capellas
1289 2488 1364 2533 oum
1392 2472 1603 2548 pertinentiis

809 2571 890 2631 suis.
907 2569 1068 2640 Decimae,
1094 2584 1177 2646 quas
1201 2568 1331 2631 habetis
1348 2569 1385 2629 in
1405 2568 1600 2645 aitenbach,

808 2667 844 2727 in
859 2665 1111 2738 Hartchirchen,
1122 2666 1157 2726 in
1170 2665 1438 2740 Grieschirchen‚
1448 2667 1484 2729 in
1499 2668 1605 2730 Muni-

809 2764 982 2837 chrent,iu
996 2763 1241 2840 Widemspach,
1258 2764 1294 2824 in
1309 2764 1556 2839 aunchirchen,
1567 2766 1603 2827 in

809 2861 973 2933 Dornach,
996 2861 1030 2921 in
1045 2860 1217 2933 salehach,
1243 2860 1278 2921 in
1300 2862 1545 2935 Waohenweis‚
1568 2862 1603 2925 in

809 2961 949 3032 llutarn,
976 2959 1012 3018 in
1036 2957 1287 3029 Chelichberch,
1319 2959 1355 3019 in
1388 2960 1541 3032 Irsheim,
1567 2960 1603 3022 in

808 3054 974 3131 Haiming,
986 3051 1165 3130 inalburg,
1176 3054 1212 3115 in
1223 3054 1428 3128 alnchoven,
1443 3057 1477 3117 in
1489 3056 1604 3119 linars·

808 3151 940 3223 nauch,
954 3151 991 3212 in
1004 3151 1185 3222 Sohittarn,
1200 3151 1236 3212 in
1251 3152 1393 3228 aspach,
1412 3155 1447 3214 in
1464 3153 1602 3217 Vehils-

295 3287 420 3374 CXIII
809 3249 886 3320 tort,
903 3249 938 3311 in
953 3249 1048 3321 Rust,
1062 3248 1098 3309 in
1110 3247 1273 3321 Isendori,
1288 3248 1323 3310 in
1342 3249 1602 3326 ilochenwarth,

728 3419 735 3431 ‚
810 3348 843 3410 et
855 3347 889 3408 in
902 3346 1077 3408 Buchrioh.
1102 3346 1270 3408 Praeterea
1285 3346 1321 3407 in
1340 3345 1499 3409 suburbio
1511 3348 1599 3431 civi-

97 3425 199 3484 wl‘m
213 3420 602 3495 Proepffluumeoemsoe
616 3417 735 3480 samu
808 3445 887 3508 tatis
918 3445 1066 3505 Pataviae
1096 3442 1250 3505 undecim
1278 3443 1422 3516 domata,
1453 3444 1600 3520 tandum,

97 3523 139 3584 ’ω’
153 3520 374 3581 mmmm
386 3520 526 3592 musque
539 3516 683 3590 Imm·
809 3558 907 3620 quern
922 3538 1051 3603 habetis
1061 3541 1149 3602 inter
1165 3540 1363 3614 Danubium,
1379 3543 1412 3603 et
1422 3544 1560 3616 Oenum,
1573 3545 1603 3605 ll

248 3631 374 3704 ⁹³lfi¹i⁸
388 3631 469 3688 ¹²²⁰·
810 3641 920 3702 curtes
947 3637 1111 3713 Seuttliug
1133 3639 1167 3699 et
1191 3639 1410 3711 Neunhoven,
1431 3640 1603 3702 dimidium

112 3740 288 3806 monuments
300 3738 385 3795 notos,
398 3741 418 3786 l·
432 3735 474 3795 Νι
486 3750 512 3801 Ρ·
525 3734 593 3800 ³¹¹]
810 3752 963 3797 mansum
998 3736 1041 3797 ad
1075 3735 1253 3808 rlantobel,
1293 3738 1436 3813 quatuor
1469 3752 1602 3800 mansos

97 3844 378 3905 amSanctiNicotal
395 3839 731 3915 protegendamsusoipit
809 3832 992 3903 Holzheim,
1016 3845 1118 3892 unum
1142 3846 1293 3892 mansum
1325 3833 1538 3909 Hegenbaoh,
1568 3834 1604 3895 in

113 3949 271 4006 omnesque
283 3933 345 4005 eius
357 3931 433 3989 bona
447 3929 607 3987 confirmat.
809 3929 1014 4000 Probstrent,
1038 3928 1073 3989 in
1097 3929 1285 4002 Bachmull,
1308 3929 1342 3990 in
1365 3931 1540 4007 Sauming,
1568 3932 1604 3992 in

97 4044 171 4106 ‚rius
184 4044 488 4120 episcopusservus
503 4035 751 4107 servorumbei,
808 4023 1011 4088 Hasenbuell
1033 4040 1168 4087 mansos
1192 4026 1225 4087 et
1246 4026 1429 4098 dimidium,
1451 4042 1604 4088 mansum

113 4141 192 4201 aliis
217 4139 328 4200 Ulrico
351 4135 528 4214 praeposito
545 4132 695 4194 ecclesiae
719 4134 752 4192 s.
810 4125 844 4185 in
858 4125 971 4194 Putra,
988 4137 1089 4184 unam
1104 4124 1231 4185 curtem
1247 4122 1283 4183 in
1298 4123 1498 4197 Windberh;
1517 4138 1604 4203 qua-

111 4235 332 4306 Patauiensis
354 4235 492 4310 eJusque
508 4229 666 4291 iratribus
686 4229 754 4290 tarn
808 4222 1007 4283 tuorcurtes
1026 4220 1061 4280 in
1082 4218 1239 4291 atburch,
1265 4221 1298 4282 et
1319 4221 1354 4281 in
1374 4220 1481 4282 (achin
1504 4220 1607 4299 Engl-

96 4334 183 4398 tibus
198 4348 296 4410 quam
312 4329 431 4413 tuturis
451 4328 638 4403 regularem
652 4325 754 4387 uitam
810 4334 992 4395 marsperg,
1016 4317 1051 4379 in
1076 4316 1311 4394 Sprinznberg,
1341 4318 1377 4379 in
1406 4318 1540 4395 Pering,
1569 4320 1605 4381 in

96 4430 123 4492 is
137 4430 172 4490 in
185 4427 391 4505 perpetuum.
810 4414 1029 4488 liuchondori,
1041 4415 1076 4476 in
1087 4413 1334 4487 Bezrechsdori,
1345 4415 1380 4475 in
1389 4416 1554 4490 Dornaoh,
1570 4418 1606 4479 in

97 4528 207 4589 iosam
230 4524 332 4585 vimm
356 4520 555 4597 eligentibus
586 4518 757 4595 apostoli·
809 4513 952 4586 abstorf,
980 4513 1017 4575 in
1045 4512 1200 4584 altheim,
1226 4513 1262 4574 in
1288 4513 1535 4586 aunchirchen,
1570 4515 1607 4577 ln

97 4624 218 4686 ›nvenit
238 4621 355 4681 adesse
376 4618 581 4696 praesidium,
604 4632 647 4678 ne
670 4615 755 4677 torte
811 4610 911 4683 Loch,
925 4610 960 4671 in
986 4608 1165 4681 liberstori,
1182 4609 1219 4670 in
1235 4609 1418 4682 Pinzheim,
1440 4610 1476 4670 in
1489 4610 1608 4673 schal-

97 4724 142 4783 set
164 4717 361 4781 temeritatis
394 4716 549 4777 incursus
572 4713 631 4775 aut
654 4727 711 4774 eos
735 4727 756 4773 a
810 4708 930 4780 cheim,
951 4707 987 4768 in
1005 4706 1172 4784 Ruspach,
1197 4707 1232 4767 in
1254 4705 1544 4781 Chrieschircben,
1570 4709 1606 4770 in

97 4822 133 4881 ‚to
155 4816 298 4886 reuocet,
312 4816 368 4874 ant
379 4812 491 4883 robur,
505 4810 590 4888 quod
604 4810 701 4882 absit,
718 4825 755 4872 sa
810 4805 932 4876 Monte,
955 4804 991 4865 in
1005 4803 1249 4879 Tegeruspach,
1276 4803 1311 4863 in
1335 4804 1473 4876 Wasen,
1490 4805 1525 4865 in
1539 4808 1606 4867 as-

97 4915 223 4992 igionis
239 4910 411 4986 infringat.
434 4909 627 4986 Eapropter,
644 4907 755 4970 dilecti
811 4902 929 4974 chnob,
946 4900 980 4961 in
994 4899 1189 4971 Neomarkt,
1201 4900 1237 4960 in
1250 4899 1455 4972 aluchoven,
1472 4902 1506 4962 in
1522 4905 1608 4963 Eus-

97 5014 150 5074 ino
161 5007 360 5081 tilii,uestris
366 5005 466 5084 justis
479 5004 756 5082 postulationibus
810 4999 931 5068 tenio
955 4997 1141 5069 Hartheim,
1162 4995 1198 5057 in
1218 4996 1354 5074 Busing,
1375 4998 1411 5059 in
1429 4998 1605 5074 Lintheim,

97 5113 145 5172 ter
172 5107 360 5174 annuimus,
388 5104 421 5165 et
446 5101 618 5181 praelatam
648 5102 758 5162 eccle-
810 5095 1038 5167 inMauttarn,
1054 5094 1090 5155 in
1107 5094 1271 5166 Raeut,in
1289 5095 1430 5166 Baetin
1446 5096 1607 5170 isendort,

97 5206 177 5268 uncti
195 5202 325 5265 Nicolui
341 5200 561 5271 Pataviensis,
573 5199 608 5259 in
621 5214 687 5275 qua
701 5197 755 5258 di·
812 5196 845 5256 in
856 5190 1115 5263 Hochenwarth,
1132 5190 1168 5251 in
1181 5192 1391 5268 Burgenwis,
1403 5192 1438 5251 in
1455 5193 1606 5268 Stregen,

97 5301 248 5378 ancipati
276 5299 356 5360 estis
380 5296 549 5373 obsequio,
582 5294 642 5356 sub
667 5294 756 5357 beati
811 5294 844 5355 et
858 5292 892 5353 in
904 5288 1106 5352 Neunhurch
1123 5289 1245 5356 curtes,
1258 5289 1291 5349 et
1314 5288 1426 5349 curias
1438 5288 1472 5347 in
1488 5288 1608 5366 quibus

98 5401 111 5462 t
134 5402 246 5460 nostra
272 5394 473 5473 protectione
491 5392 701 5469 suscipimus,
725 5394 758 5454 et
811 5390 948 5452 decimas
969 5385 1181 5462 colliguntur.
1201 5388 1283 5446 Tres
1308 5399 1443 5444 mansos
1464 5385 1500 5445 in
1522 5388 1611 5448 aue-

97 5498 140 5560 tis
163 5495 278 5572 scripti
305 5491 479 5569 privilegio
499 5489 754 5551 communimus.
812 5487 923 5562 ching,
951 5485 986 5546 in
1006 5482 1194 5555 Dornbach,
1221 5484 1256 5542 in
1291 5480 1539 5557 schenenbnrg,
1573 5484 1608 5546 in

97 5595 131 5656 ‚is
144 5592 305 5672 siqnidem
318 5589 511 5659 statuentes,
522 5590 557 5648 ut
568 5587 649 5648 ordo
661 5602 758 5649 cano·
813 5583 941 5654 ahaim,
965 5582 1000 5642 in
1022 5579 1283 5650 Hukenohosen,
1307 5577 1340 5637 in
1365 5579 1553 5654 ilauspach,
1572 5583 1606 5643 in
