3774 6186
110 260 170 322 Μ

112 418 149 480 ln
164 417 297 480 irritum
310 416 469 497 quidquid
486 415 681 481 inveneritis
692 416 911 494 pereumdem

113 514 360 593 abbatem,post
371 514 628 592 appellationem
639 515 680 576 ad
691 530 752 575 nos
766 513 912 590 legitime

113 614 357 692 interpositam,
373 614 580 685 attentatum,
593 613 625 673 ei
635 613 708 673 vice
726 613 839 673 nostra
856 611 911 671 vl-

113 711 284 773 sitationis
309 711 454 773 odicium
482 709 693 786 impendatis,
715 707 912 784 corrigendo

114 810 148 870 et
160 807 373 870 reformando
386 806 519 880 ibidem,
534 806 758 883 appellatione
771 807 911 877 remota,

113 906 183 967 tam
196 906 233 967 in
245 905 353 982 capiis
367 920 467 981 quam
477 904 513 964 in
524 903 692 975 membris,
701 919 774 981 quae
785 918 913 964 correc-

114 1002 218 1065 tionis
245 1006 277 1065 et
304 1001 554 1064 reformationis
582 1002 691 1063 oiilcio
717 1000 912 1062 inveneritis

117 1097 913 1177 indigerecontradictorespercensurameccle·

118 1197 299 1269 siasticam,
311 1196 533 1273 appellatione
549 1197 742 1273 postposita,
759 1211 912 1270 compes·

119 1294 234 1355 condo.
251 1294 388 1366 Quodsi
411 1309 479 1355 non
493 1309 619 1364 omnes,
642 1295 704 1355 etc.
721 1295 840 1354 Datum
853 1293 913 1353 Vi-

116 1391 296 1464 terbii,Vll
309 1391 470 1453 kalendas
486 1389 687 1463 novembris,
702 1390 912 1468 pontificatus

120 1490 224 1552 nostri
242 1504 330 1551 anno
345 1491 473 1567 quarto.

443 1640 590 1728 XXVII

173 1767 228 1825 Ad
251 1768 446 1840 apocopum
466 1767 500 1827 et
522 1764 860 1839 arcatoresuetemm

391 1864 643 1924 Florentinum.

394 1975 430 2033 28
443 1975 536 2033 octob.
558 1975 639 2033 ibit.

209 2080 360 2141 [maurelli.
373 2080 486 2131 Annales
494 2080 622 2138 Camald„
632 2086 651 2129 t.
660 2080 703 2140 IV,
714 2094 740 2144 p.
750 2079 818 2143 dib]

129 2179 251 2239 landet
267 2187 298 2237 ut
314 2180 480 2238 solemniter
503 2187 642 2237 renovent
663 2180 894 2237 excommunica·

291 2270 398 2329 tionem
412 2270 441 2325 in
455 2266 615 2327 monachos
629 2269 738 2341 nigros.

154 2375 323 2437 Honorius
334 2376 519 2453 aptscopus,
528 2390 645 2436 servus
655 2389 826 2436 serrorum
839 2374 910 2448 Dei,

112 2473 301 2535 venerabili
315 2473 447 2535 tratri...
463 2473 618 2550 episcopo
626 2474 659 2535 et
668 2472 788 2534 dilecto
803 2472 910 2534 illio...

113 2569 406 2646 archipresbytero
414 2570 607 2632 Florentino
619 2570 759 2631 salntem
768 2571 802 2633 et
813 2585 913 2648 apos·

113 2667 250 2728 tolicam
263 2667 538 2730 benedictionem.

153 2765 273 2827 Dilecti
301 2765 401 2825 tilii...
427 2766 518 2842 prior
532 2767 565 2827 et
584 2767 766 2828 conventus
781 2765 912 2826 Gamal-

113 2861 292 2934 dulenses,
320 2862 438 2938 quibus
464 2864 701 2924 monasterium
728 2863 769 2924 de
790 2863 912 2924 Candi-

113 2959 200 3021 culis
240 2959 487 3020 reformandum
529 2960 769 3031 commisimus,
807 2974 912 3037 expo-

113 3061 256 3118 suerunt
280 3057 450 3119 humiliter
473 3073 584 3118 coram
606 3056 713 3128 nobis,
731 3057 816 3133 quod
836 3073 911 3118 cnm

112 3153 319 3215 venerabilis
335 3154 437 3215 irater
447 3154 596 3217 noster...
611 3154 772 3215 Ostiensis
783 3155 913 3231 episco-

113 3267 178 3328 pus
201 3251 293 3323 olim,
310 3251 388 3311 dum
413 3250 447 3311 in
472 3252 622 3328 partibus
646 3251 714 3312 illis
736 3251 912 3327 legationis

113 3347 228 3410 officio
243 3348 446 3423 iungeretur,
461 3349 663 3410 monasterio
680 3349 745 3425 ipsi
766 3347 911 3410 officinm

113 3445 318 3507 visitationis
355 3445 561 3521 impendens,
589 3445 769 3507 monachos
797 3446 911 3521 nigros

113 3541 305 3605 habitantes
327 3542 461 3615 ibidem,
475 3544 609 3620 proptor
634 3543 833 3619 multiplices
848 3559 911 3605 eo·

113 3655 190 3701 rum
209 3655 380 3711 excessus,
394 3639 436 3701 ab
457 3640 572 3702 eodem
595 3641 807 3712 monasterio,
824 3640 910 3717 quod

113 3753 175 3815 par
203 3738 350 3814 ipsorum
378 3737 539 3799 malitiam
563 3736 632 3799 lere
663 3737 704 3799 ad
728 3739 910 3799 extremam

113 3834 378 3898 exinanitionem
394 3835 583 3906 devenerat,
600 3835 733 3896 duxerit
748 3850 911 3896 amoven-

112 3931 187 4004 dos,
203 3931 239 3992 ln
255 3947 324 4003 eos,
345 3932 374 3992 sl
388 3932 496 3994 velud
511 3932 599 3993 idem
615 3932 763 3993 redirent
776 3948 912 3994 monas-

113 4029 247 4100 terium,
271 4029 324 4090 vel
339 4029 518 4091 monachos
534 4029 815 4101 camaldulenses,
833 4030 911 4106 qui-

112 4124 175 4188 bus
191 4126 249 4187 ille
267 4126 512 4188 reformandum
534 4127 711 4199 conmlsit,
734 4128 771 4188 in
797 4126 910 4204 aliquo

113 4223 340 4296 molestarent,
349 4223 703 4287 excommunIoationis
712 4225 910 4287 sententiam

722 254 950 318 EPISTOLAE.
974 256 1051 317 LIB.
1076 256 1130 316 iv.
1187 312 1196 327 ,

1702 253 1763 313 322

967 415 1066 487 mota,
1092 410 1332 475 inviolabiliter
1359 407 1543 484 observari,
1568 411 1675 475 donea
1699 410 1763 488 ipsi

967 511 1178 575 restituentes
1203 509 1316 575 taliter
1343 511 1524 588 asportata,
1546 510 1588 572 ab
1614 509 1763 588 eiusdem

967 608 1161 671 monasterii
1185 607 1415 670 molestatione
1435 608 1569 685 penitus
1588 607 1765 685 conquies-

967 706 1054 769 cant.
1071 709 1189 769 Datum
1202 705 1342 769 Viterbii
1357 708 1385 768 V
1399 707 1467 768 kal.
1482 705 1672 778 novembris
1686 721 1765 784 pon·

966 803 1113 866 tidcatus
1129 804 1234 867 nostri
1249 818 1338 865 anno
1353 805 1483 880 quarto.

1284 982 1451 1069 XXVIII

1007 1118 1058 1176 Ad
1071 1116 1248 1178 Albertum
1262 1119 1503 1177 Livonieosem
1517 1119 1724 1191 episcopum.

1249 1229 1284 1287 28
1294 1228 1387 1286 octob.
1401 1228 1479 1287 lala.

1069 1333 1263 1397 [Turgenevv'us,
1273 1335 1372 1385 llussie
1382 1333 1497 1392 lionim.,
1507 1336 1527 1393 l,
1543 1335 1581 1393 lo,
1595 1348 1622 1385 n.
1634 1333 1673 1400 7.]

968 1439 1025 1499 Sub
1044 1439 1120 1498 beati
1135 1441 1209 1499 Petri
1224 1448 1252 1498 et
1269 1456 1320 1498 sua
1340 1443 1515 1513 protectione
1529 1444 1648 1516 suscipit
1667 1445 1763 1503 omnia

1001 1529 1076 1587 bona
1101 1530 1281 1588 livoniensis
1303 1530 1432 1587 ecclesie
1452 1538 1481 1588 et
1495 1534 1653 1604 prasertim
1680 1534 1762 1592 Esto·

1002 1618 1497 1693 niam,Saloniametsemigalliem.

1006 1727 1173 1788 Honorius
1186 1728 1371 1806 episcopus,
1384 1744 1680 1791 servasservorum
1690 1733 1761 1803 Dei,

845 1885 846 1888 ,
967 1824 1158 1886 Liuoniensi
1173 1825 1339 1902 episcope,
1357 1825 1536 1889 salutemet
1546 1828 1762 1904 apostolicam

967 1920 1240 1983 benedict10nem.

1007 2021 1087 2081 Cum
1100 2037 1119 2082 a
1134 2019 1229 2081 nobis
1253 2020 1384 2098 petitur,
1399 2024 1460 2083 etc.
1478 2023 1671 2099 liapropter,
1686 2026 1762 2095 etc„

967 2132 1073 2193 nsque
1098 2118 1261 2190 inclinati,
1289 2134 1464 2196 personam
1486 2122 1589 2189 tuam,
1613 2137 1763 2183 necnon

967 2215 1143 2277 ecclesiam
1157 2219 1248 2279 tuam
1265 2216 1508 2290 livoniensem,
1526 2219 1581 2278 cui
1595 2220 1663 2281 Deo
1678 2235 1763 2281 auc-

966 2313 1050 2381 tore,
1064 2314 1223 2390 praesides
1241 2330 1314 2375 cum
1335 2314 1488 2376 omnibus
1503 2313 1610 2387 bonis,
1633 2332 1706 2393 quaa
1729 2315 1763 2377 in

967 2412 1219 2487 praesentiarum
1246 2412 1491 2474 rationabiliter
1517 2413 1679 2489 possides,
1705 2416 1764 2475 aut

966 2508 1002 2569 in
1016 2507 1163 2569 futurum
1172 2509 1272 2586 justis
1283 2509 1401 2581 modis,
1414 2513 1594 2587 praestante
1610 2512 1761 2582 Domino,

966 2606 1090 2681 poteris
1103 2606 1254 2684 adipisci,
1271 2607 1332 2668 sub
1344 2607 1433 2669 beati
1449 2608 1551 2678 Petri,
1567 2608 1643 2680 etc,
1659 2624 1763 2686 usque

967 2704 1176 2780 suscipimus.
1220 2705 1415 2781 SpeciaIIter
1438 2708 1549 2767 autem
1572 2705 1760 2776 Estoniam,

968 2801 1135 2862 Saloniam
1151 2802 1183 2863 et
1199 2801 1424 2879 Semigalliam
1439 2803 1547 2864 terras
1572 2803 1612 2863 de
1628 2819 1714 2865 novo
1728 2803 1763 2864 in

967 2898 1104 2960 Livonia
1120 2900 1311 2977 acquisitas,
1328 2900 1415 2962 sicut
1429 2915 1486 2961 aas
1497 2904 1598 2977 juste,
1616 2902 1649 2962 et
1668 2901 1762 2979 paci-

966 2996 1027 3057 ilce
1052 2997 1212 3073 possides,
1237 2997 1318 3070 tibi,
1339 2999 1373 3059 et
1396 2997 1587 3060 Livoniensi
1613 2999 1763 3061 ecclesiae

966 3095 1163 3155 auctoritate
1175 3094 1364 3169 Apostolica
1378 3094 1623 3168 confirmamus,
1633 3097 1665 3158 et
1678 3111 1766 3173 prse-

966 3192 1070 3252 sentis
1085 3191 1200 3267 scripti
1209 3191 1394 3267 patrocinio
1404 3193 1659 3253 communimus.
1670 3192 1762 3254 Nulli

966 3303 1056 3365 ergo,
1070 3290 1144 3361 etc„
1160 3290 1282 3350 nostrae
1299 3289 1524 3364 protectionis,
1540 3290 1573 3352 et
1583 3289 1764 3352 conflrma-

966 3386 1066 3447 tionIs
1081 3386 1275 3461 intringere.
1294 3386 1328 3447 Si
1347 3387 1421 3462 quis
1433 3389 1627 3460 autem,etc.

1006 3486 1124 3546 Datum
1140 3484 1291 3553 viterbii,
1317 3486 1345 3546 V
1373 3483 1534 3545 kalendas
1558 3483 1760 3558 novembris,

967 3580 1179 3658 pontificatus
1195 3581 1299 3643 nostri
1312 3597 1400 3643 anno
1413 3583 1542 3662 quarto.

1298 3795 1425 3883 XXIX
1450 3820 1453 3825 ·

1019 3931 1071 3990 Ad
1085 3931 1273 3991 (lamonem
1284 3933 1442 4003 onorem
1454 3931 1488 3991 et
1500 3931 1710 3993 convolutum

1226 4029 1513 4089 camaldulenses.

1208 4139 1213 4150 ’
1248 4155 1477 4215 idoctobdtlt.

1055 4280 1466 4346 [uirweu‚annn0scamara.,
1481 4280 1675 4347 v.1v,p.asv.1
1731 4260 1735 4273 '

113 4321 453 4398 promulgand03illi,
475 4323 531 4399 qui
560 4323 710 4399 percussi
736 4322 850 4384 dolore
871 4338 911 4384 ac

113 4419 221 4482 amm
233 4418 407 4481 debuerint
422 4421 574 4496 accipere
588 4420 810 4496 disciplinam,
825 4422 912 4483 tam,
966 4392 1002 4450 Ut
1012 4390 1217 4447 monasterium
1229 4389 1266 4448 de
1276 4388 1437 4448 Candiculis
1449 4388 1605 4449 reformare
1618 4389 1763 4451 audeant.

113 4531 214 4594 qnam
236 4518 273 4577 in
299 4516 496 4594 protundum
512 4518 665 4579 venerint
686 4520 909 4594 peccatorum,
1006 4519 1172 4581 Honorius
1208 4517 1402 4594 episcopus,
1436 4532 1554 4578 servus
1590 4533 1764 4580 servorum
1850 4565 1853 4568 .

110 4615 460 4677 excommunicatione
470 4615 711 4692 contemptam
719 4616 835 4677 eodem
846 4631 912 4676 mo·
966 4617 1036 4689 Dei,
1054 4617 1184 4677 dilectis
1199 4615 1316 4676 tiliis...
1338 4615 1442 4690 priori
1456 4617 1489 4676 et
1503 4616 1681 4676 conventui
1700 4616 1765 4676 Ga-

113 4712 263 4774 nasterio
283 4727 320 4774 se
343 4728 427 4773 ausu
449 4713 626 4775 temerario
641 4715 853 4789 receperunt,
879 4714 913 4776 et
966 4712 1176 4781 maldulensi,
1200 4712 1341 4773 salntem
1365 4713 1400 4773 et
1422 4711 1640 4788 apostolicam
1665 4711 1765 4775 bene·

113 4806 161 4871 ibi
188 4809 305 4871 divina
328 4809 535 4872 celebrantes
561 4810 691 4880 oidcia,
720 4810 774 4873 vel
802 4811 911 4887 potius
966 4812 1157 4874 dictionem.

114 4906 376 4983 prophanantes,
393 4907 507 4979 libros,
517 4910 723 4976 ornamenta,
736 4908 911 4984 privilegia
1006 4911 1086 4970 Cum
1101 4905 1303 4969 venerabilis
1318 4906 1422 4968 irater
1441 4908 1593 4967 noster...
1611 4907 1764 4970 Hostien·

113 5007 148 5066 et
169 5019 226 5065 res
247 5004 334 5065 alias
362 5005 467 5081 ipsius
487 5005 680 5067 monasterii
707 5005 828 5066 exinde
852 5021 912 5081 per
967 5007 1013 5067 sis
1026 5007 1200 5083 episcopus
1212 5005 1291 5065 tunc
1305 5003 1504 5080 apostolicae
1521 5003 1616 5065 Sedis
1630 5005 1762 5081 legatus

112 5100 308 5163 violentiam
333 5103 557 5178 asportarunt
574 5104 624 5163 Ne
644 5102 747 5177 igitur
761 5103 911 5179 praedicti
967 5116 1026 5179 par
1052 5100 1290 5162 monasterium
1313 5099 1355 5159 de
1378 5099 1569 5161 Candiculis
1583 5101 1761 5164 transitum

112 5199 269 5261 monachi
290 5198 332 5260 de
345 5215 406 5260 sna
419 5199 604 5276 pertinacia
619 5199 817 5275 glorientur,
841 5200 912 5261 dis·
966 5199 1104 5270 iaciens,
1120 5197 1304 5259 invenisset
1315 5196 1397 5258 illud
1419 5196 1626 5274 usqueadeo
1645 5198 1681 5258 in
1693 5199 1763 5275 spi-

112 5295 458 5373 cretionivestraeper
471 5296 661 5373 apostolica
677 5297 801 5374 scripta
816 5312 912 5358 man·
966 5295 1143 5359 ritualibus
1167 5294 1385 5356 deformatum
1407 5296 1440 5358 et
1461 5294 1496 5355 in
1524 5295 1762 5372 temporalibus

112 5391 248 5465 damus,
275 5394 439 5471 quamnus
466 5393 659 5471 predictam
683 5395 913 5456 excommnni-
966 5393 1176 5463 diminutum,
1188 5393 1235 5463 nt,
1247 5390 1333 5455 sicut
1345 5390 1454 5454 luerat
1466 5391 1645 5468 aliquando
1658 5391 1693 5453 in
1706 5408 1763 5454 re-

113 5491 257 5553 cationis
272 5490 472 5554 sententiam
488 5491 681 5554 solemniter
700 5491 909 5564 innovantes,
965 5490 1116 5553 verentia
1132 5490 1165 5551 et
1175 5489 1313 5556 honore,
1323 5489 1368 5551 ita
1383 5488 1592 5550 multisesset
1604 5488 1761 5553 scandalo

112 5586 248 5649 iactatis
271 5588 422 5650 eamdem
448 5589 585 5661 tamdiu,
609 5589 832 5665 appellatione
856 5605 912 5651 re-
967 5591 999 5649 et
1010 5587 1140 5659 honori,
1154 5586 1248 5648 robis
1260 5585 1342 5648 illud
1357 5585 1605 5646 reformandum
1618 5588 1762 5653 commi-

260 5738 378 5786 samec.
398 5740 472 5788 ron
488 5729 538 5787 ill.
1588 5727 1620 5787 lt
