3774 6186
101 302 162 365 449

102 459 300 525 decessoris.
328 460 419 522 Nulli
448 476 528 537 ergo
559 461 694 523 omniuo
725 461 897 523 homiuum

101 559 203 621 liceat
217 559 305 621 hanc
317 559 471 637 paginam
487 560 608 621 nostrae
620 559 830 621 inhibitionis
844 558 900 618 iu-

101 656 260 733 fringere,
284 658 337 719 vel
361 658 393 718 ei
415 673 501 719 ausu
521 656 702 719 temerario
716 656 896 718 contraire.

103 755 139 817 Si
157 755 234 832 quis
252 758 364 817 autem
376 754 440 815 hoc
463 756 625 817 attentare
638 753 896 832 presumpserit,

101 849 366 928 indignationem
376 851 611 928 omnipotentis
621 850 678 912 Dei
687 850 898 912 etbeatorum

103 949 195 1010 Petri
208 952 243 1011 et
264 949 359 1010 Pauli
381 949 608 1026 apostolorum
622 950 695 1024 ejus
718 963 754 1009 se
769 947 899 1008 noverit

102 1047 326 1108 incursurum.
343 1048 461 1109 Datum
485 1046 572 1123 apud
600 1045 719 1107 Urbem
733 1047 897 1115 Veterem,

101 1145 178 1204 XVI
194 1143 354 1205 kalendas
366 1144 455 1221 julii,
472 1144 685 1220 pontificatus
695 1143 800 1205 nostri
811 1158 899 1204 anno

102 1242 234 1318 ‘'m''
442 1330 566 1417 auur

101 1455 157 1515 Ad
189 1453 347 1516 abbatem
376 1455 496 1517 sancti
535 1457 702 1530 Crispini,
733 1457 901 1516 meantum

142 1555 281 1616 Sanctia
298 1555 424 1616 Marta
447 1557 485 1615 tn
510 1556 625 1616 Vincis
646 1554 680 1615 et
692 1553 902 1629 manistram

144 1654 345 1713 Berardum
357 1655 399 1714 de
409 1654 447 1715 H
448 1654 572 1714 earnm
581 1654 785 1713 canonicum
798 1652 903 1712 Saes-

143 1753 351 1812 sionaasem.

400 1827 434 1884 lo
444 1826 517 1898 junii
529 1825 608 1885 tiso.

134 1931 258 1997 luerat,
271 1931 315 1982 lib.
332 1933 374 1990 lv,
384 1933 461 1997 epist.
471 1933 527 1984 775.
538 1935 597 1984 llss.
606 1934 642 1984 La
650 1933 725 1983 Porta
736 1932 771 1982 du
782 1930 875 1993 rheti]

140 2041 185 2097 lle
198 2038 302 2097 eodem
323 2041 440 2112 negotio
454 2055 489 2097 ac
501 2041 530 2097 iu
545 2040 665 2112 epistola
685 2037 866 2112 precedenti.

145 2157 334 2228 Honorius,
368 2157 444 2221 eto..
479 2156 609 2218 dilectis
640 2156 756 2216 filiis...
792 2155 903 2216 abbati

109 2255 224 2317 Sancti
247 2254 392 2330 Crispini
418 2255 594 2331 majoris...
621 2253 748 2315 decano
773 2256 903 2314 sauctae

106 2352 224 2413 Mariae
235 2352 270 2412 in
286 2352 412 2422 Viueis,
429 2354 462 2413 et
476 2352 634 2426 magistro
648 2353 683 2412 B.
701 2351 741 2412 de
750 2350 903 2412 llisdiuio

107 2450 271 2511 canonico
287 2450 514 2519 suessionen,
531 2449 683 2519 salutern,
700 2450 763 2509 etc.

145 2549 228 2608 Cum
243 2547 331 2609 sicut
348 2546 479 2609 dilectis
494 2546 609 2608 liliis...
625 2545 744 2609 abbate
766 2546 799 2608 et
820 2560 903 2606 cou-

103 2648 207 2706 rentu
234 2646 347 2709 Sancti
363 2645 505 2721 Remigii
522 2647 684 2706 senonen.
707 2643 905 2720 exponenti-

105 2741 180 2815 bus,
204 2742 440 2814 intelleximus,
467 2742 703 2804 monasterium
723 2755 838 2802 eorum
861 2741 905 2801 sit

108 2855 184 2901 cum
200 2839 434 2900 membrissuis
447 2839 632 2900 venerabili
643 2838 737 2900 fratri
751 2839 901 2899 nostro...
1003 2862 1006 2866 ·

110 2937 362 3015 archiepiscopo
377 2939 541 2998 senonen.
559 2936 753 3013 subjectum,
770 2937 803 2996 et
816 2937 848 2996 ei
864 2951 904 2996 ao

107 3035 268 3096 membris
279 3036 347 3096 suis
367 3034 571 3111 provideres
587 3033 681 3095 uobis
696 3049 775 3094 ne...
792 3033 905 3093 archi-

110 3133 272 3193 diaconus
284 3135 448 3193 senonen.
462 3132 639 3209 quidquam
655 3131 696 3192 ab
709 3131 758 3192 eis
768 3131 809 3191 de
818 3146 903 3192 novo

110 3230 283 3307 percipere
302 3246 360 3290 seu
375 3230 546 3291 vindicare
564 3231 753 3305 praesumat,
771 3228 827 3290 sed
850 3229 903 3289 his

108 3328 272 3390 duntaxat
282 3330 454 3389 contentus
464 3328 585 3389 existat
596 3343 668 3404 quse
680 3327 751 3388 suis
761 3342 905 3390 consue-

108 3429 229 3487 rerunt
240 3425 538 3502 praedecessoribus
548 3424 712 3487 exhiberi.
724 3427 905 3504 Nos,ipso-

107 3540 181 3585 rum
211 3524 312 3602 justis
336 3523 488 3601 precibus
516 3524 682 3596 inclinati,
706 3526 904 3587 auctoritate

109 3621 301 3699 apostolica
324 3621 506 3684 districtius
532 3622 726 3683 duxerimus
748 3622 905 3683 inhiben-

108 3719 197 3792 dum,
209 3719 366 3781 nedictus
375 3719 631 3781 archidiaconus
635 3719 903 3797 jurisdictionem

109 3816 278 3878 insolitam
296 3819 462 3889 exerceat,
477 3817 528 3878 vel
544 3816 670 3894 aliquid
685 3817 831 3878 vindicet
844 3833 903 3877 seu

108 3915 271 3992 percipiat
291 3915 324 3975 in
340 3916 454 3976 eodem
470 3915 685 3979 monasterio.
702 3917 735 3977 et
747 3914 903 3975 membris

108 4012 189 4080 suis,
206 4013 295 4074 ultra
318 4013 403 4090 quod
426 4015 649 4074 exercuerunt
666 4029 725 4073 seu
745 4027 904 4090 percepe-

108 4112 184 4171 runt
194 4110 355 4170 hactenus
365 4110 565 4171 decessores.
575 4108 774 4172 Discretioni
783 4111 903 4171 vestrae

108 4221 165 4281 per
175 4206 365 4283 Apostolica
384 4207 506 4283 scripta
520 4207 725 4279 mandamus,
741 4207 903 4284 quatenus

108 4303 132 4363 si
148 4302 258 4365 dictus
272 4303 527 4365 archidiaconus
541 4306 656 4366 contra
670 4303 902 4364 inhibitionem

107 4402 251 4462 uestram
275 4401 389 4462 venire
413 4402 672 4479 praesumpserit,
699 4416 759 4462 ros
783 4416 858 4462 eum
882 4414 902 4461 a

107 4499 366 4574 praesumptione
388 4498 589 4575 hujusmodi,
604 4498 786 4560 monitione
811 4513 901 4574 praa-

106 4595 220 4667 missa,
237 4610 486 4673 percensuram
505 4596 776 4666 ecclesiasticam,
792 4595 903 4672 appel·

105 4691 230 4755 latione
242 4693 436 4770 postposita,
451 4694 680 4770 compescatis.
693 4692 784 4765 Quod
793 4694 822 4753 si
835 4708 901 4753 uon

105 4804 231 4861 omnes,
246 4792 308 4851 etc.
339 4794 457 4852 Datum
482 4790 568 4867 apud
594 4790 714 4852 Urbem
734 4792 899 4862 Veterem,

102 4888 178 4950 XVI
190 4887 258 4949 kal.
266 4888 545 4966 julii,pontiflcat.
555 4889 659 4949 nostri
671 4904 758 4948 anuo
769 4890 898 4964 quarto.

446 5040 564 5127 oliv

101 5169 155 5227 Ad
177 5168 436 5242 Eatpalbaraum
457 5168 816 5241 Novemharpensam,
833 5166 898 5226 etc.

389 5271 421 5326 u
439 5269 512 5341 junu
537 5270 615 5328 raso.

198 5366 363 5430 [llereuberp
383 5366 447 5418 llist.
464 5367 553 5416 eccles.
564 5366 718 5424 Gaudersh,
736 5367 805 5432 lm]

103 5454 219 5513 Mandat
234 5463 264 5513 ut
276 5470 457 5527 possessores
472 5455 649 5528 Aeseuhurgi
665 5463 816 5513 coemant
832 5455 899 5512 illud

423 5544 573 5603 dimittere.

143 5643 332 5715 Honorius,
358 5645 443 5717 etc,
465 5644 712 5706 venerabilibus
738 5643 898 5706 fratribus

248 5798 364 5841 aarum.
384 5797 457 5840 roua
475 5786 524 5841 ill.

724 301 951 364 EPISTOLAE.
975 301 1053 363 ΙιῙΒ.
1077 303 1131 390 lif.

1692 301 1752 361 let)

951 460 1236 536 Novemburgeusi
1240 504 1300 521 .....
1319 460 1566 537 Mersburgeusi
1569 503 1631 521 .....
1648 461 1682 520 et
1685 503 1747 520 .....

951 558 1116 635 quondam
1136 558 1424 621 Halbarstadeusis
1437 559 1589 621 ecclesiae
1613 558 1747 635 episco-

952 657 1014 733 pis,
1031 656 1170 717 salutem
1192 657 1226 718 et
1239 657 1455 732 apostolicam
1469 656 1745 718 benedictionem.

992 756 1081 815 sane
1094 754 1223 816 dilectae
1239 755 1272 814 iu
1289 754 1419 815 Christo
1433 754 1523 826 filiae,
1535 753 1704 815 abbatissa
1716 756 1751 814 et

952 854 1133 914 conventus
1149 852 1484 913 Gaudershermensis
1499 852 1662 923 ecclesiae,
1676 868 1749 928 quae

952 949 994 1010 ad
1024 965 1083 1010 nos
1109 949 1298 1011 immediate
1335 949 1501 1025 pertinere
1530 950 1749 1024 dignoscitur,

954 1046 1049 1109 nobis
1064 1047 1295 1123 conquerendo
1307 1048 1534 1109 monstrarunt
1553 1048 1639 1124 quod
1655 1050 1750 1107 Gun-

954 1144 1081 1206 celinus
1096 1144 1202 1206 dictus
1213 1143 1351 1222 dapifer,
1361 1146 1394 1207 et
1407 1148 1443 1207 Β.
1459 1145 1500 1206 da
1514 1144 1749 1215 vulferbotele,

954 1244 1071 1305 item...
1088 1242 1128 1304 de
1139 1242 1304 1303 Bowende
1318 1259 1358 1304 ao
1373 1243 1507 1320 quidam
1522 1243 1582 1305 alii
1597 1242 1752 1305 Hildese-

955 1341 1090 1412 mensis,
1114 1342 1191 1411 etc,
1206 1340 1496 1403 Halherstadeusis
1522 1341 1701 1402 dioecesum
1716 1341 1752 1402 iu

956 1438 1057 1500 fundo
1085 1439 1191 1514 ipsius
1214 1439 1365 1500 ecclesiae
1391 1441 1536 1500 castrum
1567 1439 1750 1516 quoddam,

956 1538 1041 1615 quod
1056 1536 1179 1597 dicitur
1191 1536 1382 1613 Asseriburg
1392 1537 1582 1608 erexerunt,
1595 1553 1654 1614 per
1664 1537 1752 1614 quod

956 1635 1124 1712 praedictae
1138 1635 1289 1696 ecelesia
1315 1634 1487 1696 subversio
1508 1634 1659 1696 imminet
1680 1650 1754 1695 ma-

957 1732 1118 1794 nifesta...
1136 1733 1336 1795 fraternitati
1356 1736 1475 1794 vestrae
1491 1749 1550 1810 per
1563 1733 1754 1810 Apostolica

956 1830 1754 1908 praereptamandamus,quateuus,siestita,dic·

957 1930 1027 1990 tum
1045 1929 1265 1990 Guucelinum
1280 1931 1313 1990 et
1330 1929 1415 1988 alios
1434 1930 1469 1989 ut
1483 1930 1629 1989 castrum
1645 1929 1752 2005 ipsum

957 2026 1093 2088 diruant
1118 2028 1150 2088 et
1181 2025 1318 2086 fundum
1342 2025 1491 2103 ejusdem
1518 2025 1694 2087 abbatissae
1722 2029 1756 2086 et

957 2125 1135 2186 couventui
1148 2125 1259 2200 quiete
1275 2124 1452 2196 dimittant,
1465 2125 1647 2186 monitione
1662 2139 1753 2199 prae-

959 2222 1754 2298 missapercensuramecclesiasticamappella-

957 2320 1048 2380 tione
1075 2320 1213 2391 remota,
1251 2319 1469 2395 compellatis.
1509 2319 1599 2392 Quod
1631 2320 1659 2380 si
1686 2335 1754 2380 nou

959 2433 1074 2479 ornnes
1088 2418 1142 2479 his
1161 2417 1382 2494 exsequendis
1408 2418 1560 2493 poteritis
1577 2417 1753 2482 interesse.

959 2515 1023 2576 duo
1037 2517 1185 2576 restrum
1213 2531 1252 2576 ea
1275 2515 1492 2575 nihilominus
1514 2517 1749 2592 exsequantur.

958 2613 1076 2673 Datum
1086 2613 1172 2689 apud
1191 2612 1310 2674 Urbem
1326 2615 1489 2684 Veterem,
1507 2615 1565 2673 XV
1583 2613 1649 2673 hal.
1661 2612 1751 2690 julii,

958 2711 1170 2787 pontificatus
1185 2713 1289 2773 nostri
1304 2724 1393 2772 anuo
1408 2712 1536 2788 quarto.

974 3056 978 3061 ·
994 3032 1043 3090 Aa
1057 3029 1249 3105 Slpsridam
1264 3029 1506 3104 Mopnula‘num
1522 3031 1724 3102 archiepisc.

1249 3159 1285 3216 20
1295 3159 1368 3232 junii
1385 3159 1463 3217 1220.

1114 3274 1293 3340 [Wurdlweim
1303 3276 1374 3324 Nova
1384 3274 1463 3331 subs,
1476 3274 1519 3332 lV,
1535 3273 1601 3338 tto]

959 3385 1075 3444 llaudat
1093 3382 1219 3458 pontifex
1242 3390 1273 3440 ut
1284 3380 1448 3451 exhortetur
1464 3381 1637 3441 fridericum
1654 3395 1754 3455 regern

994 3475 1096 3533 Sicilie
1107 3472 1142 3531 ad
1157 3471 1329 3537 libertatem,
1338 3471 1417 3544 juxta
1431 3472 1651 3544 promissionem
1660 3485 1754 3538 auam,

994 3561 1199 3621 restituendam
1211 3562 1309 3619 comiti
1322 3562 1475 3634 flayuerio.

998 3690 1166 3751 Honorius
1178 3690 1354 3766 episcopus
1367 3705 1485 3749 servus
1502 3703 1675 3750 servorum
1682 3687 1753 3757 Dei,

957 3787 1143 3848 venerabili
1154 3787 1250 3849 fratri
1260 3787 1512 3862 archiepiscopo
1525 3788 1686 3861 Moguut,
1699 3802 1757 3846 sa·

957 3885 1060 3947 lutem
1075 3886 1108 3947 et
1122 3884 1339 3960 apostolicam
1359 3883 1633 3945 benedictionem.

998 3981 1258 4059 Obloquentibus
1286 3981 1366 4042 olim
1387 3980 1501 4041 multis
1527 3979 1567 4040 de
1593 3996 1645 4050 eo,
1667 3980 1755 4057 qnod

958 4081 1151 4142 carissimus
1163 4079 1335 4140 iuGhristo
1346 4078 1436 4138 filius
1447 4078 1753 4140 nostoruillustris

956 4195 1019 4240 rex
1045 4177 1181 4246 Siciliae,
1205 4177 1240 4237 in
1269 4179 1494 4238 Romanorum
1519 4177 1768 4252 imperatorem.

957 4276 1093 4345 electus,
1116 4278 1250 4352 ceperat
1281 4274 1425 4335 nobilem
1457 4273 1567 4334 virum
1600 4274 1753 4336 comitam

958 4373 1160 4451 Reynerium
1181 4373 1222 4433 ad
1239 4373 1450 4449 praesentiam
1466 4373 1538 4447 ejus
1553 4371 1755 4434 fiducialiter

957 4472 1185 4542 accedentem,
1216 4470 1279 4547 ipsi
1311 4471 1382 4547 regi
1411 4485 1513 4547 super
1541 4469 1603 4531 hoc
1628 4471 1753 4548 scripta

957 4572 1070 4630 nostra
1092 4568 1277 4630 direximus
1299 4569 1410 4644 qualia
1426 4567 1545 4629 honori
1567 4570 1688 4642 eJuset
1703 4568 1716 4627 f
1734 4600 1754 4614 -

956 4682 1018 4728 mae
1053 4667 1197 4728 vidimus
1235 4665 1403 4742 expedire.
1441 4668 1515 4742 Ipse
1547 4679 1626 4725 vero
1655 4665 1751 4726 uobis

956 4764 1073 4825 humili
1094 4763 1270 4826 devotione
1290 4777 1329 4824 aa
1348 4762 1465 4824 devota
1481 4762 1669 4823 humilitate
1682 4778 1752 4824 res·

955 4862 1083 4939 cripsit,
1107 4860 1193 4938 quod
1208 4861 1361 4922 restituta
1387 4858 1451 4920 sibi
1476 4861 1565 4921 terra
1585 4874 1658 4929 sua,
1675 4878 1750 4938 quae

955 4959 1035 5022 dicti
1059 4959 1188 5020 comitis
1207 4958 1341 5019 nomine
1365 4956 1551 5028 tenebatur,
1578 4959 1687 5035 ipsum
1716 4960 1752 5021 iu

954 5056 1109 5119 manibus
1124 5057 1246 5117 nostris
1265 5055 1369 5116 libere
1385 5056 1581 5132 resignaret.
1597 5059 1679 5118 Cum
1692 5059 1752 5133 igi·

954 5158 1009 5217 tur
1028 5157 1118 5216 terra
1143 5154 1258 5215 eadem
1276 5153 1402 5214 nuntiis
1417 5153 1496 5215 dicti
1510 5155 1600 5229 regis
1616 5156 1660 5216 sit
1675 5156 1749 5231 ple-

954 5251 1748 5327 uarie,sicutaccepimus,restituta,fraternitati

954 5354 1019 5412 tuae
1028 5349 1281 5426 parapostolica
1288 5350 1411 5426 scripta
1418 5349 1624 5419 mandamus,
1637 5353 1749 5427 quate·

954 5465 1016 5509 nus
1030 5447 1183 5508 eumdem
1198 5462 1309 5522 regem
1323 5462 1365 5508 ex
1378 5449 1471 5522 parte
1487 5448 1600 5507 nostra
1612 5462 1749 5508 moneas
1820 5452 1824 5459 '

953 5546 1129 5621 diligenter
1155 5547 1189 5605 et
1214 5545 1393 5620 prudenter
1416 5544 1566 5614 inducas,
1592 5548 1629 5607 ut
1650 5549 1748 5623 juxta

953 5643 1203 5718 promissionem
1229 5657 1322 5702 suam
1351 5640 1494 5701 libertati
1515 5643 1668 5704 restituat
1690 5660 1750 5705 co-

1575 5785 1608 5839 lb·
