3774 6186
46 296 110 359 sao

323 457 572 550 nuuuxulv

73 619 125 680 Ad
147 604 340 678 Romanurn
363 613 594 674 Porticensem
618 608 825 686 episcopum,

205 708 406 784 apostolice
419 709 518 769 Sedis
531 706 693 781 ieonum·

351 839 385 897 ld
395 837 458 911 iulii
472 836 553 896 lull.

54 964 177 1030 [federici
185 963 275 1015 latoria
283 959 737 1024 dc’earal.Gaudenti,ll,God.dipl.,
746 958 772 1023 d,
780 956 849 1023 ιι.7.]

54 1078 201 1142 Honorius
232 1080 386 1154 respondet
416 1080 547 1137 Romano
576 1076 713 1136 cardinali
742 1076 849 1149 iegato,

89 1173 226 1244 episcopo
245 1169 404 1236 Portuensi,
423 1183 455 1226 se
469 1168 613 1240 recepisse
630 1165 665 1224 de
677 1180 751 1223 nova
767 1165 848 1222 insti·

89 1259 194 1318 tuenda
208 1258 308 1316 militia
322 1255 472 1330 aquodam
485 1255 620 1315 savarico
634 1262 663 1312 et
676 1253 764 1311 sociis
777 1252 850 1326 ejus,

91 1349 120 1406 ln
134 1348 268 1405 auxilium
284 1346 419 1404 Amalrlci
431 1345 536 1402 comite
547 1342 582 1400 da
593 1341 772 1409 llonteforte‚
782 1342 853 1399 litte·

91 1453 140 1496 ras
154 1444 183 1494 et
194 1436 321 1504 nuntios,
334 1435 446 1508 ipsique
464 1433 561 1507 legato
576 1430 694 1490 mandat
703 1438 734 1488 ut
747 1436 854 1488 statuat

92 1539 181 1597 snper
195 1522 241 1580 bis
254 1520 330 1595 quod
344 1520 447 1578 viderit
460 1518 654 1578 statuendum.

63 1724 68 1733 ⁵
97 1649 265 1712 Honorius
275 1647 463 1725 episcopus,
473 1659 771 1707 servasservorum
780 1642 852 1716 Dei,

54 1741 855 1818 venerabilifratrilt.Portuen.episcepo,llpos·

55 1845 167 1909 tolicas
183 1843 279 1905 Sedis
293 1841 414 1918 legato,
430 1840 572 1903 salutem
586 1842 619 1901 et
633 1837 854 1915 apostolicam

56 1941 336 2006 benedictionem.

99 2038 312 2101 Praesentatae
324 2035 420 2099 nobis
431 2034 650 2097 fraternitatis
658 2034 724 2096 tum
735 2033 855 2095 littera

59 2135 275 2199 continebant
295 2134 383 2211 quod
401 2135 450 2204 P,
469 2132 620 2194 savarici
640 2131 749 2199 miles,
769 2130 857 2192 lator

58 2232 286 2313 praesentium,
300 2246 374 2293 cum
391 2229 587 2308 quibusdam
603 2229 704 2290 sociis
717 2228 797 2298 suis,
814 2227 856 2292 ad

58 2331 271 2411 praesentiam
287 2331 378 2391 tuam
393 2328 567 2398 accedens,
584 2326 757 2387 humiliter
772 2342 855 2401 sup·

59 2427 207 2505 plicavit,
229 2429 265 2487 ut
280 2425 490 2501 signaculum
505 2423 615 2484 crucis
630 2421 717 2499 quod
737 2420 854 2493 defert,

60 2525 181 2587 sibiet
204 2526 277 2600 ejus
299 2521 411 2594 sociis,
434 2520 570 2582 nomine
595 2518 797 2597 paenitentiae
822 2517 857 2578 in

60 2622 294 2685 remissionem
318 2634 455 2681 suorum
483 2617 672 2694 imponeres
699 2616 857 2693 peceato·

60 2735 148 2791 rum,
179 2717 371 2795 specialiter
393 2715 435 2777 ad
462 2714 719 2791 expugnandum
743 2712 856 2773 baere-

61 2816 158 2888 ticos,
174 2817 209 2877 et
222 2812 461 2875 defendendam
481 2809 740 2872 ecclesiasticam
756 2808 859 2870 liber·

62 2914 166 2975 tatem
189 2912 223 2972 in
247 2908 457 2972 Narbonensi
481 2909 514 2970 et
532 2905 753 2968 auxitanensi
777 2920 858 2982 pro-

63 3011 197 3077 vinciis,
237 3011 271 3071 et
308 3006 500 3085 regionibus
531 3003 726 3074 convicinis,
760 3005 859 3080 jnxta

64 3106 310 3185 beneplacitum
340 3106 375 3166 et
407 3104 524 3165 nutum
549 3102 672 3163 sanctae
701 3102 859 3162 Romanae

64 3205 235 3276 Ecclesiae,
257 3202 437 3264 secundum
464 3198 709 3263 observantiam
733 3197 860 3259 ordinis

64 3302 206 3363 fratrum
221 3299 349 3361 militiae
367 3296 495 3375 Templi
513 3296 548 3357 in
563 3295 727 3366 omnibus,
745 3293 861 3355 babitu

65 3399 230 3460 duntaxat
249 3396 399 3473 excepto,
421 3396 490 3456 toto
511 3396 660 3469 tempore
681 3392 758 3453 vitae
778 3406 859 3453 suae.

64 3499 115 3557 Tu
136 3511 217 3557 vero
241 3495 348 3571 ipsius
375 3494 409 3555 et
433 3491 545 3553 dilecti
567 3490 629 3551 filii
651 3489 772 3552 nobilis
796 3489 861 3551 viri

65 3593 226 3656 amalrici
249 3591 380 3657 comnis
399 3589 567 3658 Tolosani,
593 3587 649 3664 qui
665 3591 736 3665 jam
756 3602 861 3665 quos-

66 3693 143 3753 dam
154 3690 301 3752 redditus
312 3687 376 3749 sibi
389 3686 479 3748 dedit
489 3687 522 3745 et
532 3684 640 3746 adhuc
652 3684 764 3760 plures
777 3683 861 3744 alios

66 3806 105 3851 se
121 3789 274 3849 daturum
295 3784 457 3864 promisit,
481 3798 520 3844 ac
542 3781 705 3842 baronum
725 3795 862 3841 suorum

67 3885 223 3964 precibus
243 3884 435 3953 inclinatus,
453 3896 539 3950 eum,
559 3878 599 3940 de
620 3877 862 3941 venerabilium

66 3984 208 4046 fratrum
223 3983 462 4044 nostrorum...
487 3976 727 4038 araxitanensis
745 3974 862 4036 arcbi·

68 4079 228 4158 episcopi,
261 4093 352 4139 ac...
376 4074 583 4137 Tolosam...
609 4072 862 4149 agathensis...

67 4194 109 4240 ae
129 4176 347 4254 quorumdam
369 4168 511 4235 aliorum
533 4172 764 4249 episcoporum
784 4184 866 4231 con·

68 4276 159 4346 silio,
179 4274 222 4335 ad
244 4274 392 4334 nostram
411 4270 535 4332 duxisti
558 4269 692 4345 prepter
710 4267 774 4328 hec
788 4282 866 4344 spe-

68 4372 201 4435 cialiter
233 4368 446 4448 praeentiam
473 4365 716 4437 destinandum,
742 4378 864 4441 rogans

68 4470 243 4533 humiliter
268 4472 301 4530 et
327 4467 446 4528 devote
475 4467 510 4526 ut
537 4463 707 4526 deferendi
733 4476 864 4523 crucem

64 4572 138 4647 jam
163 4568 284 4629 dictam
310 4566 344 4626 et
366 4561 563 4625 observandi
587 4560 735 4622 ordinem
765 4560 865 4620 ante-

70 4666 208 4735 dictum,
255 4661 353 4740 prout
385 4657 538 4738 superius
574 4659 624 4719 est
658 4671 864 4734 expressum,

71 4762 137 4824 sibi
156 4763 189 4824 et
208 4765 280 4839 ejus
297 4759 398 4822 sociis
418 4756 587 4818 licentiam
607 4753 788 4815 concedere
810 4752 866 4813 di-

70 4875 263 4938 gnaremur.
291 4859 361 4919 Nos
385 4855 489 4933 igitur
519 4852 559 4913 de
587 4850 788 4912 discretione
809 4849 867 4911 tua

71 4960 207 5038 plenam
231 4956 385 5017 fiduciam
409 4951 608 5020 obtinentes,
633 4949 743 5024 ipsum
767 4947 809 5007 ad
834 4946 867 5008 te

73 5057 132 5135 qui
149 5056 189 5115 de
205 5052 362 5131 praedicto
378 5049 522 5125 negotio,
545 5049 578 5109 et
596 5044 702 5123 ipsius
724 5044 869 5105 eircum-

74 5153 209 5216 stantiis
219 5149 396 5220 universis,
409 5146 595 5221 intelligere
604 5141 727 5220 poteris
738 5140 868 5218 plenius

73 5250 262 5320 veritatem,
279 5246 433 5308 duximus
449 5239 695 5308 remittendum,
711 5235 870 5299 fraterni-

112 5389 154 5464 tl)
175 5387 346 5446 innomine
363 5384 496 5457 gravisus
513 5385 556 5437 est
576 5378 718 5436 llonorins
732 5378 786 5434 PP.
802 5374 867 5433 bar·

74 5461 162 5519 baras
181 5460 317 5523 Livonie,
335 5456 470 5522 batonim,
490 5450 667 5521 Prussioequc
686 5456 788 5521 gentes
804 5447 868 5503 intl-

74 5531 201 5590 dclitatis
211 5528 336 5587 tenebris
345 5528 461 5583 obrutas
472 5522 574 5580 divinae
586 5520 686 5592 gratiae
699 5518 785 5575 radiis
797 5517 871 5573 illus

75 5603 157 5671 erari,
171 5602 291 5673 luceque
300 5596 468 5670 evangelica
482 5593 660 5651 collustratus
674 5589 823 5645 mitescere
837 5599 872 5643 ac

222 5737 339 5782 rinnon.
358 5718 499 5778 murelli.

674 283 1006 352 EPISTOLAE.L1B.
1028 285 1069 346 V.

899 440 960 506 tati
971 443 1039 505 tuae
1055 455 1116 520 per
1131 439 1321 518 apostolica
1342 437 1467 515 serlpta
1483 435 1692 507 mandantes,

900 541 1064 618 quatenus
1085 534 1285 601 auctoritate
1308 536 1421 598 nostra
1444 534 1572 596 statuam
1593 548 1695 610 super

901 639 967 710 liis,
984 655 1057 715 quae
1072 636 1252 698 secundum
1270 639 1372 696 Deum
1392 634 1434 694 ad
1452 632 1611 694 honorem
1627 634 1694 694 Ee-

901 730 1013 798 clesiae
1028 751 1067 798 ac
1082 734 1307 796 defensionem
1323 731 1399 793 fidei
1415 731 1513 808 atque
1528 729 1633 807 pacis,
1649 729 1697 791 vi·

902 832 991 895 deris
1006 831 1192 894 statuenda.
1209 833 1328 893 Datum
1344 826 1511 899 Laterani,
1527 828 1618 888 XVII
1633 826 1698 915 lra-

901 930 1018 993 landas
1046 929 1191 1007 augirsti,
1224 926 1436 1007 pontificatus
1469 925 1575 987 nostri
1607 936 1697 989 anno

903 1026 1030 1105 quinto.

1190 1229 1417 1327 cuuomv

1011 1382 1064 1445 Ad
1084 1380 1277 1458 Sipmdum
1296 1383 1591 1456 archiepiscopum

1170 1480 1425 1554 neronianum.

1201 1608 1237 1668 20
1248 1608 1310 1683 julii
1328 1607 1406 1667 saul.

1035 1723 1214 1789 [Wurdtveiu‚
1229 1725 1301 1775 Nova
1314 1723 1437 1781 subsidia,
1449 1723 1491 1781 lv,
1505 1722 1572 1788 lla]

908 1839 1025 1899 llandat
1037 1840 1172 1913 episcopo
1187 1839 1355 1911 llaguntino
1372 1844 1403 1896 ut
1416 1838 1505 1912 eligat
1521 1846 1642 1910 quatuor
1657 1838 1703 1898 vel

944 1935 1001 1986 tres
1015 1929 1093 1986 viros
1103 1928 1312 2000 *cujuscumque
1324 1926 1433 1984 ordinis
1451 1942 1486 1984 ac
1503 1927 1581 1999 ipsos
1596 1926 1632 1985 ad
1649 1928 1700 1985 Sc·

944 2017 1009 2075 dem
1029 2016 1222 2089 apostolicam
1243 2016 1414 2073 transmittat
1427 2014 1465 2072 ad
1483 2015 1704 2074 sollicitudinem

944 2104 1121 2163 diversarum
1132 2105 1263 2178 gentium
1275 2103 1471 2162 destinandos.

950 2229 1313 2308 Honoriusepiscopus,
1324 2246 1440 2292 servus
1450 2244 1620 2292 servorum
1630 2230 1702 2304 Dei,

909 2327 1094 2390 venerabili
1116 2328 1211 2390 fratri
1233 2326 1484 2405 archiepiscopo
1501 2329 1701 2403 maguntin,

910 2427 1051 2488 salutem
1066 2427 1099 2487 et
1110 2425 1328 2503 apostolicam
1340 2424 1604 2487 benedictionem
1621 2425 1681 2504 (1).

950 2525 1011 2594 Ne,
1028 2523 1057 2583 si
1070 2539 1167 2584 secus
1181 2523 1314 2584 vineam
1330 2523 1461 2584 Domini
1476 2523 1598 2585 nostrae
1615 2537 1706 2585 curm

911 2620 1120 2683 commissam
1136 2621 1261 2697 positas
1277 2620 1423 2697 undique
1439 2620 1635 2682 solitudines
1649 2636 1708 2682 re·

911 2717 1025 2794 digere
1039 2717 1286 2793 neglexerimus
1299 2717 1338 2778 ad
1350 2717 1525 2789 culturam,
1538 2720 1571 2780 et
1584 2733 1711 2795 propa·

911 2830 992 2890 gare
1010 2814 1046 2875 in
1066 2815 1116 2875 eis
1140 2814 1353 2892 propagines,
1378 2831 1451 2891 quae
1473 2815 1572 2877 flores
1594 2815 1708 2877 odoris

912 2912 945 2973 et
974 2911 1117 2972 fructum
1143 2911 1288 2972 atterant
1315 2911 1511 2983 honestatis,
1542 2912 1708 2989 pessimus

913 3008 1030 3070 merito
1048 3008 1088 3069 de
1108 3010 1241 3085 torpore
1261 3023 1321 3069 seu
1335 2995 1463 3069 desidia
1485 3009 1705 3086 reprebendi,

912 3107 993 3168 lieet
1004 3105 1179 3166 undecima
1191 3104 1235 3166 sit
1248 3104 1343 3173 bora,
1357 3104 1529 3181 operiaros
1547 3107 1708 3169 tamenin

913 3201 1003 3278 ipsas
1029 3200 1244 3277 proponimus
1274 3199 1452 3272 destinare,
1484 3202 1541 3278 qui
1574 3202 1707 3265 sarculo

914 3297 1160 3375 predicationis
1172 3313 1214 3359 ex
1224 3297 1582 3375 circumadjacentibus
1593 3297 1713 3363 natio-x

914 3395 1012 3456 nibus
1029 3395 1187 3457 vitiorum
1208 3394 1322 3473 spinas
1335 3395 1516 3457 evellentes
1531 3399 1564 3458 et
1577 3412 1708 3474 uepres,

915 3491 1355 3555 etextendentesineasdem
1363 3493 1516 3570 palmites
1527 3493 1711 3567 fideicom-

917 3589 1069 3668 pluentes
1093 3589 1169 3651 illas
1195 3590 1304 3668 aquis,
1328 3607 1401 3666 quae
1424 3591 1598 3654 transeunt
1621 3592 1712 3655 inter

916 3687 1060 3748 medium
1084 3687 1258 3755 montium,
1274 3687 1364 3764 ipsas
1387 3688 1508 3749 florere
1530 3688 1655 3751 faciant
1678 3690 1713 3752 et

915 3784 1074 3845 virtutum
1091 3785 1243 3859 germina
1260 3785 1459 3860 germinare,
1470 3800 1510 3846 ac
1525 3787 1585 3855 sic,
1602 3787 1714 3848 effun-
1817 3776 1822 3791 ⁸

917 3880 1014 3941 dente
1030 3881 1170 3942 Domino
1185 3881 1338 3958 spiritum
1358 3882 1399 3942 de
1418 3882 1552 3943 excelso
1571 3882 1606 3944 in
1625 3884 1712 3945 soli-

915 3977 1042 4049 tudine,
1053 3977 1227 4054 Judieium,
1243 3993 1308 4054 quo
1323 3994 1359 4038 se
1374 3994 1449 4039 eum
1466 3981 1534 4040 Deo
1550 3982 1583 4041 et
1599 3996 1713 4042 eoram

917 4074 995 4143 Deo,
1026 4086 1068 4132 ne
1091 4071 1133 4132 ab
1156 4086 1198 4133 eo
1217 4072 1396 4149 judicetur,
1420 4072 1559 4150 judicet,
1586 4074 1714 4138 habitet

918 4169 1040 4245 fiatque
1059 4168 1233 4230 nationum
1254 4168 1421 4231 desertum
1436 4170 1472 4230 in
1491 4171 1654 4243 chermel,
1676 4172 1713 4234 in

917 4281 1005 4351 verae
1020 4264 1284 4327 circumcisionis
1297 4266 1471 4328 scientiam
1487 4268 1665 4339 veniendo,
1680 4271 1715 4333 et

918 4363 1091 4440 postquam
1130 4362 1308 4427 intraverit
1343 4365 1490 4440 gentium
1530 4365 1713 4442 plenitudo,

918 4459 1051 4522 tandem
1074 4460 1358 4522 reconciliationis
1380 4462 1515 4539 justitia
1539 4464 1653 4527 sedeat
1678 4466 1719 4528 in

919 4557 1082 4624 chermel,
1106 4556 1142 4618 in
1173 4558 1355 4620 israelitico
1383 4560 1517 4637 populo,
1545 4562 1609 4639 qui·
1626 4579 1716 4626 nunc

919 4654 1092 4731 reputatur
1113 4653 1149 4714 in
1171 4655 1269 4716 saltu.
1292 4658 1415 4717 Verum
1438 4673 1513 4718 cum
1536 4658 1631 4720 multi
1655 4675 1716 4737 per

920 4751 980 4812 Dei
1007 4751 1150 4826 gratiam
1178 4751 1219 4812 ad
1248 4752 1311 4814 boc
1337 4768 1420 4829 opus
1446 4754 1558 4816 idonei
1585 4755 1717 4821 latitent

920 4848 1009 4909 intra
1036 4847 1224 4920 eeclesiam,
1252 4850 1320 4911 otio
1344 4851 1634 4928 contemplationis
1655 4870 1719 4917 va-

921 4947 1046 5015 cantes,
1064 4945 1273 5021 amplexibus
1289 4946 1475 5010 infecundae
1490 4950 1646 5013 Racbelis
1665 4952 1718 5013 vi·

921 5043 1042 5103 dentur
1064 5042 1174 5103 tamen
1194 5042 1348 5105 subtilius
1372 5045 1577 5120 inhaerendo,
1601 5049 1658 5126 qui
1680 5066 1717 5112 se

922 5137 957 5198 in
979 5136 1109 5198 cultura
1133 5137 1314 5199 Dominicae
1337 5139 1445 5202 vineas
1469 5158 1535 5203 non
1555 5147 1718 5206 curarunt

922 5233 1083 5294 haetenus
1098 5248 1266 5306 exercere,
1284 5236 1361 5312 Lyae
1376 5235 1526 5299 fecundae
1547 5239 1605 5300 sed
1618 5239 1717 5317 lippae

923 5371 978 5430 tldc
994 5379 1125 5447 suscepta
1145 5373 1274 5430 ecclesiae
1293 5389 1358 5431 sese
1373 5391 1545 5503 aggregare.
1563 5379 1623 5436 lloc
1636 5378 1716 5437 selu·

924 5451 983 5500 turc
1011 5449 1136 5525 opusflut·
1157 5443 1315 5515 perficeret,
1340 5447 1447 5504 litteras
1490 5463 1555 5504 esce
1584 5458 1719 5521 paternas

923 5528 1042 5573 exarare
1057 5513 1096 5569 illr
1110 5527 1203 5570 visum
1218 5513 1269 5574 fuit
1285 5515 1367 5574 valdo
1381 5525 1582 5590 opportunum.

1543 5714 1578 5771 ΞΒ

1619 262 1831 340 ,εω-
