3774 6186
103 288 164 351 619

145 448 323 518 Praeterea,
340 448 538 526 quicumque
553 448 593 509 de
609 446 820 512 facultatibus
834 450 898 513 sibi

102 546 236 607 collatis
261 561 280 605 a
310 547 378 606 Deo
405 545 563 608 fratribus
593 545 785 608 subvenerit
812 564 900 625 saepe

104 642 213 712 dictis,
226 644 259 703 et
275 642 309 703 in
329 657 443 702 eorum
465 644 579 704 sancta
603 642 810 705 fraternitate
831 648 901 706 sta-

104 740 208 801 tuerit
234 755 269 799 se
298 739 470 815 collegam,
488 740 602 816 eisque
628 740 788 801 beneficia
817 758 898 818 per-

105 836 244 897 solverit
259 838 441 908 annuatim,
464 838 494 897 ei
511 837 550 899 de
562 837 735 899 beatorum
761 841 898 915 aposto·

729 292 959 352 EPISTOLAE.
983 294 1060 353 LIB.
1085 294 1123 351 V.

1690 294 1750 357 oto

1305 482 1398 569 dxc

1032 616 1084 675 Ad
1102 616 1385 689 archiepiscopos,
1403 619 1587 690 episcopos,
1605 616 1667 676 etc.
1704 582 1708 589 Ι

1252 736 1285 791 lo
1297 736 1357 807 jan.
1373 737 1451 793 1111.

1137 848 1273 910 [seeum.
1284 849 1300 898 l.
1312 865 1345 909 1.,
1355 864 1380 913 p.
1392 850 1446 909 aas,
1460 865 1486 900 n.
1499 850 1568 915 aaa]

104 934 212 995 ¹0¹'Uffl
248 935 338 995 Petri
372 935 405 994 θῒ
439 935 534 995 Pfflffi
557 936 755 996 ³¹¹⁰t01'1t3t0
784 936 898 997 00¹¹flssi
952 955 1036 1013 Vetat
1052 953 1153 1012 fratres
1164 954 1272 1011 ordinis
1286 955 1453 1013 flreutonlci
1470 957 1613 1013 molestari
1624 954 1659 1013 de
1671 970 1750 1027 sepe

104 1032 280 1107 septimam
303 1033 430 1108 partem
452 1031 609 1107 injnnctae
630 1033 833 1109 poenitentiae
851 1049 900 1095 re

105 1127 269 1190 laxamus

143 1226 334 1301 Apostolica
358 1242 486 1303 quoque
505 1228 714 1298 auctoritate,
737 1227 778 1288 ob
803 1244 901 1288 reve·

103 1325 248 1384 rentiam
273 1324 378 1399 ipsius
402 1324 603 1385 venerahilis
629 1325 899 1415 1011111111μί-

987 1042 1090 1100 liendis
1116 1042 1315 1113 confratribus,
1344 1043 1380 1101 de
1404 1044 1634 1102 malefactoribus
1650 1038 1746 1116 perse·

990 1132 1121 1203 qucndis,
1142 1132 1177 1189 dc
1192 1134 1384 1206 eleemosynis
1398 1132 1558 1206 querendis
1579 1135 1608 1189 in
1629 1134 1748 1190 aliorum

988 1221 1129 1277 ecclesiia.

994 1329 1160 1389 Honorius
1173 1330 1358 1407 episcopus,
1371 1346 1487 1391 servus
1496 1346 1667 1391 servorum
1677 1330 1748 1401 Dei,

104 1437 189 1507 mus,
213 1424 250 1481 ut
277 1421 334 1491 iis,
356 1422 412 1498 qui
431 1437 545 1481 001111
571 1421 811 1484 fraternitatem
840 1439 899 1483 as·
954 1424 1112 1486 fratribus
1136 1427 1398 1504 archiepiscopis
1416 1428 1449 1489 01
1468 1428 1634 1504 episcopis
1652 1428 1685 1489 et
1699 1426 1752 1487 di-

103 1518 323 1594 sumpserint,
351 1518 379 1577 si
409 1518 521 1578 forsan
551 1519 718 1590 ecclesiae,
745 1518 786 1579 ad
818 1535 900 1594 quas
955 1520 1049 1582 lectis
1063 1521 1142 1582 liliis
1155 1522 1339 1594 abbatibus,
1350 1523 1529 1599 prioribus,
1542 1523 1751 1585 archidiaco-

103 1616 439 1691 perlinent,adivinis
453 1615 899 1677 fuerintofdciisinterdicta
954 1618 1017 1688 nis,
1044 1619 1178 1680 decanis
1194 1623 1226 1681 et
1247 1621 1324 1680 aliis
1351 1621 1569 1681 ecclesiarum
1590 1620 1748 1697 praelatis,

102 1712 261 1789 ipsosque
276 1713 360 1773 mori
385 1713 572 1788 contigerit,
598 1714 769 1790 sepultura
789 1714 899 1774 eccle·
954 1715 995 1775 ad
1011 1731 1093 1793 quos
1108 1717 1225 1778 litterae
1243 1716 1313 1778 istae
1329 1718 1552 1794 pervenerint,
1568 1718 1751 1779 salutemet

102 1810 240 1871 siastica
265 1827 332 1871 non
356 1813 505 1886 negetur,
529 1812 596 1871 nisi
622 1813 900 1873 excommunicati

100 1910 157 1969 vel
182 1909 376 1969 nominatim
397 1908 521 1969 fuerint
541 1908 717 1969 interdicti.
740 1909 900 1969 Volumus

100 2008 227 2076 autem,
252 2006 287 2066 ut
307 2005 406 2066 liceat
426 2006 476 2066 eis
499 2005 682 2066 confratres
704 2022 792 2076 suos,
817 2022 899 2082 quos

99 2104 321 2165 ecclesiarum
335 2103 463 2179 prelati
474 2103 560 2179 apud
572 2104 732 2164 ecclesias
745 2120 824 2164 suas
836 2119 901 2162 ma·

101 2200 216 2261 litiose
231 2217 296 2261 101
311 2201 522 2276 permiserint
534 2201 679 2277 sepeliri,
694 2200 758 2260 nisi
773 2217 902 2261 excom·

102 2298 264 2359 municati
285 2299 336 2359 vel
364 2298 559 2358 nominatim
587 2296 712 2358 fuerint
734 2297 900 2359 interdicti

101 2396 277 2457 autetiam
295 2394 418 2471 publici
442 2396 598 2465 usurarii,
617 2397 827 2456 tumulandos
843 2396 902 2455 de-

104 2494 194 2553 ferre
215 2493 256 2552 ad
281 2491 441 2553 ecclesias
466 2508 543 2552 sucis
569 2494 603 2553 et
626 2492 810 2553 oblationes
833 2494 900 2553 tam

103 2606 165 2667 pro
181 2590 230 2650 eis
245 2606 342 2665 quam
360 2590 514 2665 proeliis,
529 2589 585 2667 qui
601 2589 635 2649 in
649 2605 763 2650 eorum
780 2605 901 2649 creme-

97 2689 200 2749 teriis
210 2688 431 2763 requiescunt,
444 2687 613 2757 exhibitis,
622 2688 695 2747 siue
704 2686 806 2747 alieni
814 2688 900 2763 juris

103 2785 299 2862 prejudicio
314 2786 473 2857 1011101ος
483 2785 545 2845 hoc
559 2786 659 2845 etiam
669 2784 791 2854 addite,
801 2786 899 2844 utre-

102 2887 257 2959 ceplores
286 2882 506 2943 fraternitatis
534 2882 682 2959 ejusdem
711 2897 770 2942 seu
801 2882 900 2943 etiarn

103 2979 332 3043 collectarum.
344 2980 437 3039 salvo
446 2982 522 3056 jure
534 2979 740 3039 dominorum
751 2995 898 3049 suorum,

104 3078 168 3137 sub
181 3077 269 3137 beati
287 3077 374 3137 Petri
386 3078 418 3138 et
431 3079 544 3137 nostra
556 3077 761 3152 protectione
772 3076 902 3136 consis-

103 3178 188 3236 tant.
199 3176 381 3252 AdJicimus
391 3175 536 3250 insuper,
550 3178 597 3240 ut,
610 3173 638 3234 si
648 3174 703 3250 qui
712 3173 900 3235 eorumdem

106 3273 258 3340 fratrum,
282 3273 337 3349 qui
351 3272 391 3331 ad
414 3272 546 3333 easdem
566 3270 791 3332 fraternitates
809 3272 902 3331 missi

106 3369 230 3431 fuerint
242 3370 468 3439 velcollectaS,
485 3369 517 3429 in
529 3368 709 3445 quamlibet
720 3370 900 3439 civitatem,

105 3467 279 3528 castellum
295 3467 346 3526 vel
362 3466 470 3526 vicum
487 3465 695 3535 advenerint,
712 3465 740 3524 si
758 3465 842 3526 forte
858 3465 903 3524 lo·

106 3581 167 3625 cus
183 3566 254 3640 ipse
269 3579 288 3624 a
304 3563 426 3623 divinis
441 3562 541 3624 fuerit
559 3562 677 3623 officiis
695 3562 899 3634 interdictus,

106 3662 140 3721 in
152 3677 267 3722 eorum
279 3661 426 3738 jucundo
440 3660 582 3720 adventu
597 3660 697 3719 semel
710 3661 903 3735 aperiantur

105 3760 258 3821 ecclesiae
274 3758 456 3827 aunuatim,
467 3760 500 3817 et
512 3756 807 3816 excommunicatis
820 3759 904 3832 ejec-

105 3857 149 3918 tis
165 3856 279 3917 divina
299 3855 421 3916 ibidem
443 3854 553 3915 officia
569 3853 786 3922 celebrentur,
810 3854 902 3913 salva

107 3955 141 4015 in
151 3954 304 4014 omnibus
316 3952 514 4028 supradictis
528 3951 752 4012 declaratione
763 3950 902 4010 Concilii

106 4052 285 4129 generalis.

146 4150 196 4211 Ad
230 4153 389 4226 majorem
427 4164 557 4225 quoque
587 4148 707 4209 vestre
740 4146 902 4208 mercedis

105 4244 904 4320 cumulum,nihilominusvobismandandoprae·

103 4346 263 4423 cipimus,
295 4346 458 4421 quatenus
490 4343 576 4403 lianc
604 4346 751 4404 nostram
778 4341 905 4402 consti-

103 4444 268 4505 tutionem
300 4456 359 4517 per
391 4440 568 4517 parochias
598 4442 726 4500 vestras
754 4439 902 4501 nuntiari

102 4540 251 4620 propriis
270 4539 389 4600 litteris
410 4538 551 4599 faciatis.
573 4537 770 4597 blandamus
789 4538 901 4606 etiam,

104 4642 152 4709 nt,
170 4639 197 4698 si
211 4638 266 4714 qui
282 4637 321 4698 de
335 4636 465 4698 clericis
485 4636 703 4696 ecclesiarum
717 4636 903 4696 vestrarum

103 4735 237 4815 praefati
248 4734 430 4811 Hospitalis
440 4733 719 4794 Theutonicorum
733 4731 901 4801 fratribus,

104 4852 182 4897 cum
194 4833 327 4894 licentia
341 4831 470 4908 praelati
481 4831 544 4900 sui,
556 4831 672 4906 sponte
681 4845 720 4889 ac
731 4829 835 4903 gratis
847 4844 905 4904 per

104 4947 232 4995 annum
247 4932 301 4992 vel
314 4929 484 4990 biennium
498 4927 707 4988 decreverint
721 4926 901 4994 deservire,

105 5043 316 5105 nequaquam
332 5026 566 5104 impediantur,
579 5027 612 5085 et
626 5023 759 5086 interim
775 5038 834 5083 sua
850 5022 905 5083 110-

105 5127 229 5189 nelicia
246 5128 280 5186 et
298 5123 541 5186 ecclesiasticos
556 5122 704 5183 redditus
720 5137 785 5181 non
801 5120 902 5182 emit-

103 5228 190 5288 tant.

150 5324 269 5383 Datum
292 5319 458 5391 Laterani,
475 5321 565 5379 xvh
583 5317 716 5378 kalend.
732 5315 902 5386 februarii,

107 5418 320 5499 pontificatus
336 5416 442 5478 nostri
455 5431 543 5477 1110
558 5414 684 5492 quinto.

955 1814 1171 1890 apostolicam
1186 1813 1460 1875 benedictionem.

995 1910 1111 1971 Dilecti
1128 1910 1188 1970 filii
1209 1910 1327 1972 fratres
1340 1912 1520 1988 Hospitalis
1537 1912 1667 1973 Sanctae
1677 1912 1751 1972 Ma-

954 2008 1014 2068 riae
1033 2008 1311 2069 Tlreutonicorum
1329 2010 1635 2085 Hierosolymitani,
1655 2008 1751 2069 nobis

954 2106 1102 2180 graviter
1112 2109 1189 2167 sunt
1202 2107 1385 2184 conquesti,
1401 2106 1486 2183 quod
1496 2122 1555 2167 vos
1568 2105 1755 2179 confratres

956 2216 1033 2261 suos
1047 2204 1080 2262 et
1090 2202 1252 2278 eligentes
1262 2203 1295 2263 in
1306 2219 1421 2263 eorum
1434 2204 1633 2264 coemeteriis
1644 2202 1753 2279 sepul·

954 2300 1063 2359 turam
1092 2298 1133 2359 ab
1162 2301 1243 2377 ipsis
1269 2316 1336 2361 non
1370 2301 1560 2377 permittitis
1593 2300 1752 2362 fratribus

955 2396 1100 2471 sepeliri,
1111 2398 1143 2457 et
1154 2397 1278 2457 eisdem
1290 2396 1449 2458 exhihere
1455 2397 1669 2475 justitiamde
1681 2397 1752 2458 suis

956 2493 1223 2554 malefactoribus
1248 2494 1466 2569 negligentes,
1480 2494 1514 2554 in
1539 2495 1660 2556 vestris
1684 2511 1751 2556 non

955 2590 1106 2667 patimini
1120 2591 1270 2652 ecelesiis
1286 2591 1405 2653 fratres
1422 2592 1511 2668 ipsos
1524 2593 1752 2669 eleemosynas

955 2704 1115 2764 quaerere,
1133 2705 1194 2750 nec
1209 2689 1249 2750 ad
1271 2689 1478 2765 largiendum
1499 2690 1548 2749 013
1563 2691 1636 2766 pias
1662 2690 1752 2750 elee-
1820 2744 1828 2749 .

956 2799 1109 2861 mospnas
1123 2788 1279 2863 populum
1296 2786 1479 2847 exhortari.
1496 2787 1658 2858 Quocirca
1675 2787 1751 2846 uni-

954 2883 1105 2943 versitati
1130 2886 1249 2944 vestrae
1272 2899 1331 2960 per
1356 2883 1545 2960 apostolica
1567 2884 1701 2959 scripta,
1717 2884 1751 2944 iu

954 2978 1077 3040 virtute
1110 2978 1318 3050 obedientiae,
1341 2980 1492 3041 districte
1527 2981 1750 3057 praecipiendo

956 3075 1161 3148 mandamus,
1189 3080 1425 3153 quatenusvos
1449 3078 1512 3153 ipsi
1540 3077 1581 3137 ab
1610 3077 1752 3154 impedi·

956 3173 1075 3233 mentis
1088 3173 1276 3248 hujusmodi
1295 3174 1426 3250 penitus
1438 3174 1607 3235 desistatis
1621 3176 1655 3235 01
1669 3190 1748 3235 ves-

956 3271 1024 3331 tros
1038 3269 1186 3331 subditos
1195 3269 1309 3331 taliter
1323 3285 1566 3347 percensuram
1580 3271 1752 3332 ecclesias·

956 3367 1066 3438 licam,
1075 3367 1441 3446 appellationeremota,
1454 3369 1580 3444 cogatis
1590 3368 1751 3431 desistere

956 3463 997 3526 ab
1010 3465 1145 3533 eisdem,
1163 3466 1247 3543 quod
1269 3466 1348 3526 dicli
1370 3466 1488 3527 fratres
1502 3480 1602 3543 super
1616 3466 1669 3525 his
1684 3482 1750 3526 non

957 3563 1129 3639 possintde
1140 3566 1259 3624 caetero
1267 3563 1443 3639 querelari.
1456 3566 1573 3624 Datum
1582 3562 1749 3635 Laterani,

956 3662 1045 3720 XVII
1061 3659 1128 3721 kal.
1140 3658 1311 3732 februarii,
1325 3659 1535 3737 pontificatus
1544 3662 1649 3723 nostri
1662 3676 1750 3722 anno

956 3757 1081 3833 quinto.

1299 3882 1413 3968 exul

1034 4016 1086 4074 Ad
1099 4017 1382 4088 orclrteptscopos.
1399 4018 1588 4088 episcopos,
1605 4016 1667 4075 etc.

1253 4127 1286 4183 16
1295 4127 1355 4199 jan.
1373 4127 1452 4184 tarr.

1138 4231 1274 4295 [strobile.
1290 4231 1307 4280 l.
1319 4246 1352 4289 0.,
1367 4231 1458 4296 plssl,
1470 4232 1575 4297 1311]

957 4340 1040 4396 Vetat
1061 4338 1193 4411 prelatos
1212 4346 1321 4410 partem
1338 4339 1450 4395 tertiam
1470 4338 1563 4396 ordini
1577 4337 1753 4397 Tlreutonlco

1211 4427 1370 4500 legatarum
1387 4434 1494 4500 petere.

997 4536 1164 4597 Honorius
1175 4535 1361 4612 episcopua,
1372 4551 1488 4597 servus
1499 4538 1751 4609 servorumDei,

957 4631 1203 4694 venerabilibus
1236 4632 1394 4694 fratribus
1427 4632 1688 4710 archiepiscopis
1720 4636 1754 4696 01

957 4730 1133 4806 episcopis,
1151 4732 1183 4790 01
1197 4730 1327 4790 dilectis
1343 4729 1421 4790 filiis
1437 4729 1622 4801 abbatibus,
1637 4731 1754 4806 priori·

957 4825 1029 4899 bus,
1040 4826 1296 4896 archidiaconis,
1306 4826 1441 4887 decanis
1453 4828 1487 4887 01
1503 4826 1580 4886 aliis
1593 4827 1754 4888 ecclesia-

957 4941 1030 4985 rum
1046 4924 1205 5001 praelatis,
1223 4923 1263 4984 ad
1278 4938 1360 5001 quos
1376 4923 1496 4986 litterae
1512 4923 1755 5001 1111111110-

957 5022 1035 5092 rint,
1053 5021 1192 5082 salutem
1204 5022 1236 5082 et
1247 5020 1462 5098 apostolicam
1477 5020 1752 5084 benedictionem.

998 5119 1116 5180 Dilecti
1157 5118 1217 5178 filii
1257 5117 1362 5179 nostri
1406 5116 1528 5178 fratres
1569 5119 1753 5195 Hospitalis

959 5216 1088 5277 Sanctae
1097 5216 1214 5276 hlariae
1224 5214 1503 5276 'theutonicorum
1521 5216 1755 5293 Hierosolymi-

958 5313 1039 5385 tani,
1056 5328 1191 5387 gravem
1205 5315 1320 5374 contra
1335 5328 1394 5374 vos
1409 5312 1443 5373 iu
1459 5313 1626 5374 auditorio
1641 5317 1753 5376 nostro

959 5412 1142 5488 deposuere
1158 5411 1338 5487 querelam,
1352 5410 1437 5488 quod
1454 5426 1513 5472 vos
1529 5411 1660 5471 tertiam
1676 5427 1755 5487 prar-

959 5508 1753 5586 10110011111111111101110310110110101111111,

959 5606 1164 5683 extorquetis
1187 5622 1248 5682 pro
1271 5609 1392 5669 vestrae
1413 5605 1593 5666 voluntatis
1615 5605 1755 5671 arbitrio
