3774 6186
97 296 144 360 us
707 270 936 338 srrsronm.
960 267 1037 327 me.
1062 264 1100 324 v.
1136 344 1137 347 p

939 429 973 490 et
997 421 1108 486 abbati
1121 419 1162 481 de
1174 415 1356 483 rtrmtnte,
1380 407 1574 472 matercien.
1593 383 1746 472 ordinis,

940 523 1131 588 cabilonen.
1150 513 1314 578 dioecesis.

434 454 539 544 XXX

110 670 115 677 .
169 592 221 654 Ad
238 585 534 658 archiepiscopum
551 576 804 639 Dabttaaasem,

356 698 392 756 ii
407 694 520 768 augusti
541 690 620 750 tiso.

138 802 268 870 liticines,
286 798 451 848 llounmenta
472 789 574 842 Hibero.
589 792 615 836 st
628 787 736 841 Seston,
750 796 776 847 p.
791 779 840 844 ll.]

97 900 210 963 daudet
230 905 261 956 ut
279 893 498 970 postulationem
526 886 629 944 iactam
658 898 708 957 per
733 877 889 952 capitulum

163 988 341 1053 Ossorieuse,
355 983 381 1040 si
394 980 533 1039 canonica
551 975 646 1043 luerit,
658 970 817 1031 conllrmet.

135 1097 303 1163 Honorius
337 1091 531 1171 episcopus,
566 1098 683 1146 sersus
718 1090 891 1140 servorum

97 1199 167 1283 pei,
183 1191 368 1258 venerabili
383 1189 479 1250 tratri
482 1228 542 1246 .....
570 1177 765 1244 Dublinensi
779 1173 893 1236 archi-

97 1297 265 1375 episcopo,
283 1286 472 1352 salutemet
493 1279 709 1360 apostolicam
732 1270 891 1336 benedic-

97 1393 233 1457 donem.

137 1492 244 1563 Quum
259 1484 370 1547 dilecti
394 1482 467 1552 lilii,
488 1474 670 1556 capitulum
685 1468 891 1534 Ossoriense

97 1587 174 1650 olim
184 1598 300 1648 eorum
310 1574 595 1643 ecclesiaviduata
604 1572 748 1649 pastore,
756 1564 895 1628 etdilec·

97 1689 165 1753 tum
179 1682 284 1744 lilium
297 1681 334 1740 P.
345 1675 541 1739 canonicum
550 1685 647 1730 suum
658 1668 693 1728 in
703 1665 895 1742 episcopum

97 1779 334 1863 postulassent,
359 1774 430 1836 suis
456 1769 554 1833 nobis
569 1764 689 1829 litteris
703 1761 897 1839 supplican-

97 1884 146 1944 tes
175 1877 350 1945 instanter,
381 1873 417 1934 ut
443 1884 543 1946 quum
558 1881 617 1943 pro
632 1865 706 1942 ipso
723 1872 823 1936 super
837 1857 897 1917 de-

97 1976 186 2040 lectu
213 1973 387 2040 natalium,
417 1968 473 2045 qni
498 1961 680 2026 obsistebat
707 1956 827 2027 eidem,
855 1954 896 2015 de

98 2075 208 2137 soluto
222 2070 335 2147 genito
347 2070 381 2130 et
390 2066 508 2134 soluta,
526 2062 742 2137 dignaremur
758 2051 895 2113 miseri-

99 2170 247 2237 corditer
280 2168 497 2243 dispensare,
535 2158 647 2220 multis
679 2151 897 2216 ecclesiarum

100 2267 262 2348 praelatis,
287 2266 321 2327 et
339 2259 535 2341 quibusdam
553 2256 654 2317 etiam
675 2251 716 2313 de
739 2246 898 2310 tratribus

101 2366 226 2430 nostris
240 2357 504 2440 supplicantibus
520 2356 553 2417 et
567 2349 734 2414 laudabile
747 2345 900 2408 matimo-

102 2467 195 2529 nium
219 2455 470 2540 perhibentibus
493 2468 554 2530 pro
579 2449 706 2518 eodem,
731 2443 899 2520 cumipse

104 2563 262 2627 duximus
289 2551 547 2633 dispensandum
573 2569 581 2609 ε
603 2547 650 2609 ita
673 2549 784 2607 umen
813 2537 899 2617 quod

105 2660 164 2723 illa
188 2658 263 2720 vice
282 2651 537 2733 postulationem
551 2661 618 2708 non
633 2641 796 2720 reciperet
810 2639 850 2700 de
864 2651 900 2698 se

104 2758 239 2821 tactam.
255 2755 369 2829 Nuper
383 2752 493 2810 autem
506 2745 592 2807 idem
608 2739 787 2817 capitulum
803 2735 901 2797 dilec-

104 2859 158 2920 tos
184 2853 271 2915 tilios
297 2847 503 2910 willelmum
527 2837 763 2904 cancellarium
779 2836 812 2895 et
830 2848 902 2893 ma-

103 2953 248 3031 gistrum
276 2951 313 3009 (l.
350 2944 547 3007 canonicum
573 2952 651 3000 suos
683 2933 725 2997 ad
752 2933 901 2993 nostram

107 3047 324 3131 praesentiam
346 3040 560 3111 destinantes,
577 3033 672 3096 nobis
693 3032 814 3093 iterum
827 3028 901 3089 ins-

104 3148 235 3211 tantias
260 3137 502 3221 supplicarunt,
526 3134 564 3198 ut
577 3128 792 3211 postulationi
807 3126 902 3187 tactae

106 3246 149 3309 de
165 3245 250 3322 ipso,
266 3241 321 3304 cui
340 3238 449 3301 adbuc
473 3233 552 3297 totis
573 3227 749 3292 desideriis
765 3224 901 3285 insiste-

106 3344 201 3415 bant,
217 3352 366 3403 annuere
380 3335 604 3413 dignaremur,
620 3342 720 3408 quum
733 3323 905 3388 crederent

107 3454 269 3520 pereum
295 3434 471 3499 ecclesiam
494 3432 600 3508 ipsam
615 3427 650 3489 in
676 3421 905 3503 spiritualibus

108 3540 144 3602 et
159 3534 398 3614 temporalibus
419 3527 653 3608 proiecturam.
669 3525 720 3586 Ne
736 3520 839 3598 igitur
851 3519 906 3580 vi-

109 3636 268 3700 deremur
287 3629 469 3710 proiectum
490 3625 637 3704 ejusdem
651 3620 803 3684 ecclesiae
818 3633 907 3694 prae-

109 3733 240 3814 pedire,
264 3730 319 3792 sel
346 3723 546 3806 promotioni
568 3724 641 3799 ejus
656 3717 828 3785 obsistere,
851 3714 907 3790 qui

112 3831 234 3895 delicta
249 3827 423 3907 parentum
437 3821 611 3884 honestate
628 3817 717 3887 vitae,
731 3829 771 3875 ac
783 3813 907 3874 talento

112 3927 264 3992 scientiae
296 3924 443 3986 creditur
465 3915 679 3980 laudabiliter
704 3910 906 3978 redemisse,

113 4022 317 4090 fraternitati
331 4023 409 4090 tuae,
427 4018 468 4080 de
483 4031 547 4094 qua
569 4013 700 4091 plenam
722 4007 909 4071 obtinemus

113 4121 355 4197 dduciam‚per
364 4113 554 4193 apostolica
564 4110 688 4188 scripta
699 4104 908 4175 mandamus,

115 4222 279 4301 qualorum
293 4229 444 4294 personae
454 4227 494 4273 ac
504 4211 555 4272 rei
567 4203 826 4271 circumstantiis
839 4200 910 4264 cir-

115 4314 326 4393 cumspectis,
356 4308 613 4389 postulationem
648 4304 754 4382 ipsam
782 4299 913 4364 exami-

116 4431 202 4479 nans
237 4410 423 4487 diligenter,
460 4408 489 4467 si
521 4404 606 4466 alias
640 4403 691 4464 est
709 4401 750 4461 de
770 4412 912 4476 persona

117 4512 240 4574 idonea
254 4506 414 4570 canonice
426 4502 603 4573 celebrata,
626 4513 701 4560 eam
715 4495 913 4558 auctoritate

118 4611 233 4672 nostra
248 4604 434 4668 confirmes.
459 4601 578 4663 Datum
597 4595 684 4674 apud
706 4593 827 4656 Urbem
848 4594 914 4652 Ve-

116 4705 294 4776 teremit
309 4702 376 4764 kal.
395 4697 566 4776 septemb,
581 4692 793 4773 pontificatus
808 4688 913 4750 nostri

121 4818 209 4869 anno
221 4802 349 4879 quinto.

122 5029 174 5090 Aa
190 5028 234 5088 N.
251 5023 488 5090 Matiscoaea„
507 5015 663 5078 abbatem
674 5015 716 5072 aa
731 5007 915 5071 Ftrmttata

134 5107 901 5186 astemoe.oratatsaabaoaeastsatoeceso.

175 5286 176 5290 ,
387 5219 424 5277 25
442 5224 555 5292 august.
571 5213 650 5272 libo.

165 5323 286 5386 magnac,
297 5317 343 5369 lib.
354 5317 385 5374 V,
395 5315 470 5381 epist.
483 5313 523 5365 st.
537 5312 644 5389 lisslba
654 5309 731 5360 Porto
740 5304 775 5357 dn
787 5303 881 5365 rhed]

123 5421 225 5480 scribit
235 5427 267 5477 ut
277 5414 490 5476 oestesidoneos
499 5412 528 5467 in
536 5424 624 5469 causa
634 5401 916 5477 Quinqueecclesien.

368 5501 496 5577 episcopi
514 5498 674 5557 admittant.

164 5605 343 5677 Honorius,
358 5604 433 5674 etc..
449 5597 579 5661 dilectis
590 5595 668 5656 tiliis
683 5591 916 5657 Matisconen.,

269 5757 384 5804 naraon.
403 5753 477 5799 ross
496 5739 547 5797 lll.

1646 275 1648 278 <
1671 240 1731 302 ott

981 617 1199 682 Praesentium
1213 610 1308 674 robis
1318 605 1514 669 auctoritate
1528 599 1734 664 mandamus,

942 720 1104 798 quatenus
1128 715 1229 775 testes
1253 710 1401 776 idoneos,
1426 717 1510 780 quos
1532 696 1736 760 venerabilis

942 818 1046 878 irater
1069 813 1181 874 noster
1205 800 1531 883 Quinqueecclesien.
1561 796 1737 874 episcopua

944 928 1045 992 super
1059 911 1156 974 aetate
1185 921 1245 968 sua
1269 901 1404 964 duxerit
1422 894 1660 975 producendos,
1678 907 1736 952 re-

945 1013 1055 1089 cipere
1089 1023 1127 1068 ac
1163 1004 1341 1078 diligenter
1374 995 1569 1060 examinare
1600 990 1735 1059 auretio,

945 1107 1168 1185 depositiones
1185 1102 1332 1179 ipsorum
1348 1094 1443 1157 nobis
1458 1091 1519 1153 sub
1534 1088 1654 1166 sigillis
1667 1103 1739 1149 ves·

945 1207 1008 1269 tris
1028 1204 1174 1265 inclusas
1194 1197 1336 1260 fideliter
1356 1188 1596 1255 transmissuri.
1621 1186 1739 1247 Datum

947 1303 1033 1381 apud
1057 1299 1177 1362 Urbem
1194 1298 1359 1365 Veterem,
1379 1291 1453 1351 Vlll
1478 1287 1638 1348 kalendas
1661 1298 1741 1360 sep-

947 1399 1094 1470 tembris,
1112 1411 1199 1458 anno
1215 1393 1340 1471 quinto.

1270 1551 1416 1640 XXXII

950 1696 1001 1756 Ad
1026 1691 1315 1754 Bartholomaeus
1346 1685 1538 1757 apocopam
1567 1679 1740 1750 Quinque·

1223 1785 1472 1846 ecclesiastcam.

1215 1899 1377 1969 ibaugust.
1400 1892 1478 1950 lbbt).

1051 2009 1179 2075 [Theium.
1190 2006 1301 2056 lienum
1318 2000 1460 2064 ilungariae,
1471 2000 1491 2056 l,
1502 1996 1542 2056 id,
1555 2012 1580 2047 n.
1592 1997 1643 2058 tt]

952 2119 1093 2192 Episcopo
1118 2108 1427 2184 quinquecclesiensi,
1453 2113 1485 2163 ut
1512 2112 1626 2177 propter
1653 2101 1748 2160 etatis

987 2214 1015 2264 et
1040 2204 1166 2262 scientie
1191 2197 1344 2266 delectum,
1364 2195 1550 2269 spiritualium
1576 2205 1675 2249 curam
1697 2205 1750 2264 per

988 2294 1059 2351 alios
1074 2290 1136 2365 geri
1151 2295 1239 2355 curet,
1253 2294 1282 2344 et
1298 2288 1340 2344 sic
1354 2283 1492 2358 proiiciat,
1510 2289 1540 2339 ut
1557 2279 1638 2338 Sedis
1652 2281 1744 2352 Apos-

987 2382 1080 2440 tollae
1094 2379 1217 2452 gratiam
1242 2382 1392 2432 mereatur.
1417 2369 1622 2444 strigoniensis
1648 2366 1744 2426 archi-

988 2471 1140 2543 episcopus
1152 2482 1167 2524 a
1180 2464 1319 2522 beneflcio
1326 2470 1355 2519 et
1364 2459 1460 2519 oiilcio
1467 2457 1659 2533 suspenditur,
1673 2455 1748 2528 quod

989 2556 1356 2616 eumdemconsecraverat.

994 2665 1160 2730 Honorius
1179 2662 1365 2740 episcopus,
1382 2660 1458 2730 etc,
1472 2653 1658 2719 venerabili
1677 2652 1748 2715 tia-

954 2764 997 2827 tri
1001 2806 1061 2825 .....
1091 2762 1247 2839 episcopo
1266 2752 1630 2834 Quinqueecclesiensi,
1656 2748 1749 2813 salu-

955 2864 1037 2933 tem,
1051 2862 1113 2922 etc.
1401 2911 1402 2915 ,

996 2957 1165 3021 Intellecta
1189 2957 1222 3020 te
1250 2955 1285 3018 in
1306 2954 1434 3016 duobus
1460 2953 1528 3030 pati
1553 2947 1748 3018 defectibus,

957 3056 1097 3119 scientia
1121 3055 1249 3116 scilicet
1267 3054 1300 3114 et
1315 3054 1423 3122 aetate,
1442 3048 1637 3110 mandamus
1652 3061 1753 3123 super

958 3156 1055 3218 aetate
1069 3154 1247 3229 diligenter
1258 3149 1384 3227 inquiri
1394 3170 1402 3208 ε
1412 3150 1445 3210 et
1459 3146 1488 3208 si
1503 3149 1536 3207 te
1551 3143 1752 3211 constiterit,

958 3252 1131 3316 electionis
1144 3252 1211 3313 tuae
1223 3251 1381 3324 tempore,
1394 3245 1502 3308 aetatis
1517 3243 1673 3320 legitimas
1687 3256 1753 3302 non

959 3351 1074 3420 luisse,
1090 3346 1249 3427 quidquid
1275 3346 1315 3408 de
1338 3346 1371 3407 te
1385 3342 1508 3405 lactum
1526 3345 1586 3413 est,
1601 3339 1754 3401 volumus

959 3449 1087 3511 irritari
1102 3448 1277 3509 :caeterum
1301 3458 1376 3521 cum
1399 3442 1552 3504 inventus
1576 3438 1634 3509 sis,
1660 3434 1755 3498 sulti-

960 3546 1100 3609 cientem
1117 3559 1183 3604 non
1195 3540 1320 3602 habere
1334 3533 1755 3607 scientiamlitterarum,te

960 3645 996 3704 in
1011 3638 1252 3720 spiritualibus,
1267 3652 1285 3697 a
1302 3634 1542 3714 pontificalium
1557 3632 1754 3695 executione

961 3738 1194 3817 suspendimus
1205 3748 1309 3812 usque
1324 3734 1365 3795 ad
1380 3735 1502 3795 nostran
1512 3729 1757 3806 beneplacitum

961 3835 1142 3898 voluntatis
1153 3855 1160 3892 :
1170 3834 1217 3901 ut,
1226 3831 1255 3891 si
1269 3830 1310 3892 de
1318 3829 1466 3905 legitima
1482 3829 1579 3889 aetate
1588 3825 1757 3890 nocueris,

963 3934 996 3995 et
1022 3931 1132 3992 studio
1159 3929 1380 4005 subsequente
1403 3924 1630 4002 suppleveris,
1661 3935 1757 3999 quem

964 4027 1087 4106 pateris
1095 4027 1131 4087 in
1142 4025 1329 4086 litteratura
1339 4021 1513 4092 deiectum,
1528 4018 1589 4081 tibi
1601 4018 1755 4095 gratiam,

965 4126 1062 4204 prout
1088 4122 1246 4200 expedire
1275 4118 1472 4186 videbimus,
1504 4116 1675 4179 iaciemus.
1707 4114 1757 4177 Ad

966 4224 1075 4285 baec...
1097 4217 1360 4295 strigoniensem
1386 4214 1683 4292 archiepiscopum,
1703 4213 1760 4291 qui

966 4318 1006 4380 ad
1022 4317 1307 4380 confirmationem
1321 4315 1355 4375 et
1373 4311 1656 4374 consecrationem
1668 4311 1759 4374 tuam

967 4417 1080 4477 contra
1105 4411 1273 4489 generalis
1287 4409 1426 4471 concilii
1442 4408 1565 4470 statuta
1586 4407 1758 4484 processit,

967 4512 1115 4590 eJusdem
1131 4508 1269 4570 concilii
1287 4505 1576 4569 animadversione
1592 4504 1759 4583 punimus,

968 4611 1004 4672 nt
1015 4608 1170 4670 videlicet
1184 4620 1249 4667 non
1264 4605 1371 4666 solum
1386 4602 1604 4665 confirmandi
1618 4602 1761 4679 primum

967 4719 1193 4768 successorem
1207 4702 1301 4765 tuum
1320 4703 1432 4763 careat
1450 4700 1622 4777 potestate,
1640 4714 1758 4760 rerum

968 4804 1110 4866 edoma
1138 4800 1349 4878 perceptione
1378 4797 1504 4875 proprii
1531 4794 1685 4858 beneficii
1718 4796 1763 4858 sit

969 4893 1764 4979 suspensusdonec,siaequumlnerltindulgen·
1811 4908 1814 4915 ’

968 5000 1050 5064 tiam
1065 4997 1233 5058 mereatur
1247 4994 1351 5072 ipsius
1367 4992 1519 5055 beneficii
1535 4991 1696 5056 fructibus
1708 4991 1764 5054 in·

969 5097 1067 5158 terim
1079 5096 1114 5156 in
1125 5093 1271 5170 aliquam
1286 5090 1471 5167 addentem
1484 5091 1661 5154 utilitatem
1677 5091 1764 5153 Stri-

970 5192 1140 5272 goniensis
1151 5189 1303 5252 ecclesie
1316 5188 1359 5249 de
1368 5187 1609 5251 venerabilium
1624 5187 1763 5251 fratrum

971 5294 1197 5354 nostrorum...
1225 5286 1481 5364 Vesprimiensis
1503 5290 1572 5349 et...
1591 5286 1763 5363 agriensis

972 5389 1203 5467 episcoporum
1234 5384 1436 5446 conscientia
1464 5386 1497 5446 et
1521 5383 1662 5445 consilio
1685 5398 1767 5446 con-

972 5482 1152 5548 vertendis.
1176 5480 1318 5560 Ideoque
1337 5481 1550 5558 praesentium
1573 5479 1634 5544 tibi
1649 5483 1767 5543 aucto

972 5585 1070 5644 ritate
1093 5580 1308 5659 injungimus,
1334 5581 1495 5657 quatenus
1515 5579 1649 5642 interim
1671 5581 1767 5656 spiri·

1576 5721 1609 5778 ti
