3774 6186
54 289 111 351 tol

55 445 157 508 etiam
179 445 284 518 locus,
300 442 335 505 in
357 458 421 522 quo
436 440 609 516 decedunt,
623 424 724 504 tuerit
744 439 851 503 inter-

54 544 175 615 dictus,
187 542 245 603 sed
255 541 302 604 ita
312 540 347 602 in
363 542 425 603 boo
435 541 513 603 etin
529 539 605 601 aliis
618 539 740 601 statuta
754 536 849 599 Sedis

55 641 255 719 Apostolicae
271 639 400 715 integra
415 639 448 699 et
458 636 585 699 illibata
600 637 750 707 servetis,
761 633 848 713 quod

52 737 186 800 devotio
199 737 309 798 vestra
331 736 436 813 possit
456 736 489 796 et
511 733 630 796 debeat
645 749 710 794 non
726 732 849 794 imme-

55 837 120 898 rito
134 833 370 905 commendari,
382 848 443 894 nec
456 848 516 893 nos
526 831 736 893 inveniamus
749 831 785 891 in
795 845 852 891 ro·

55 933 107 994 bis
136 932 171 993 in
199 931 263 993 bac
288 931 392 1008 parte,
419 929 504 1007 quod
534 930 652 991 merito
682 926 850 1005 corrigere

54 1030 248 1091 debeamus.
256 1030 374 1090 Datum
386 1026 553 1098 Laterani,
561 1041 667 1087 nonas
678 1023 848 1097 lebruarii‚

56 1127 268 1205 pontificatus
283 1125 391 1188 nostri
401 1139 489 1186 anno
504 1123 630 1203 quinto.

408 1383 501 1471 CCL

58 1540 109 1599 Ad
129 1536 338 1614 mestrem
357 1537 391 1597 S.
410 1536 536 1596 Murice
555 1533 850 1595 Tbeutonteorum„

353 1673 456 1732 blebr.
473 1674 553 1733 llil.

206 1784 209 1793 ’
252 1805 534 1874 remetiendum,
550 1804 658 1870 nate]

50 1942 194 2004 'Concedit
202 1941 294 2000 ordini
303 1941 488 2009 theutonico,
498 1947 527 1996 ut
537 1937 712 1997 contratrum
722 1951 853 2010 corpora,

95 2048 146 2106 per
156 2032 289 2104 prelatos
303 2029 338 2087 ab
355 2028 484 2087 ecclesiis
498 2043 597 2086 eorum
612 2024 766 2100 prohibita,
780 2023 855 2099 apud

94 2136 164 2178 suas
178 2120 299 2194 sepelire
309 2118 404 2176 liceat.

99 2255 268 2317 Honorius
279 2254 591 2332 episcopusservus
602 2264 774 2312 servorum
783 2248 853 2323 Dei,

51 2353 191 2415 dilectis
205 2352 283 2413 liliis
297 2352 456 2428 magistro
478 2351 511 2414 et
525 2346 682 2410 iratribus
697 2346 858 2424 Hospita·

61 2451 104 2512 lis
120 2451 250 2511 Sanctae
264 2449 381 2510 Mariae
398 2446 676 2508 Tbeutonicorum
692 2444 855 2506 Hieroso-

54 2547 226 2625 lymitani‚
250 2546 392 2610 salutem
410 2547 444 2607 et
461 2543 679 2621 apostolicam
699 2541 857 2604 benedic-

62 2645 199 2708 tionem.

104 2745 162 2814 Ea,
177 2757 250 2819 quaa
264 2740 358 2803 robis
378 2738 514 2816 superni
529 2737 717 2800 conditoris
735 2736 857 2799 intuitu

62 2840 104 2902 ad
131 2838 360 2916 prosequenda
384 2852 484 2914 opera
509 2837 653 2913 pietatis
670 2833 789 2912 quibus
803 2835 858 2894 in-

57 2937 213 3007 tenditis,
236 2936 391 2997 duximus
406 2933 618 3010 indulgenda,
635 2933 670 2993 iu
689 2946 750 2992 sua
774 2947 857 2993 oon-

62 3035 157 3096 venit
179 3033 335 3095 firmitate
359 3032 548 3110 persistere,
568 3032 616 3103 et,
646 3044 688 3091 ue
710 3030 858 3106 ipsorum

58 3133 245 3193 evacuetur
269 3129 461 3201 auctoritas,
492 3127 608 3190 contra
636 3124 859 3204 quorumlibet

58 3228 340 3290 calumniantium
350 3227 547 3303 pravitatem
560 3224 752 3301 praesidium
764 3221 859 3284 vobis

63 3326 164 3388 debet
188 3324 412 3403 apostolicum
441 3339 507 3384 non
539 3322 667 3384 deesse.
697 3320 859 3393 Quoniam

63 3424 170 3500 igitur
190 3422 323 3500 quidam
338 3422 378 3483 de
397 3421 543 3497 praelatis
563 3419 779 3481 ecclesiarum
800 3433 860 3480 vo·

64 3520 118 3582 bis
133 3521 248 3581 contra
269 3519 434 3580 indultum
456 3517 669 3595 privilegium
691 3515 860 3578 contradi·

64 3619 156 3689 cunt,
178 3632 220 3678 ne
239 3615 423 3678 confratres
446 3617 577 3678 vestros
598 3614 702 3675 libere
726 3613 859 3690 possitis

65 3715 201 3777 tradere
224 3715 414 3793 sepultura,
438 3712 594 3788 prasenti
617 3711 712 3773 robis
738 3711 860 3787 pagina

61 3813 223 3874 duximus
241 3810 497 3881 concedendum,
514 3810 552 3871 ut
564 3808 664 3870 liceat
677 3805 772 3869 vobis
786 3823 861 3868 con-

67 3909 208 3972 fratrum
236 3910 423 3971 vestrorum
455 3921 608 3984 corpora,
633 3920 707 3983 quae
731 3904 860 3982 praelati

65 4007 285 4069 eeclesiarum
308 4005 395 4082 apud
419 4004 579 4067 ecclesias
598 4018 677 4064 suas
696 4002 862 4064 malitiose

67 4120 134 4165 non
155 4104 366 4181 permiserint
387 4101 533 4178 sepeliri,
554 4100 620 4161 nisi
635 4099 862 4161 excommuni-

67 4202 134 4264 cati
158 4201 211 4264 rel
235 4200 430 4262 nominatim
455 4198 580 4260 luerint
605 4196 783 4268 interdicti,
805 4198 863 4259 aut

63 4300 169 4362 etiam
189 4297 319 4375 publice
332 4296 489 4369 usurarii,
504 4295 545 4356 ad
557 4294 718 4356 ecelesias
732 4295 861 4356 vestras

64 4395 266 4458 auctoritate
276 4397 391 4457 nostra
400 4393 595 4456 tumulanda
606 4392 735 4454 deterre
747 4394 780 4454 et
790 4392 863 4453 sine

66 4492 331 4556 contradictione
345 4492 457 4569 aliqua
470 4491 506 4552 in
520 4490 642 4553 vestris
664 4489 863 4552 coemeteriis

68 4591 212 4667 sepelire
236 4592 268 4651 et
287 4590 322 4650 in
346 4589 499 4650 ecclesiis
522 4588 644 4650 vestris
664 4603 724 4664 pro
748 4602 863 4647 eorum

69 4687 245 4750 animabus
274 4688 451 4748 missarum
485 4685 646 4748 solemnia
682 4683 861 4746 celebrare.

69 4785 164 4847 Nulli
185 4800 265 4860 ergo
291 4784 427 4845 omnino
451 4783 623 4844 homiuum
652 4780 753 4843 liceat
778 4781 865 4842 banc

69 4883 227 4961 pagiuam
237 4883 360 4943 nostrae
372 4880 597 4942 concessionis
607 4879 801 4954 intringere,
811 4877 864 4940 vel

67 4980 103 5042 ei
122 4995 207 5041 ausu
225 4979 404 5041 temerario
419 4978 596 5040 contraire.
614 4977 649 5038 Si
664 4977 739 5055 quis
754 4977 864 5039 autem

70 5079 135 5140 boc
147 5078 312 5139 attentare
327 5075 586 5153 presumpserit,
602 5074 864 5150 indignationem

69 5174 308 5252 omnipotentis
322 5175 381 5236 Dei
392 5176 425 5237 et
436 5172 609 5236 beatorum
621 5172 710 5234 Petri
721 5173 755 5234 et
769 5171 865 5233 Pauli

70 5273 297 5352 apostolorum
320 5275 393 5350 ejus
419 5287 456 5334 se
484 5270 615 5333 noverit
640 5270 864 5332 incursurum.

71 5372 190 5433 Datum
214 5370 381 5443 Laterani,
409 5370 507 5432 nonis
530 5368 703 5439 februarii,
727 5365 865 5446 pontiu-

70 5469 167 5529 catus
181 5468 287 5530 nostri
302 5483 391 5531 anno
405 5468 532 5546 quinto.

688 270 915 343 EPISTOLAE.
940 279 1018 341 Lis.
1042 280 1080 339 V.

1244 446 1356 534 dull

1174 588 1227 648 nu
1253 590 1422 649 eumaem.

1198 707 1300 767 tlebr.
1318 710 1397 768 liri.

1102 814 1240 881 [strabun
1254 815 1272 864 l.
1282 829 1315 873 a,
1325 814 1380 873 blo,
1393 829 1419 864 n.
1430 814 1499 878 ibit]

903 921 1037 984 concedit
1049 920 1157 980 ordinis
1169 921 1336 979 ibeutonici
1351 919 1495 990 iratribus,
1505 930 1537 978 ut
1549 921 1584 979 ad
1595 921 1700 996 januas
1725 966 1729 972 -

938 1026 1007 1069 suas
1019 1011 1165 1085 expositos
1175 1010 1221 1067 rel
1236 1017 1319 1067 natos
1333 1024 1438 1083 pueros
1452 1010 1481 1067 in
1496 1010 1573 1084 pelvi
1582 1011 1630 1068 vel
1642 1012 1702 1069 allo

939 1114 1009 1157 vase
1021 1099 1134 1157 modico
1148 1097 1301 1171 baptizent.

944 1215 1112 1279 Honorius
1122 1216 1433 1293 episcopusservus
1444 1230 1616 1277 servorum
1625 1217 1696 1288 Dei,

905 1314 1036 1376 dilectis
1061 1314 1139 1375 liliis
1160 1314 1319 1390 magistro
1338 1314 1372 1375 et
1391 1312 1548 1375 iratribus
1571 1314 1700 1390 Hospi-

904 1412 981 1474 talis
1000 1412 1129 1473 Sanctae
1143 1411 1260 1472 Mariae
1276 1410 1556 1472 Tbeutonicorum
1579 1411 1701 1472 Hiero-

906 1509 1108 1586 solymitani,
1138 1507 1278 1570 salutem
1299 1509 1333 1570 et
1354 1508 1571 1585 apostolicam
1591 1507 1700 1570 bene-

906 1607 1094 1668 dictionem.

946 1705 1016 1767 Etsi
1032 1704 1264 1766 universorum
1272 1704 1380 1780 justas
1395 1718 1509 1780 preces
1527 1703 1702 1765 admittere

907 1802 1097 1874 debeamus,
1111 1817 1169 1863 eos
1191 1803 1302 1862 tamen
1322 1800 1475 1863 volumus
1495 1800 1530 1861 et
1542 1800 1701 1862 debemus

908 1899 1041 1961 lucilius
1056 1898 1228 1970 exaudire,
1245 1897 1300 1975 qui
1319 1897 1380 1958 sub
1395 1897 1567 1973 religionis
1587 1895 1705 1958 obser·
1807 1964 1815 1974 ¹

907 1997 1020 2059 vantia
1035 1995 1186 2058 caritatis
1208 1997 1284 2058 sunt
1298 1996 1331 2057 et
1344 1994 1583 2071 hospitalitatis
1603 1993 1702 2055 obse-

908 2094 985 2170 quio
1010 2094 1169 2171 deputati.
1194 2095 1274 2153 Cum
1300 2093 1403 2168 igitur
1421 2106 1554 2168 pueros,
1577 2091 1634 2169 qui
1658 2089 1701 2152 ad

904 2194 1043 2270 januam
1058 2193 1202 2253 vestram
1215 2189 1327 2251 alendi
1342 2191 1465 2267 saepius
1487 2187 1703 2267 deportantur
1811 2214 1814 2219 ·

907 2288 961 2351 vel
987 2289 1022 2349 in
1046 2290 1159 2351 vestra
1187 2288 1283 2350 domo
1307 2288 1505 2360 nascuntur,
1531 2286 1702 2361 contingat

908 2387 1035 2465 pluries
1053 2387 1126 2447 sine
1148 2384 1357 2463 baptismatis
1376 2384 1585 2446 sacramento
1602 2382 1703 2445 dece-

909 2485 998 2556 dere,
1016 2500 1078 2545 nos
1092 2483 1213 2546 uestris
1228 2483 1331 2560 justis
1351 2480 1629 2559 postulationibus
1648 2481 1705 2541 in-

909 2583 1035 2653 clinati,
1054 2597 1093 2642 ac
1114 2581 1215 2643 tantm
1236 2579 1498 2642 incommoditati
1514 2578 1726 2639 misericor-.

910 2679 995 2741 diter
1015 2678 1190 2756 providere
1205 2678 1364 2749 volentes,
1380 2676 1594 2753 praesentium
1608 2673 1704 2737 vobis
1827 2687 1835 2697 ’

910 2777 1107 2838 auctoritate
1120 2775 1343 2846 concedimus,
1360 2776 1396 2836 ut
1408 2774 1507 2836 liceat
1518 2773 1612 2835 vobis
1628 2788 1705 2849 pue·

911 2890 977 2946 ros,
994 2874 1050 2951 qui
1063 2874 1105 2935 ad
1116 2876 1238 2951 januas
1254 2872 1370 2933 domus
1383 2874 1503 2933 vestrae
1520 2870 1706 2949 proiiciun-

911 2973 965 3034 tur
979 2971 1102 3043 alendi,
1115 2986 1175 3031 seu
1187 2969 1307 3031 ibidem
1322 2971 1516 3040 nascuntur,
1528 2984 1629 3029 causa
1650 2983 1706 3029 ne-

911 3069 1089 3139 cessitatis,
1103 3069 1176 3129 sine
1191 3067 1334 3143 alicujus
1350 3066 1602 3143 praejudicium
1619 3064 1706 3142 pelvi

912 3167 965 3230 rel
983 3166 1051 3227 alio
1064 3180 1145 3227 vase
1168 3164 1298 3226 modico
1318 3163 1499 3240 baptizare.
1513 3162 1605 3223 Nulli
1624 3177 1705 3237 ergo

912 3264 1047 3326 omnino
1063 3261 1232 3324 bominum
1248 3261 1348 3323 liceat
1360 3260 1447 3322 banc
1457 3260 1612 3337 paginam
1626 3275 1707 3320 nos·

912 3364 973 3424 tras
988 3359 1215 3423 concessionis
1232 3358 1427 3435 intringere,
1438 3357 1491 3418 vel
1507 3357 1539 3418 ei
1555 3372 1640 3417 ausu
1654 3358 1707 3418 te-

913 3459 1057 3521 merario
1081 3457 1259 3520 contraire.
1281 3456 1318 3517 Si
1337 3456 1416 3532 ouis
1439 3456 1549 3516 autem
1571 3454 1633 3515 boc
1654 3454 1709 3514 at-

913 3560 1042 3620 tentare
1057 3554 1316 3634 presumpserit,
1328 3552 1590 3629 indignationem
1606 3551 1708 3613 omni·

913 3653 1056 3730 potentis
1087 3651 1146 3714 Dei
1168 3654 1201 3714 et
1226 3651 1397 3715 beatorum
1424 3649 1515 3711 Petri
1542 3650 1577 3710 et
1608 3648 1707 3709 Pauli

914 3749 1138 3828 apostolorum
1168 3750 1241 3825 eius
1264 3763 1300 3810 se
1329 3747 1459 3809 noverit
1479 3747 1704 3807 incursurum.

914 3849 1032 3909 Datum
1057 3846 1225 3918 Laterani,
1253 3846 1351 3906 nonis
1376 3843 1547 3916 februarii,
1569 3842 1707 3920 pontill-

915 3948 1009 4007 catus
1023 3944 1128 4006 nostri
1143 3958 1231 4006 anno
1246 3943 1373 4021 quinto.

1243 4154 1375 4242 ocull

1191 4292 1244 4351 Ad
1258 4292 1428 4351 eumdem.

1211 4400 1314 4460 diebr.
1331 4402 1411 4460 litt.

1096 4509 1230 4576 [Streblke
1243 4509 1262 4558 l.
1274 4523 1306 4567 a,
1319 4523 1345 4573 p.
1356 4508 1411 4565 til,
1426 4521 1452 4557 n.
1465 4505 1533 4572 tul]

917 4613 1000 4671 Vetat
1015 4607 1107 4667 ordini
1120 4608 1296 4666 Tbeutonioo
1307 4607 1472 4665 exactiones
1486 4621 1538 4679 pro
1552 4620 1710 4675 murorum,

936 4698 1074 4773 pontium,
1084 4698 1222 4756 vallorum
1236 4696 1427 4769 reparatione,
1437 4695 1559 4764 ceteris,
1572 4696 1690 4767 imponi.

957 4815 1125 4879 Honorius
1134 4813 1320 4891 episcopus,
1328 4827 1444 4873 servus
1454 4826 1627 4872 servorum
1636 4811 1706 4879 Dei,

918 4914 1048 4977 dilectis
1063 4912 1179 4973 tiliis...
1194 4910 1354 4985 magistro
1370 4911 1403 4970 et
1423 4907 1581 4970 iratribus
1596 4909 1712 4986 Hospi-

917 5011 996 5074 talis
1011 5009 1141 5071 Sanctae
1157 5007 1273 5068 Mariae
1292 5005 1572 5066 Tbeutonicorum
1590 5006 1712 5066 Hiero-

920 5106 1122 5186 solymitani,
1135 5104 1274 5166 salutem
1287 5105 1321 5166 et
1332 5103 1549 5181 apostolicam
1559 5102 1712 5164 benedic·

920 5207 1055 5268 tionem.

959 5301 1063 5366 iustis
1087 5299 1269 5378 petentium
1300 5296 1476 5360 desideriis
1500 5296 1636 5373 dignum
1665 5297 1716 5358 est

920 5416 981 5462 nos
991 5398 1123 5461 facilem
1136 5396 1284 5476 praebere
1293 5410 1493 5458 consensum
1501 5395 1534 5456 et
1544 5396 1714 5470 votaque)

922 5514 941 5560 a
967 5495 1108 5559 rationis
1133 5495 1267 5558 tramite
1290 5509 1357 5556 non
1372 5491 1574 5563 discordant,
1593 5490 1715 5553 ellectu

919 5593 1141 5674 prosequente
1151 5591 1328 5668 complere.
1345 5590 1539 5667 Eapropter,
1556 5588 1666 5650 dilecti
1681 5588 1715 5649 in
