3774 6186
85 291 148 354 160
702 296 928 356 epistota.
952 298 1029 357 nte.
1055 299 1109 358 111.
1676 303 1733 362 lto

85 451 237 515 ecclesiae
260 452 373 515 Sancti
388 453 490 525 Petri,
507 453 689 540 Leopardo,
712 454 880 526 Obertlno,
937 469 1050 516 eornm
1062 457 1280 532 pertinentiis,
1297 461 1404 536 posita
1416 461 1450 521 in
1462 462 1619 523 comitatu
1633 463 1732 523 Aimi-

85 552 116 611 et
129 550 438 627 Ubertogermanis,
449 550 588 612 Andreae
602 553 635 613 et
648 553 745 614 Petro
756 567 882 629 genna·
936 568 1033 614 mano
1042 555 1128 628 juris
1141 558 1264 617 sanctae
1279 558 1446 629 Romanae,
1460 558 1731 621 cniDeoanctore

85 648 156 717 nis,
191 647 362 724 Raynaldo
386 649 419 709 et
450 647 576 724 Angelo
611 648 754 710 dominis
780 650 880 710 castri
936 649 1152 723 deservimus,
1171 652 1339 714 Ecclesiae.
1365 656 1434 716 Nos
1454 656 1564 731 itaque
1578 655 1731 717 inclinati

85 745 208 806 montis
235 745 348 806 Sancti
375 745 464 807 Petri
492 761 672 822 eorumque
694 746 880 807 haeredibus
936 747 1088 822 precibus
1113 750 1233 810 vestris
1270 766 1329 825 per
1361 751 1548 827 hujusmodi
1574 752 1730 829 praecepti

85 842 243 904 acclesiae
259 842 589 913 Romanaelldelibus,
606 844 758 914 salutem,
775 847 838 904 etc.
935 841 1054 901 seriem
1076 843 1281 903 nominatum
1307 844 1444 905 lundum
1467 847 1676 907 catinianum
1689 846 1729 909 ,in

125 942 345 1002 sacrosancta
364 942 513 1001 Romana
535 941 693 1011 Ecclesia,
723 940 777 1002 cui
803 940 880 1001 licet
935 937 1110 1013 integrum,
1127 940 1162 999 in
1176 956 1239 1016 qno
1251 943 1301 1002 est
1315 943 1496 1003 oratorium
1515 944 1626 1004 Sancti
1640 943 1729 1005 Petri

85 1035 255 1108 immeriti,
271 1038 406 1098 auctore
416 1038 565 1107 Domino,
581 1037 806 1114 praesidemus,
828 1037 880 1098 de
934 1036 967 1095 et
980 1035 1152 1096 castellum
1167 1037 1325 1099 novitera
1338 1039 1432 1101 vohis
1447 1042 1684 1113 constructum,
1698 1042 1732 1101 et

85 1135 252 1194 votionem
274 1134 419 1195 ildelium
445 1150 582 1196 suorum
594 1136 627 1197 et
647 1134 788 1210 henigne
803 1150 878 1195 am·
934 1132 1035 1192 totam
1045 1134 1188 1195 vestram
1204 1136 1388 1210 portionem
1401 1137 1441 1197 de
1450 1134 1550 1197 fundo
1567 1139 1728 1213 Pupieno,

85 1230 251 1308 plectitur,
268 1234 302 1292 et
310 1246 384 1291 eam
399 1231 507 1306 dignis
518 1232 709 1293 meritorum
722 1232 877 1308 praemiis,
935 1229 1084 1305 utsupra
1100 1230 1232 1306 legitur,
1248 1248 1267 1292 a
1285 1228 1443 1309 praesenti
1459 1234 1640 1295 indictione
1655 1235 1729 1296 die-

85 1328 121 1389 at
140 1327 183 1389 de
211 1328 265 1389 die
285 1327 319 1388 in
332 1328 418 1389 diem
434 1331 562 1391 crescat
576 1346 610 1389 m
626 1328 744 1391 melius
760 1319 879 1406 optatis
934 1324 995 1386 bus
1010 1327 1087 1387 vitae
1102 1331 1221 1390 vestrae
1235 1328 1328 1390 vobis
1352 1331 1563 1391 concedimus
1580 1331 1731 1393 detinen-

85 1423 311 1495 incrementis,
335 1424 466 1486 attollit.
496 1426 686 1501 Eapropter,
714 1424 827 1486 dilecti
846 1424 879 1486 in
935 1421 1011 1482 dum
1027 1444 1033 1482 ε
1050 1424 1097 1485 ita
1108 1440 1188 1486 sane
1201 1428 1238 1486 ut
1249 1442 1269 1487 a
1281 1427 1374 1487 vobis
1389 1428 1529 1503 singulis
1545 1428 1729 1506 quibusque

85 1521 225 1581 Domino
249 1520 321 1592 lilii,
341 1522 461 1582 vestris
482 1521 583 1598 justis
603 1520 880 1598 postulationibus
935 1517 1171 1583 indictionibus
1196 1524 1364 1598 pensionis
1389 1525 1522 1585 nomine
1545 1525 1730 1586 rationibus

85 1618 179 1693 grato
208 1619 444 1679 concurrentes
472 1634 622 1689 assensu,
646 1617 686 1679 ad
711 1618 881 1695 exemplar
935 1615 1181 1689 ecclesiasticis,
1199 1619 1371 1680 duodecim
1385 1621 1512 1681 denarii
1535 1622 1728 1698 Papienses,

85 1714 192 1775 leticie
213 1715 453 1776 recordationis
469 1715 625 1777 celestini
643 1717 677 1777 et
696 1716 880 1776 innocentii
935 1712 1128 1774 difficultate
1143 1716 1335 1792 postposita,
1354 1718 1594 1793 persolvantur,
1615 1718 1729 1780 nulla,

85 1813 308 1873 Romanorum
348 1812 557 1889 pontificum,
596 1812 880 1889 praedecessorum
936 1824 999 1885 que
1013 1811 1054 1870 ad
1069 1811 1211 1873 dandam
1234 1829 1379 1874 annuam
1392 1815 1730 1890 pensionemavobis

85 1912 283 1982 nostrorum,
296 1910 519 1982 donationem,
533 1926 631 1989 quarn
642 1909 750 1971 felicis
763 1924 879 1991 recor·
935 1922 1028 1967 mora
1043 1911 1227 1984 proveniat,
1240 1911 1295 1971 sed
1307 1912 1393 1973 ultro
1406 1913 1599 1973 actionariis
1607 1915 1730 1974 sanctae

85 2005 228 2069 dationis
242 2007 438 2069 Benedictus
453 2023 549 2084 papa,
562 2007 785 2084 praedecessor
801 1994 882 2067 nos·
935 2006 1056 2065 nostrae
1077 2007 1228 2068 ecclesiae
1250 2009 1326 2084 apto
1347 2011 1495 2085 tempore
1511 2009 1728 2086 persolvatur.

85 2105 141 2176 ter,
159 2104 203 2165 de
217 2106 326 2166 castro
337 2106 458 2166 Montis
472 2105 584 2167 Sancti
597 2105 686 2166 Petri
701 2104 882 2181 praedeces·
935 2102 1000 2161 Vos
1022 2105 1144 2171 autem,
1168 2104 1238 2164 sive
1264 2105 1320 2181 qui
1343 2108 1522 2182 praesentes
1547 2107 1638 2177 estis,
1660 2108 1731 2167 sive

85 2202 215 2263 toribus
231 2203 349 2264 vestris
365 2202 485 2262 iecisse
507 2202 712 2278 dignoscitur
723 2202 880 2263 lldelitate
936 2197 1036 2258 futuri
1048 2202 1116 2259 tam
1132 2200 1193 2260 filii
1208 2218 1305 2277 quam
1322 2206 1458 2278 nepotes
1474 2203 1593 2273 vestri,
1622 2202 1730 2264 fideli·

85 2301 216 2376 ecepta
240 2315 259 2359 a
283 2299 425 2360 dominis
451 2300 556 2377 ipsius
578 2299 690 2372 castri,
720 2299 776 2376 qui
800 2302 879 2361 tnnc
933 2294 1032 2354 tatem
1049 2298 1247 2356 sacramenti
1268 2296 1450 2374 (fidelitatis
1470 2300 1728 2378 sacramentum)

85 2397 243 2472 ‘emporis
265 2401 371 2467 erant,
389 2397 474 2458 sicut
488 2396 522 2457 in
538 2396 713 2472 privilegio
732 2397 878 2473 eJnsdem
934 2392 1056 2452 sanciae
1064 2393 1221 2454 Romanae
1230 2394 1387 2456 Ecclesiae
1396 2396 1429 2456 ei
1439 2395 1533 2456 nobis
1543 2397 1730 2473 nostrisque

85 2494 254 2556 tenedlcti
275 2495 530 2571 predecessoris
551 2495 657 2557 nostri
676 2495 877 2564 continetur,
934 2489 1182 2550 81100θὸ3ῡῖἰῦὓὸ
1203 2490 1389 2565 Ρΐθθῦθὸῑίὓ,
1410 2495 1442 2553 el
1455 2509 1623 2570 nunquam
1637 2493 1730 2554 vobis

85 2590 410 2654 ›atamhabemuset
426 2592 712 2654 camauctoritatc
736 2593 878 2668 Aposto—
932 2584 985 2644 vel
1018 2587 1265 2647 successoribus
1303 2590 1446 2660 nostris,
1479 2591 1538 2651 aut
1571 2593 1729 2651 Romanae

87 2689 144 2750 ica
159 2688 440 2751 confirmamuset
453 2690 626 2765 praesentis
639 2689 755 2765 scripti
768 2691 880 2766 patro-
934 2681 1089 2744 Ecclesiae
1118 2684 1235 2760 legatis
1257 2687 1530 2762 ltraess0ffliss³tum
1555 2688 1728 2760 castellum
1785 2690 1789 2698 ’

85 2786 168 2847 :inio
208 2787 460 2846 communimus,
497 2785 544 2847 Ad
574 2789 732 2863 majorem
768 2788 878 2847 autem
935 2780 1042 2840 sancti
1057 2781 1146 2841 Petri
1171 2782 1398 2844 contradicere
1423 2784 1477 2844 vel
1502 2784 1677 2860 denegare,
1700 2786 1730 2846 Si

85 2883 282 2945 evidentiam
311 2883 389 2944 lacti
412 2883 503 2943 illius
523 2883 689 2960 privilegii
716 2885 875 2954 tenorem,
934 2878 1063 2953 quando
1088 2894 1107 2939 a
1132 2879 1225 2939 vobis
1258 2881 1475 2958 requisierint
1500 2899 1558 2960 pro
1586 2884 1728 2945 utilitate

85 2980 166 3041 licut
194 2980 226 3041 in
255 2980 377 3057 scripto
406 2981 555 3056 praedicti
582 2980 765 3041 innocentii
785 2996 877 3057 papae
934 2975 1090 3036 Romanae
1127 2976 1294 3044 Ecclesiae,
1330 2980 1551 3054 presumatis.
1583 2981 1618 3041 Si
1653 2982 1727 3058 quis

85 3078 336 3153 praedecessoris
349 3077 453 3138 nostri
462 3078 659 3149 continetur,
673 3077 713 3138 de
726 3076 825 3139 verbo
836 3078 878 3137 ad
932 3073 1044 3132 aulem
1052 3074 1196 3133 vestrum
1212 3088 1262 3142 aa,
1277 3091 1350 3150 quae
1372 3075 1538 3146 duximus,
1555 3076 1727 3139 observari

85 3174 218 3236 verbum
233 3175 387 3235 duximus
401 3174 663 3251 exprimendum.
932 3169 1177 3245 contempserit,
1195 3171 1228 3231 et
1243 3186 1309 3231 non
1324 3173 1446 3243 omnia,
1462 3175 1548 3234 sicut
1559 3178 1727 3250 praetaxa-

116 3271 318 3332 Benedictus
346 3273 531 3348 episcopus,
559 3286 876 3333 servus¹serv0rum
932 3265 1049 3336 vimus,
1072 3265 1213 3328 fideliter
1236 3267 1433 3343 impleverit,
1462 3271 1637 3331 statuimus
1657 3271 1728 3334 iore

85 3368 149 3430 pei.
170 3371 251 3430 Aeto
266 3369 299 3430 et
311 3368 446 3430 ilberto
461 3384 501 3430 ac
515 3369 675 3430 Donnello
694 3370 874 3444 germanis,
932 3361 1111 3423 invalidam
1126 3363 1211 3425 hanc
1223 3367 1368 3425 nostram
1382 3367 1638 3443 perceptionem.
1648 3372 1728 3431 Post

85 3468 188 3527 Bon...
214 3468 313 3543 atque
336 3467 465 3533 Guisl...
488 3466 668 3541 germanis,
689 3466 823 3528 alberto
844 3470 878 3529 et
931 3461 1076 3521 vestrum
1088 3477 1167 3523 vero
1187 3461 1311 3523 obitum
1328 3467 1509 3527 memorata
1525 3467 1635 3526 omnia
1651 3483 1726 3529 cum

85 3564 160 3638 lngo
172 3562 504 3639 germanis,J0hanni
514 3562 690 3624 seuAttoni
701 3565 875 3639 etPagano
931 3557 1001 3616 suis
1015 3557 1168 3618 omnibus
1182 3559 1471 3622 meliorationibus
1479 3562 1520 3622 ad
1530 3566 1586 3640 jus
1602 3569 1727 3626 sauciae

85 3661 148 3721 aive
163 3661 314 3720 Bonanto
330 3660 509 3736 germanis,
533 3661 719 3738 vestrisque
741 3661 819 3721 tiliis
836 3678 876 3723 ac
930 3658 1063 3726 nostrie,
1079 3658 1173 3732 cujus
1184 3657 1234 3717 esi
1247 3658 1442 3733 amittetis,
1455 3660 1605 3722 ecclesiae
1619 3662 1725 3722 modis

85 3757 255 3834 nepotibus
277 3757 445 3817 masculis.
474 3757 632 3830 Quotiens
656 3773 676 3827 a
704 3757 799 3819 nobis
817 3759 876 3820 illa
931 3751 1083 3811 Omnibus
1097 3754 1336 3814 restaurentur.

85 3854 179 3916 bitini
199 3857 386 3931 sperantur,
404 3870 476 3931 quae
499 3855 620 3916 rationi
644 3855 876 3916 incunctanter
972 3849 1136 3924 Scriptum
1150 3866 1208 3926 per
1222 3867 1356 3911 manum
1370 3853 1541 3915 Octaviani
1557 3856 1726 3919 scriniarii

85 3952 290 4019 pinventum,
310 3952 421 4013 animo
442 3968 501 4012 nos
516 3950 610 4012 decet
624 3951 740 4013 libenti
754 3968 875 4014 0011oe-
930 3945 963 4005 et
976 3946 1098 4005 notarii
1115 3951 1238 4009 sanctae
1252 3949 1409 4010 Romanae
1425 3950 1592 4023 Ecclesiae,
1611 3953 1733 4015 indic--

85 4047 166 4120 iere,
181 4049 215 4109 et
229 4049 409 4124 petentium
422 4048 596 4109 desideriis
619 4065 802 4125 congruum
811 4051 876 4111 im·
929 4041 1019 4103 lione
1035 4042 1314 4104 X1·Benevalete.

85 4146 193 4221 partiri
207 4145 403 4222 suffragium
418 4147 536 4222 :atque
546 4145 621 4206 ideo
630 4148 719 4223 juste
732 4152 765 4208 et
777 4148 876 4208 ratio-
968 4137 1086 4198 Datum
1100 4139 1254 4201 Laterani
1266 4142 1325 4201 Vll
1336 4140 1496 4204 kalendas
1516 4144 1632 4221 aprilis
1648 4162 1726 4224 pon·

85 4241 235 4303 nabiliter
261 4243 425 4319 petistisa
446 4241 552 4312 nobis.
581 4245 617 4304 ut
642 4258 703 4319 per
719 4245 874 4322 precepti
930 4234 1074 4296 lificaius
1088 4236 1193 4296 nostri
1209 4251 1297 4297 anno
1312 4239 1420 4299 lartio.

85 4340 245 4416 paginam,
262 4356 336 4416 quae
350 4340 427 4400 ante
442 4339 642 4412 detinuistis,
653 4339 746 4400 vobis
762 4357 876 4403 conce·

85 4434 231 4499 teremus
245 4437 344 4512 atque
357 4434 645 4508 confirmaremus,
655 4435 791 4497 fundum
807 4437 874 4498 soi·
1280 4398 1375 4484 CLX

85 4532 152 4596 icet
163 4533 374 4594 catinianum
388 4533 565 4609 integrum,
582 4533 617 4593 in
630 4549 695 4610 qno
707 4535 758 4595 est
769 4537 875 4595 orato
904 4610 905 4614 Ἰ
1218 4523 1270 4581 Ad
1285 4524 1431 4584 widem·

85 4630 161 4692 ium
188 4630 303 4690 Sancti
330 4630 420 4691 Petri
450 4631 483 4691 et
501 4630 673 4691 castellum
701 4630 831 4692 noviter
854 4647 873 4692 a
1206 4632 1240 4688 27
1261 4642 1342 4691 mart.
1366 4635 1444 4692 tila.

85 4727 168 4789 ’obis
181 4728 406 4788 constructum
422 4744 429 4782 ι
446 4742 465 4787 a
481 4730 574 4803 cujus
591 4728 693 4788 latere
705 4727 811 4803 primo
825 4719 874 4790 est
951 4735 1154 4801 [violaceum.
1168 4737 1693 4810 dipl.dominiitempomlis,1,to‚n.7a.]

87 4826 123 4886 ia
150 4824 290 4884 sinistra
308 4839 328 4883 a
356 4824 439 4900 pede
464 4823 663 4896 Montlcelli,
689 4840 761 4903 quaa
783 4824 875 4886 vadit
929 4835 1054 4902 Eisdem,
1068 4843 1206 4893 utcontra
1221 4837 1434 4894 molestationes
1451 4840 1478 4894 in
1493 4855 1546 4895 suo
1561 4839 1722 4916 iendopos·

85 4936 179 4998 sque
192 4920 234 4980 ad
250 4921 380 4981 Petram
395 4921 534 4994 siccam;
562 4936 582 4981 a
606 4921 750 4982 secundo
770 4920 873 4983 latere
963 4923 1082 4980 sidendo
1094 4938 1189 4981 eorem
1200 4926 1336 4998 episcopo
1347 4927 1391 4983 vel
1404 4935 1543 4999 potestate
1554 4931 1722 4993 auximanis

90 5019 141 5090 ia,
155 5034 231 5094 quae
246 5016 489 5090 vaditsursnm,
507 5020 540 5078 et
554 5019 669 5094 postea
684 5018 805 5094 accipit
825 5020 874 5080 si·
963 5025 1050 5084 igere
1065 5012 1183 5084 limini·

85 5117 215 5177 ,istram
231 5114 330 5185 viam,
342 5130 415 5192 quae
424 5116 540 5190 pergat
550 5129 652 5205 usque
662 5114 703 5174 ad
715 5131 889 5185 cacumen,
968 5121 1145 5192 Honorius,
1162 5125 1237 5188 etc..
1254 5120 1389 5184 dilectis.
1405 5124 1520 5187 liliis...
1541 5129 1645 5203 priori
1666 5148 1723 5192 eo-

85 5213 261 5282 nontinm,
299 5212 334 5271 in
375 5227 438 5289 qno
467 5214 519 5273 est
549 5212 731 5273 oratorium
758 5214 872 5274 Sancti
927 5218 1037 5278 clasiae
1067 5219 1179 5279 Sancti
1206 5218 1311 5292 Petri,
1344 5221 1500 5292 iohanni,
1539 5226 1719 5302 Leopardo‚

85 5309 165 5369 ‘etri
183 5330 190 5367 :
206 5313 240 5368 et
265 5307 375 5369 omnia
403 5307 491 5369 inira
516 5307 579 5368 ista
607 5307 712 5369 latera
736 5309 871 5371 concedi
927 5313 1083 5374 Obertino
1111 5318 1144 5375 et
1167 5315 1314 5378 Huberto
1334 5320 1722 5392 germaniciensem

85 5406 168 5466 robis
193 5405 385 5482 postulastis
399 5405 435 5466 in
454 5405 630 5482 integrum,
646 5407 746 5481 atque
769 5407 871 5468 totam
927 5413 1025 5471 Petro
1040 5412 1219 5486 germanis,
1239 5415 1412 5489 Raynaldo
1427 5419 1460 5476 et
1475 5418 1600 5490 angelo
1615 5419 1724 5482 domi-

85 5504 260 5576 ›ortionem
277 5505 418 5564 vestram
441 5501 481 5564 de
505 5502 605 5563 lundo
628 5504 778 5581 Pupieno
797 5520 869 5565 cnm
930 5509 981 5567 nis
997 5508 1098 5570 castri
1111 5510 1232 5569 montis
1248 5511 1359 5572 Sancti
1376 5513 1476 5581 Petri,
1488 5513 1640 5583 salutem,
1657 5523 1719 5580 etc.

85 5601 260 5663 :cluniset
291 5599 515 5678 pensionibus,
552 5603 585 5662 et
613 5616 686 5663 cum
720 5600 871 5664 omnibus
970 5604 1240 5680 significantibus
1259 5607 1352 5669 vobis
1370 5608 1410 5671 ad
1424 5609 1626 5674 audientiam
1640 5632 1721 5678 nos-
