3824 6180
132 112 170 175 51
747 109 923 170 HONORII
944 110 990 170 111
1012 110 1160 170 OPERA.
1739 116 1778 175 52

132 274 214 350 pant
237 273 271 334 et
294 286 454 334 nauseam
489 269 740 335 transeuntibus
767 268 923 342 inferant,
981 268 1290 331 communicationis
1298 270 1332 331 et
1340 268 1778 349 interdictisententiaspro·

132 370 204 446 ipse
224 367 336 431 habito
348 367 547 445 prudentum
558 367 707 429 uirorum
722 367 873 437 consilio,
887 382 928 428 ac
982 368 1146 444 mulgatas
1159 366 1194 428 in
1206 365 1308 444 ipsos,
1318 382 1438 444 proeo,
1448 367 1535 444 quod
1545 369 1777 432 resistentibus

132 466 311 536 intellecto,
330 465 416 543 qued
440 481 499 543 per
526 465 648 527 fratres
674 465 801 527 ordinis
825 464 926 526 vestri
982 464 1069 542 parti
1090 464 1203 541 Regia
1231 466 1346 526 contra
1362 463 1618 541 prohibitionem
1638 471 1780 543 Aposto-

132 563 252 624 melius
266 579 364 639 quam
387 578 448 638 per
473 562 558 624 alios
574 564 687 640 posset
700 578 740 623 ac
755 563 926 624 honestius
980 561 1091 635 licam,
1106 562 1329 634 adhaeserunt,
1345 563 1419 624 vice
1431 565 1557 634 nostra,
1572 564 1702 626 subiato
1715 582 1778 642 ap-

132 660 324 731 relormari,
350 660 543 737 saepefatum
567 660 804 722 monasterium
832 658 926 721 vobis
981 660 1172 736 pellationis
1182 659 1353 721 obstaculo
1363 660 1534 733 relaxatis,
1549 663 1582 723 et
1594 662 1779 739 injungatis

131 757 379 820 reformandum
410 757 592 830 commisit,
622 759 715 820 salvo
752 759 863 820 tanmn
891 758 926 818 in
981 757 1105 817 eisdem
1132 756 1193 817 sub
1215 757 1324 818 debito
1347 758 1496 833 praestito
1517 761 1721 835 juramento,
1746 764 1781 824 ut

131 854 284 916 omnibus
297 859 373 930 jure
397 857 430 918 et
454 856 656 933 proprietate
680 858 838 918 Romanae
861 857 926 916 Ec-
981 856 1096 915 contra
1105 854 1361 931 prohibitionem
1375 856 1523 917 nostram
1539 857 1591 917 vel
1607 872 1780 918 successo-

130 951 253 1025 clesiae,
276 952 317 1013 ad
344 969 443 1030 quam
479 954 629 1016 noscitur
653 953 831 1030 pertinere.
858 955 926 1014 Nos
981 967 1054 1012 rum
1070 953 1585 1030 nostrorum,nullipraesumant
1603 953 1780 1017 decaetero

131 1050 235 1126 igitur
247 1051 336 1128 piam
349 1051 684 1128 intentionemipsius
702 1050 849 1128 episcopi
870 1051 926 1112 at·
981 1047 1166 1120 adbaerere,
1184 1049 1286 1110 salvis
1303 1048 1381 1111 aliis
1403 1050 1579 1122 mandatis,
1596 1067 1670 1127 quae
1699 1052 1780 1129 ipsis

130 1147 315 1221 tendentes,
327 1149 576 1211 considerantes
584 1149 696 1220 etiam,
706 1148 792 1226 quod
810 1148 927 1210 adhoc
982 1148 1116 1222 propter
1127 1147 1192 1208 boc
1205 1146 1399 1208 duxerimus
1413 1147 1613 1209 iaciendaad
1627 1149 1691 1210 boc
1704 1148 1780 1209 tide-

130 1245 318 1307 soilicitudo
332 1247 443 1307 vestra
456 1246 637 1323 potestnon
657 1246 822 1308 modicum
836 1247 928 1309 exis·
982 1243 1085 1305 litatis
1107 1246 1298 1320 juramenta
1324 1243 1496 1321 recipiatis
1509 1247 1625 1306 nostro
1646 1246 1780 1307 nomine

130 1344 202 1404 tere
227 1342 408 1411 fructuosa,
434 1344 684 1405 universitatem
698 1346 846 1407 vestram
862 1360 929 1406 mo·
981 1340 1022 1401 ab
1036 1341 1367 1412 eisdem,etannuum
1377 1357 1514 1402 censum
1522 1342 1780 1404 librarumXXV

130 1454 247 1500 nemus
259 1440 420 1501 attentius
434 1440 468 1501 et
481 1441 654 1503 hortamur
666 1441 927 1518 parapostolica
984 1439 1196 1514 Papiensium
1224 1453 1283 1515 pro
1302 1439 1462 1500 tredecim
1477 1441 1586 1511 annis,
1603 1439 1725 1516 quibus
1742 1441 1778 1502 in

129 1536 224 1597 vobis
236 1536 360 1613 scripta
371 1537 579 1609 mandantes,
597 1541 762 1615 quatenus
772 1539 814 1599 ad
824 1537 928 1600 reior·
982 1538 1054 1612 eJus
1069 1535 1233 1597 solutione
1247 1538 1432 1608 cessarunt,
1447 1537 1618 1612 exigentes
1633 1540 1666 1599 et
1688 1538 1779 1598 reci-

130 1634 309 1695 mationem
335 1634 529 1696 monasterii
556 1636 731 1697 memorati
745 1636 858 1698 taliter
870 1637 926 1696 in·
982 1633 1109 1708 pientes
1118 1633 1160 1693 ab
1169 1633 1265 1710 ipsis,
1276 1634 1480 1696 conservetis
1489 1634 1595 1711 ipsam
1602 1636 1778 1711 pecuniam

128 1729 284 1803 tendatis,
302 1731 388 1809 quod
401 1731 660 1793 sollicitudinem
675 1733 708 1793 et
719 1732 927 1809 diligentiam
982 1730 1168 1807 diligenter,
1190 1746 1362 1808 quousque
1381 1747 1481 1808 super
1506 1732 1569 1792 boc
1593 1720 1779 1808 reciperitis

129 1829 273 1889 vestram
291 1843 465 1905 possumus
480 1829 515 1889 in
526 1829 667 1890 Domino
680 1829 925 1902 commendare,
982 1827 1105 1889 nostrae
1116 1827 1559 1905 beneplacitumvoluntatis.
1577 1830 1779 1903 Cumautem

129 1927 211 1987 etex
220 1924 381 1986 hocvobis
390 1925 540 1986 cumulus
551 1930 685 1988 aeternae
695 1926 926 1988 retributionis
982 1940 1055 2001 quae
1079 1926 1312 2001 premisimus,
1334 1925 1458 1989 suerint
1476 1927 1673 2006 adimpleta,
1691 1927 1779 1988 cives

129 2023 310 2085 accrescat.
325 2025 444 2084 Datum
459 2025 626 2096 Laterani,
643 2027 702 2085 XV
715 2024 784 2086 kal.
796 2024 928 2086 decem·
981 2022 1086 2099 ipsius
1102 2022 1167 2084 ioci
1181 2023 1326 2085 reddatis
1336 2023 1376 2085 de
1386 2022 1474 2085 bona
1483 2024 1653 2085 voluntate
1667 2025 1701 2086 et
1708 2041 1780 2100 gra·

129 2117 208 2191 bris,
224 2119 434 2196 pontificatus
448 2121 555 2182 nostri
566 2137 653 2182 anno
665 2122 776 2183 tertio.
980 2120 1027 2181 tia
1043 2121 1158 2182 nostra
1171 2137 1306 2182 securos
1322 2120 1452 2197 publice
1467 2120 1704 2184 denuntiantes
1724 2137 1778 2183 eos

982 2217 1042 2278 sub
1066 2219 1204 2295 speciali
1229 2219 1427 2296 apostolicae
1453 2219 1547 2280 Sedis
1575 2219 1780 2295 protectione

467 2317 591 2403 XLIV
982 2316 1297 2391 manere,tanquam
1311 2316 1468 2377 Ecclesiae
1482 2313 1777 2385 Romanaeildeles,

981 2427 1021 2472 ac
1043 2411 1129 2472 tilios
1157 2412 1330 2489 speciales.
1351 2413 1423 2474 Dat
1449 2414 1617 2484 Laterani,
1632 2415 1692 2473 XV
1712 2410 1779 2472 kal.

182 2459 234 2517 Aa
248 2459 467 2530 mmmmm
480 2458 636 2519 abbatem
650 2457 683 2518 et
703 2460 874 2518 Vamaum
982 2508 1176 2582 decembris,
1192 2509 1309 2587 pontit.
1326 2511 1431 2572 nostri
1446 2526 1534 2572 anno
1549 2510 1659 2573 tertio.

228 2557 385 2628 umorem
404 2555 610 2616 enoltoslerii
633 2557 674 2615 de
698 2554 825 2617 Tilielo.

421 2678 454 2734 li
468 2692 533 2735 nov.
552 2678 630 2735 1218.
1330 2696 1434 2782 XLV

269 2781 387 2847 [Ghilini
398 2783 466 2833 bun.
478 2782 504 2833 di
516 2780 689 2846 blessandrim
700 2798 725 2849 p.
734 2780 787 2849 22]
1262 2841 1269 2854 ο

162 2879 370 2938 Alexandrinos
385 2881 526 2938 sententia
542 2881 847 2939 excommunicationis
864 2889 892 2938 et
1141 2840 1193 2899 Ad
1213 2852 1409 2912 eflmm‘m
1426 2839 1619 2900 Χαηῗθηθη·

387 2969 527 3028 interdicti
542 2970 672 3028 absolvit.
1238 2957 1417 3017 aenovemb.
1441 2960 1520 3017 lita.

166 3078 333 3139 Honorius
346 3078 530 3156 episcopus,
540 3095 657 3140 servus
672 3094 844 3140 servorum
854 3077 924 3149 Ilei,
997 3074 1115 3137 [aegest.,
1127 3071 1173 3123 itu.
1187 3071 1383 3136 ¹¹¹›012i2t12b
1399 3072 1455 3123 uss.
1476 3074 1513 3124 ua
1527 3073 1603 3125 Porto
1616 3074 1650 3125 ‘¹⁸¹
1665 3076 1760 3142 rheti]

128 3175 256 3238 dilectis
272 3176 429 3238 iratribus
445 3176 555 3238 abbati
569 3178 602 3237 et
616 3175 719 3253 priori
741 3175 781 3235 de
807 3174 925 3236 Tilieto
983 3178 1142 3251 thuidnm
1155 3179 1286 3236 canonici
1301 3178 1424 3238 Xantom
1453 3180 1593 3250 ecclesiae,
1610 3182 1780 3256 episcopum

127 3273 290 3351 Aquensis
305 3273 469 3344 dioecesis,
490 3273 631 3335 salutem
657 3275 690 3334 et
710 3271 924 3348 apostolicam
1016 3266 1296 3341 eontrailugonisde
1306 3268 1455 3326 beriniaco
1465 3268 1585 3341 iojnrias
1594 3269 1782 3330 defendentes

126 3370 401 3432 henedicqmnem,
978 3420 982 3429 ¹
1015 3356 1128 3430 integre
1150 3371 1266 3415 auarum
1282 3364 1436 3430 proventus
1448 3355 1666 3430 prebendarum
1684 3359 1779 3433 perci·

167 3467 268 3528 Vobis
288 3467 418 3529 dedisse
442 3465 621 3528 recolimus
644 3467 677 3527 in
693 3467 873 3539 mandatis,
890 3468 926 3528 ut
1016 3446 1105 3519 piant.

125 3564 287 3625 Alexand.
298 3564 572 3627 satisfaciendide
583 3564 720 3626 eliensis
734 3565 923 3641 praeteritis,
1020 3563 1197 3643 Honqrius,
1214 3563 1290 3637 etc,
1307 3563 1784 3641 episcopoxantonen.,sa1u-

126 3677 166 3723 ac
180 3661 288 3722 standi
306 3660 469 3722 mandatis
489 3662 624 3734 nostris,
638 3662 833 3738 reciperetis
852 3662 925 3722 vice
980 3662 1056 3733 tem,
1074 3661 1136 3722 etc.

127 3760 239 3821 nostra
246 3760 458 3836 juratoriam,
471 3760 503 3820 et
515 3760 628 3828 aliam,
640 3775 737 3836 quam
749 3758 924 3836 prudentia
1019 3761 1098 3819 Cum
1114 3757 1236 3820 subditi
1251 3757 1398 3834 praelatis
1414 3759 1483 3818 suis
1504 3760 1660 3837 tanquam
1676 3776 1784 3822 mem-

125 3859 236 3920 vestra
272 3857 430 3935 expedire
457 3858 689 3934 cognosceret,
720 3857 922 3929 cautionem,
979 3855 1073 3917 brum
1089 3856 1190 3932 capiti
1205 3856 1340 3932 obsequi
1354 3857 1540 3928 teneantur,
1554 3857 1632 3934 quia
1647 3859 1783 3934 propter

126 3972 224 4032 quam
252 3955 328 4015 inde
357 3954 452 4016 fleret
477 3954 572 4014 nobis
604 3969 664 4030 per
687 3954 816 4016 litteras
840 3954 923 4016 inti·
979 3952 1241 4030 persecutionem
1256 3951 1616 4033 nobilisviriHugonis
1633 3953 1674 4015 de
1689 3954 1782 4016 Lezi·

125 4055 265 4113 mantes.
282 4055 361 4112 Cum
374 4067 453 4126 ergo
466 4051 567 4112 iidem
580 4051 671 4113 cives
693 4052 803 4113 standi
823 4068 922 4113 man·
979 4051 1086 4120 niaco,
1104 4050 1160 4128 qui
1181 4053 1213 4111 te
1233 4049 1390 4125 gravibus
1406 4051 1575 4111 lacescens
1594 4050 1742 4128 injuriis,
1758 4068 1779 4113 a

125 4150 212 4211 datis
225 4149 347 4211 nostris
360 4136 577 4225 praestiterint
587 4149 621 4210 in
634 4149 786 4210 manibus
800 4149 923 4210 nostris
979 4149 1112 4210 civitate
1126 4149 1260 4224 propria
1291 4147 1429 4209 exulare
1451 4148 1629 4224 compellit,
1650 4149 1782 4226 aliquos

122 4246 358 4325 jnramentum,
372 4247 589 4307 nihilominus
604 4248 751 4309 castrum
766 4246 807 4308 de
818 4249 923 4308 Bosco
978 4246 1018 4306 de
1042 4245 1214 4306 canonicis
1236 4245 1318 4316 tuis,
1345 4260 1482 4306 necesse
1508 4245 1611 4306 habes
1630 4246 1666 4306 in
1685 4247 1782 4308 tuum

126 4347 261 4421 propter
286 4344 349 4405 boc
377 4343 471 4405 vobis
500 4344 625 4405 nomini
654 4345 768 4405 nostro
793 4343 923 4420 pignori
978 4343 1153 4404 consilium
1181 4342 1214 4402 et
1241 4342 1405 4402 auxilium
1427 4342 1601 4415 advocare,
1619 4344 1652 4404 et
1672 4345 1782 4406 mcum

125 4441 321 4519 obligantes,
339 4442 425 4504 sicut
437 4441 556 4503 litterae
573 4442 694 4503 vestrae
709 4441 804 4503 nobis
826 4441 925 4502 exbi—
978 4441 1123 4501 retinere
1138 4441 1290 4514 vocat0s3
1311 4442 1348 4501 ut
1361 4440 1425 4516 ipsi
1436 4440 1497 4501 tibi
1512 4440 1669 4501 libentius
1682 4440 1783 4504 obse-

124 4539 203 4601 bitae
216 4538 440 4612 continebant,
470 4555 510 4603 ac
525 4539 661 4601 dilectos
681 4538 767 4600 illios
783 4538 924 4601 Raiual-
979 4540 1133 4616 quantur,
1150 4537 1351 4599 fraternitati
1377 4540 1444 4599 tuae
1470 4538 1669 4603 auctoritate
1692 4555 1783 4616 prae-

127 4639 206 4700 dum
220 4637 639 4714 TrottumetGhisulphum
649 4635 924 4708 Acerbumuiros
979 4637 1121 4698 sentium
1147 4635 1375 4711 indulgemus,
1401 4636 1437 4697 ut
1461 4635 1620 4713 quamdiu
1647 4636 1782 4699 durabit

125 4736 241 4814 utique
252 4736 407 4813 providos
423 4737 455 4797 et
473 4734 599 4806 ildeles,
616 4734 657 4794 ad
673 4735 821 4796 nostram
836 4749 925 4809 prae-
979 4733 1168 4809 hujusmodi
1196 4732 1394 4808 persecutio,
1423 4733 1459 4793 ni
1487 4748 1570 4809 quos
1594 4733 1636 4794 ad
1658 4735 1691 4795 te
1713 4750 1778 4795 ro-

126 4834 266 4895 sentiam
281 4833 488 4895 destinarent
500 4832 541 4894 ad
559 4831 824 4894 observationem
835 4846 925 4892 man·
978 4830 1081 4898 cabis,
1098 4846 1137 4891 ac
1161 4832 1269 4891 tecum
1297 4829 1455 4901 tenueris,
1472 4830 1526 4890 vei
1548 4845 1607 4906 pro
1632 4830 1779 4906 negotiis

125 4930 299 5008 dati,qu0d
312 4928 925 5007 eisiaciendumduximusquodsolu·
979 4929 1044 4991 tuis
1060 4926 1486 4999 duxeristransmittendos,
1503 4926 1631 5004 integre
1641 4944 1781 4989 suorum

125 5030 249 5091 tionem
257 5026 924 5106 censusquemdebent,Apostolicaesedis
978 5022 1781 5103 proventuspercipiantpraebendarum,ecclesiae

125 5142 161 5187 se
185 5126 358 5188 humiliter
381 5126 560 5188 offerentes
583 5123 776 5185 discretioni
802 5125 923 5191 vestrm
978 5124 1184 5184 xanctonen.
1201 5121 1439 5182 consuetudine
1451 5136 1518 5183 non
1536 5121 1700 5184 obstante.
1712 5125 1782 5184 ba-

126 5224 544 5301 preesentiumanctoritate
554 5222 750 5282 mandamus
760 5223 923 5298 quatenus
978 5224 1048 5281 tum
1058 5219 1227 5290 Laterani,
1242 5220 1304 5279 lili
1319 5217 1480 5279 kalendas
1494 5218 1689 5294 decembris,
1703 5236 1781 5296 pon·

126 5322 345 5383 Alexandrini
376 5319 598 5400 personaliter
628 5319 836 5391 accedentes,
858 5335 923 5381 ex·
981 5316 1244 5381 titlcatusnostri
1266 5329 1354 5378 anno
1369 5316 1479 5378 tertio.
